<mjloggm ver="2.3"><GO type="169" lobby="0"/><UN n0="%4D%72%52%41%4D%4F" n1="%65%6B%61%72%75%74%65" n2="%E3%81%95%E3%81%8B%E3%81%8D" n3="%E3%81%BB%E3%83%BC%E3%82%8A%E3%83%BC" dan="16,16,16,17" rate="2137.24,2104.81,2124.93,2231.67" sx="M,M,M,M"/><TAIKYOKU oya="0"/><INIT seed="0,0,0,5,5,74" ten="250,250,250,250" oya="0" hai0="100,35,114,34,77,101,14,33,69,118,105,123,31" hai1="110,127,97,54,85,36,24,72,122,113,22,112,48" hai2="4,128,13,81,45,2,90,42,8,47,62,52,86" hai3="37,120,3,84,129,40,76,18,57,135,55,95,116"/><T19/><D114/><N who="1" m="44139" /><E122/><V59/><F128/><W41/><G3/><T132/><D123/><U92/><E72/><V0/><REACH who="2" step="1"/><F47/><REACH who="2" ten="250,250,240,250" step="2"/><W58/><G129/><T56/><D132/><U44/><E110/><V111/><F111/><W102/><G135/><T28/><D118/><U32/><E127/><V99/><F99/><W126/><G116/><T107/><D35/><U63/><E32/><V79/><F79/><W124/><G76/><T94/><D77/><U11/><E97/><V7/><F7/><W88/><G126/><T96/><D34/><U15/><E36/><AGARI ba="0,1" hai="0,2,4,8,13,36,42,45,52,59,62,81,86,90" machi="36" ten="30,3900,0" yaku="1,1,7,1,54,1,53,0" doraHai="74" doraHaiUra="65" who="2" fromWho="1" sc="250,0,250,-39,240,49,250,0" /><INIT seed="1,0,0,3,1,126" ten="250,211,289,250" oya="1" hai0="130,116,62,109,22,132,17,54,67,43,39,89,53" hai1="131,11,1,60,84,59,50,19,23,134,36,97,8" hai2="10,75,78,117,71,111,33,46,82,113,57,98,104" hai3="5,66,80,119,4,106,28,52,90,92,127,35,34"/><U120/><E120/><V133/><F71/><W47/><G106/><T105/><D116/><U40/><E36/><V3/><F33/><W124/><G119/><T29/><D105/><U73/><E73/><V102/><F117/><W27/><G34/><T114/><D114/><U13/><E134/><V74/><F113/><W94/><G66/><T108/><D132/><U31/><E131/><V37/><F133/><W107/><G107/><T51/><D29/><U88/><E97/><V95/><F57/><W65/><G65/><T81/><D39/><U20/><E1/><V93/><F75/><W135/><G80/><T70/><D43/><U118/><E118/><V77/><F77/><W56/><G47/><T45/><D54/><U63/><E11/><V103/><F103/><W121/><G92/><T21/><D130/><U100/><E100/><V69/><F69/><W86/><G121/><T48/><D48/><U32/><E32/><V0/><F111/><N who="0" m="42570" /><D17/><U83/><E31/><V41/><REACH who="2" step="1"/><F0/><REACH who="2" ten="250,211,279,250" step="2"/><W125/><REACH who="3" step="1"/><G135/><REACH who="3" ten="250,211,279,240" step="2"/><T15/><D70/><U112/><E112/><V42/><F42/><W91/><G91/><T87/><D89/><U16/><E40/><V61/><F61/><AGARI ba="0,2" hai="4,5,27,28,35,52,56,61,86,90,94,124,125,127" machi="61" ten="40,8000,1" yaku="1,1,18,1,54,1,53,1" doraHai="126" doraHaiUra="25" who="3" fromWho="2" sc="250,0,211,0,279,-80,240,100" /><INIT seed="2,0,0,2,5,20" ten="250,211,199,340" oya="2" hai0="114,56,70,41,115,68,109,15,122,54,18,40,57" hai1="88,73,74,45,11,25,91,120,111,134,98,53,14" hai2="31,86,87,1,49,94,62,89,67,0,131,133,103" hai3="37,116,63,51,3,78,13,6,48,81,30,100,71"/><V105/><F131/><W99/><G37/><T58/><D122/><U19/><E120/><V39/><F39/><W2/><G116/><T59/><D15/><U66/><E111/><V77/><F133/><W35/><G51/><T42/><D18/><U117/><E117/><V124/><F124/><W8/><G48/><T64/><D109/><U27/><E134/><V130/><F130/><W97/><G97/><T61/><REACH who="0" step="1"/><D54/><REACH who="0" ten="240,211,199,340" step="2"/><U92/><E66/><V80/><F0/><W127/><G13/><T21/><D21/><U123/><E123/><V96/><F1/><W24/><G3/><T101/><D101/><N who="1" m="60615" /><E74/><V112/><F112/><AGARI ba="0,1" hai="40,41,42,56,57,58,59,61,64,68,70,112,114,115" machi="112" ten="50,8000,1" yaku="1,1,34,3,53,0" doraHai="20" doraHaiUra="26" who="0" fromWho="2" sc="240,90,211,0,199,-80,340,0" /><INIT seed="3,0,0,3,4,15" ten="330,211,119,340" oya="3" hai0="5,1,116,54,66,29,34,77,134,88,112,9,39" hai1="82,4,68,130,28,128,22,102,26,83,84,55,113" hai2="40,20,94,103,117,44,60,122,131,127,52,46,95" hai3="53,129,72,2,19,64,85,90,12,50,115,89,75"/><W100/><G115/><T16/><D116/><U124/><E113/><V69/><F117/><W123/><G123/><T76/><D112/><U18/><E68/><V24/><F131/><N who="1" m="50217" /><E124/><V17/><F127/><W11/><G129/><T62/><D39/><U58/><E4/><V33/><F122/><W73/><G2/><T71/><D134/><U6/><E6/><V93/><F33/><W135/><G135/><T78/><D54/><U43/><E43/><V13/><F103/><W133/><G133/><T0/><D0/><U61/><E102/><V27/><F69/><W118/><G118/><T23/><D88/><N who="1" m="51223" /><E83/><V79/><F79/><W109/><G109/><T110/><D110/><U57/><E58/><N who="2" m="34887" /><F40/><W105/><G64/><T7/><D7/><U104/><E104/><V81/><F81/><W14/><G105/><T80/><D80/><U74/><E74/><V10/><F24/><W42/><G100/><T65/><D65/><U120/><E120/><V99/><F99/><W56/><G42/><T32/><REACH who="0" step="1"/><D29/><AGARI ba="0,0" hai="18,22,26,28,29,55,57,61" m="51223,50217" machi="29" ten="30,3900,0" yaku="19,1,52,1,54,1" doraHai="15" who="1" fromWho="0" sc="330,-39,211,39,119,0,340,0" /><AGARI ba="0,0" hai="10,13,17,20,27,29,44,46,93,94,95" m="34887" machi="29" ten="30,3900,0" yaku="8,1,52,1,54,1" doraHai="15" who="2" fromWho="0" sc="291,-39,250,0,119,39,340,0" /><INIT seed="4,0,0,5,4,84" ten="252,250,158,340" oya="0" hai0="1,18,24,85,75,81,40,103,11,128,71,100,82" hai1="70,51,77,10,32,76,132,23,99,123,5,68,111" hai2="54,35,90,112,122,95,106,42,67,113,59,92,124" hai3="2,135,61,115,52,73,33,47,126,25,110,62,65"/><T130/><D71/><U27/><E123/><V31/><F122/><W39/><G110/><T102/><D40/><U91/><E111/><V87/><F106/><W55/><G73/><T22/><D75/><U6/><E32/><V37/><F124/><W107/><G107/><T89/><REACH who="0" step="1"/><D82/><REACH who="0" ten="242,250,158,340" step="2"/><U64/><E70/><V121/><F121/><W13/><G126/><T109/><D109/><U120/><E68/><V133/><F42/><W56/><G115/><T83/><D83/><U94/><E120/><V36/><F113/><W117/><G117/><T101/><N who="0" m="25600" /><DORA hai="26" /><T44/><D44/><U14/><E132/><V17/><F133/><W28/><G47/><T38/><D38/><U43/><E64/><V9/><F67/><W72/><G72/><T41/><D41/><U8/><E51/><V16/><F112/><W79/><G39/><T98/><D98/><U48/><E48/><V96/><F37/><W58/><G135/><T74/><D74/><U78/><E43/><V88/><F36/><W49/><G49/><T12/><D12/><N who="1" m="5135" /><E78/><V66/><F66/><W125/><G79/><T105/><D105/><U108/><E108/><V29/><F96/><W116/><G125/><T114/><D114/><U63/><E63/><V127/><F127/><W20/><G116/><T104/><D104/><U45/><E45/><V134/><F134/><W4/><G65/><T15/><D15/><U119/><E119/><V69/><F69/><W129/><G13/><T131/><D131/><U80/><E80/><V118/><F118/><W21/><G129/><T60/><D60/><U7/><E7/><AGARI ba="0,1" hai="1,7,11,18,22,24,81,85,89,128,130" m="25600" machi="7" ten="50,12000,1" yaku="1,1,6,1,52,1,53,1" doraHai="84,26" doraHaiUra="50,34" who="0" fromWho="1" sc="242,130,250,-120,158,0,340,0" /><INIT seed="4,1,0,1,0,16" ten="372,130,158,340" oya="0" hai0="46,24,5,20,124,52,33,57,62,49,122,65,74" hai1="25,0,29,68,15,101,32,38,109,73,92,105,89" hai2="91,21,45,39,54,81,103,69,80,76,37,12,114" hai3="93,60,128,85,42,111,84,9,30,82,43,83,96"/><T135/><D124/><U50/><E109/><V6/><F69/><W119/><G111/><T31/><D135/><U130/><E130/><V133/><F133/><W34/><G119/><T59/><D122/><U35/><E38/><V3/><F114/><W14/><G128/><T23/><D74/><U61/><E0/><V126/><F126/><W94/><G34/><T58/><D5/><U134/><E134/><V56/><F103/><W18/><G30/><T118/><REACH who="0" step="1"/><D118/><REACH who="0" ten="362,130,158,340" step="2"/><U121/><E73/><V70/><F6/><W53/><G82/><T13/><D13/><U104/><E15/><V120/><F120/><W78/><G84/><T48/><D48/><U51/><E51/><V7/><F12/><W26/><G26/><T108/><D108/><U71/><E50/><V131/><F131/><W88/><G93/><T100/><D100/><U41/><E101/><V117/><F81/><W110/><G110/><T28/><D28/><U90/><E121/><V10/><F117/><W64/><REACH who="3" step="1"/><G53/><REACH who="3" ten="362,130,158,330" step="2"/><T129/><D129/><U77/><E92/><V1/><F80/><W87/><G87/><T112/><D112/><U123/><E123/><V36/><F54/><W47/><G47/><T8/><D8/><U22/><E29/><V86/><F45/><W75/><G75/><T98/><D98/><U67/><E25/><V11/><F11/><W132/><G132/><T127/><D127/><U55/><E55/><V72/><F72/><W4/><G4/><T115/><D115/><U113/><E113/><V99/><F7/><W116/><G116/><T106/><D106/><U2/><E105/><RYUUKYOKU ba="1,2" sc="362,15,130,-15,158,-15,330,15" hai0="20,23,24,31,33,46,49,52,57,58,59,62,65" hai3="9,14,18,42,43,60,64,78,83,85,88,94,96" /><INIT seed="4,2,2,2,5,18" ten="377,115,143,345" oya="0" hai0="25,4,88,64,38,106,109,115,101,54,33,21,125" hai1="96,46,85,132,27,135,121,97,71,24,2,53,67" hai2="119,93,14,127,34,36,78,56,9,66,44,59,39" hai3="16,41,40,69,99,118,113,13,94,108,23,82,103"/><T105/><D38/><U70/><E121/><V55/><F34/><W11/><G108/><T134/><D109/><U104/><E2/><V49/><F127/><W31/><G118/><T83/><D33/><U8/><E8/><V74/><F119/><W90/><G69/><N who="1" m="26122" /><E67/><V6/><F93/><W124/><G124/><T87/><D125/><U117/><E85/><V7/><F7/><W89/><G113/><T79/><D64/><U133/><E117/><V10/><F10/><W120/><G120/><T98/><D115/><U37/><E53/><V112/><F112/><W92/><G82/><T80/><D134/><U126/><E126/><V52/><F66/><W100/><G31/><T107/><D54/><U1/><E1/><V95/><F95/><W45/><G11/><T65/><D4/><U61/><E61/><V15/><F15/><W77/><G77/><T86/><REACH who="0" step="1"/><D65/><REACH who="0" ten="367,115,143,345" step="2"/><U26/><E104/><V128/><F128/><W122/><G122/><T116/><D116/><U62/><E62/><V28/><F39/><W5/><G5/><T130/><D130/><U35/><E35/><V72/><F36/><W30/><G30/><AGARI ba="2,3" hai="21,25,30,79,80,83,86,87,88,98,101,105,106,107" machi="30" ten="30,11600,0" yaku="1,1,7,1,52,1,54,1,53,0" doraHai="18" doraHaiUra="68" who="0" fromWho="3" sc="367,152,115,0,143,0,345,-122" /><INIT seed="4,3,0,5,4,118" ten="519,115,143,223" oya="0" hai0="51,21,130,27,5,26,94,79,30,4,12,43,85" hai1="32,75,103,24,8,64,58,132,62,37,126,69,63" hai2="6,82,112,100,127,48,119,1,7,105,122,133,45" hai3="108,72,123,53,111,120,36,52,56,17,55,90,91"/><T22/><D130/><U86/><E75/><V40/><F119/><W25/><G72/><T68/><D68/><U106/><E37/><V121/><F112/><W3/><G3/><T20/><D12/><U44/><E126/><V31/><F127/><W102/><G36/><T117/><D117/><U19/><E132/><V29/><F133/><W74/><G74/><T9/><D9/><U23/><E44/><V98/><F82/><W109/><G102/><T115/><D115/><U116/><E116/><V35/><F35/><W101/><G101/><T88/><D79/><U97/><E32/><V11/><REACH who="2" step="1"/><F6/><REACH who="2" ten="519,115,133,223" step="2"/><W73/><G73/><T15/><D5/><U70/><E63/><V42/><F42/><W14/><G25/><T107/><D4/><U67/><E67/><V59/><F59/><W95/><G56/><T33/><D27/><U81/><REACH who="1" step="1"/><E8/><REACH who="1" ten="519,105,133,223" step="2"/><V113/><F113/><W61/><G61/><T89/><D43/><U13/><E13/><V104/><F104/><W124/><G124/><T28/><D107/><U47/><E47/><V114/><F114/><W71/><G14/><T46/><D15/><U80/><E80/><V41/><F41/><W65/><G65/><T18/><D33/><U38/><E38/><V78/><F78/><AGARI ba="3,2" hai="19,23,24,58,62,64,69,70,78,81,86,97,103,106" machi="78" ten="30,2000,0" yaku="1,1,7,1,53,0" doraHai="118" doraHaiUra="87" who="1" fromWho="2" sc="519,0,105,49,133,-29,223,0" /><INIT seed="5,0,0,0,1,86" ten="519,154,104,223" oya="1" hai0="127,22,60,96,130,20,55,117,79,32,26,118,126" hai1="3,94,52,98,74,102,112,7,53,80,29,110,35" hai2="128,27,54,4,82,97,18,51,2,71,90,83,45" hai3="1,125,106,119,43,113,70,50,39,36,28,44,133"/><U124/><E112/><V92/><F71/><W47/><G28/><T31/><D79/><U19/><E102/><V48/><F128/><W24/><G24/><T115/><D130/><U58/><E124/><N who="0" m="47657" /><D96/><U6/><E110/><V56/><F2/><W11/><G11/><T57/><D115/><U34/><E19/><V66/><F4/><W67/><G1/><T75/><D75/><U15/><E3/><V114/><F114/><W100/><G100/><T12/><D12/><U87/><E74/><V61/><REACH who="2" step="1"/><F51/><REACH who="2" ten="519,154,94,223" step="2"/><W21/><G50/><T65/><D65/><U123/><E7/><V23/><AGARI ba="0,1" hai="18,23,27,45,48,54,56,61,66,82,83,90,92,97" machi="23" ten="30,8000,1" yaku="1,1,2,1,0,1,8,1,52,1,53,0" doraHai="86" doraHaiUra="72" who="2" fromWho="2" sc="519,-20,154,-40,94,90,223,-20" /><INIT seed="6,0,0,1,0,59" ten="499,114,184,203" oya="2" hai0="76,124,41,47,25,66,9,26,106,86,96,39,15" hai1="85,5,31,74,102,93,128,10,64,81,51,30,70" hai2="0,12,110,99,54,14,77,40,45,55,92,69,109" hai3="111,89,133,38,2,21,37,113,72,6,48,49,80"/><V97/><F0/><W8/><G111/><N who="2" m="42505" /><F69/><W19/><G133/><T79/><D124/><U101/><E128/><V13/><F77/><W3/><G3/><T18/><D66/><U24/><E74/><V53/><F92/><W94/><G113/><T57/><D57/><U58/><E70/><V123/><F123/><W67/><G67/><T43/><D43/><U103/><E93/><V95/><F95/><W127/><G127/><T23/><D86/><U88/><E24/><V134/><F134/><W7/><G7/><T1/><D1/><U11/><E11/><V114/><F114/><W108/><G108/><T90/><D26/><U82/><E82/><V121/><F121/><W68/><G68/><T27/><D25/><U131/><E131/><V98/><F40/><W130/><G130/><T33/><D33/><U71/><E71/><V56/><F56/><W119/><G80/><T42/><D42/><U60/><REACH who="1" step="1"/><E51/><AGARI ba="0,0" hai="12,13,14,45,51,53,54,55,97,98,99" m="42505" machi="51" ten="40,2000,0" yaku="10,1" doraHai="59" who="2" fromWho="1" sc="499,0,114,-20,184,20,203,0" /><INIT seed="6,1,0,4,1,67" ten="499,94,204,203" oya="2" hai0="90,76,23,135,19,49,132,85,6,123,25,36,27" hai1="95,134,52,47,79,40,69,45,118,60,87,130,98" hai2="35,113,100,109,8,101,7,38,108,34,93,66,68" hai3="96,71,11,125,50,70,102,43,41,103,88,16,97"/><V62/><F113/><W131/><G125/><T54/><D36/><U1/><E118/><V73/><F73/><W9/><G50/><T2/><D76/><U105/><E1/><V91/><F38/><W26/><G26/><T99/><D99/><U124/><E124/><V63/><F63/><W92/><G131/><T31/><D123/><U59/><E130/><V127/><F127/><W128/><G128/><T122/><D122/><U18/><E134/><N who="0" m="51241" /><D6/><U133/><E133/><V120/><F120/><W81/><G81/><N who="0" m="49455" /><D2/><U94/><E105/><V24/><F101/><W51/><G51/><T64/><D64/><U82/><E69/><V115/><F100/><W119/><G119/><T77/><D77/><U106/><E106/><V32/><F115/><W46/><G46/><N who="0" m="27959" /><D27/><U17/><E94/><V112/><F24/><W5/><G5/><T58/><D58/><U86/><E86/><V3/><REACH who="2" step="1"/><F112/><REACH who="2" ten="499,94,194,203" step="2"/><W29/><G102/><T44/><D44/><N who="1" m="16971" /><E40/><V22/><F22/><W37/><G43/><T0/><D0/><U74/><E74/><V53/><F53/><W114/><G41/><T116/><D116/><U21/><E21/><V20/><F20/><W129/><G114/><T28/><AGARI ba="1,1" hai="19,23,25,28,31" m="27959,49455,51241" machi="28" ten="30,1100,0" yaku="20,1" doraHai="67" who="0" fromWho="0" sc="499,24,94,-4,194,-6,203,-4" /><INIT seed="7,0,0,0,5,124" ten="523,90,188,199" oya="3" hai0="80,55,115,126,111,78,30,112,91,58,11,107,19" hai1="104,118,43,8,9,7,25,69,121,51,29,37,132" hai2="62,83,52,28,34,20,77,72,38,81,2,98,35" hai3="13,120,105,44,18,27,96,125,86,116,57,100,82"/><W16/><G125/><T67/><D126/><U49/><E132/><V1/><F38/><W61/><G116/><T36/><D111/><U15/><E121/><V95/><F1/><W114/><G114/><T97/><D36/><U75/><E118/><V66/><F2/><W103/><G120/><T84/><D67/><U131/><E69/><V130/><F130/><W94/><G105/><T64/><D64/><U90/><E104/><V68/><F83/><W46/><G27/><T17/><D30/><U133/><E133/><V23/><F52/><N who="3" m="33959" /><G103/><N who="0" m="62959" /><D11/><U87/><E75/><V32/><REACH who="2" step="1"/><F28/><REACH who="2" ten="523,90,178,199" step="2"/><W42/><G42/><T128/><D128/><U119/><E119/><V71/><F71/><W60/><G60/><N who="0" m="35935" /><D78/><U22/><E131/><V74/><F74/><W113/><G113/><AGARI ba="0,1" hai="17,19,80,84,91,112,113,115" m="35935,62959" machi="113" ten="30,2000,0" yaku="15,1,11,1" doraHai="124" who="0" fromWho="3" sc="523,30,90,0,178,0,199,-20" owari="553,65.3,90,-41.0,178,-22.2,179,-2.1" /></mjloggm>