<mjloggm ver="2.3"><GO type="169" lobby="0"/><UN n0="%72%65%62%65%65%72" n1="%E8%80%81%E6%A5%BD" n2="%E3%83%95%E3%83%AB%E3%82%BC%E3%83%B3%E3%83%84%E3%81%8F%E3%82%93" n3="%E6%9C%89%E6%96%90%E3%81%AE%E6%98%9F" dan="16,18,16,16" rate="2158.28,2261.08,2192.05,2101.09" sx="M,M,F,M"/><TAIKYOKU oya="0"/><INIT seed="0,0,0,1,3,18" ten="250,250,250,250" oya="0" hai0="58,92,123,80,91,0,62,89,61,43,102,93,19" hai1="67,70,44,125,97,45,98,86,56,121,9,110,81" hai2="33,77,69,105,46,115,51,78,15,106,12,63,52" hai3="14,133,17,95,113,2,7,129,16,42,132,99,104"/><T79/><D0/><U130/><E70/><V65/><F115/><W122/><G104/><T37/><D123/><U41/><E121/><V88/><F33/><W107/><G107/><T135/><D135/><U35/><E35/><V23/><F105/><W74/><G74/><T83/><D102/><U87/><E110/><V31/><F106/><W90/><G122/><T38/><D19/><U66/><E125/><V103/><F103/><W116/><G116/><T24/><D24/><U59/><E9/><V112/><F112/><W117/><G117/><T11/><D11/><U25/><E25/><V60/><F60/><W101/><G2/><T73/><D43/><U10/><E10/><V114/><F114/><W124/><G7/><T49/><D49/><U29/><E41/><V50/><F50/><W36/><G129/><T134/><D134/><U28/><REACH who="1" step="1"/><E81/><REACH who="1" ten="250,240,250,250" step="2"/><V8/><F8/><W53/><G124/><T94/><D83/><U82/><E82/><V96/><F69/><W30/><G113/><T26/><D26/><U3/><E3/><V34/><F34/><W32/><G32/><T127/><D127/><U40/><E40/><V22/><F22/><W126/><G42/><T118/><D118/><U64/><E64/><V71/><F12/><W85/><G14/><T55/><REACH who="0" step="1"/><D62/><REACH who="0" ten="240,240,250,250" step="2"/><U47/><E47/><V4/><F46/><W27/><G126/><T128/><D128/><AGARI ba="0,2" hai="28,29,44,45,56,59,66,67,86,87,97,98,128,130" machi="128" ten="25,3200,0" yaku="1,1,22,2,53,0" doraHai="18" doraHaiUra="131" who="1" fromWho="0" sc="240,-32,240,52,250,0,250,0" /><INIT seed="1,0,0,0,1,104" ten="208,292,250,250" oya="1" hai0="61,75,110,79,77,37,56,80,45,124,74,90,5" hai1="70,6,127,39,24,7,117,46,49,8,12,91,26" hai2="17,36,34,43,112,72,83,27,13,108,40,32,81" hai3="126,59,19,121,100,103,84,114,99,16,109,1,31"/><U105/><E117/><V71/><F108/><W113/><G121/><T51/><D110/><U89/><E39/><V52/><F112/><W115/><G109/><T60/><D124/><U10/><E105/><V132/><F132/><W119/><G126/><T29/><D37/><U92/><E70/><V97/><F71/><W48/><G119/><T102/><D102/><U111/><E111/><V14/><F97/><W63/><G1/><T41/><D5/><U55/><E91/><V107/><F107/><W122/><G122/><T95/><D29/><U67/><E67/><V133/><F133/><W128/><G128/><T116/><D116/><U42/><E42/><V69/><F69/><W11/><G31/><T35/><D35/><U66/><E66/><V131/><F36/><W2/><G48/><T0/><D0/><U134/><E134/><V129/><F17/><W106/><G100/><T101/><D101/><U28/><E28/><V54/><F27/><W20/><G84/><T78/><D80/><U82/><E82/><V125/><F125/><W58/><G63/><T33/><D33/><U94/><E94/><V120/><REACH who="2" step="1"/><F72/><REACH who="2" ten="208,292,240,250" step="2"/><W85/><G19/><T93/><D74/><U64/><E127/><V118/><F118/><W18/><G18/><T76/><D75/><U44/><E24/><V3/><F3/><W50/><G85/><T135/><D135/><U65/><E26/><V25/><F25/><N who="3" m="14471" /><G2/><T9/><D9/><U4/><E10/><V38/><F38/><W68/><G11/><T73/><D73/><U96/><E44/><V98/><F98/><W57/><G68/><RYUUKYOKU ba="0,1" sc="208,-30,292,10,240,10,250,10" hai1="4,6,7,8,12,46,49,55,64,65,89,92,96" hai2="13,14,32,34,40,43,52,54,81,83,120,129,131" hai3="50,57,58,59,99,103,106,113,114,115" /><INIT seed="1,1,1,3,0,61" ten="178,302,250,260" oya="1" hai0="119,35,89,106,9,66,79,53,72,111,114,10,108" hai1="83,7,103,1,12,39,126,19,36,33,54,86,122" hai2="90,78,29,110,56,42,69,82,40,43,38,133,134" hai3="17,41,44,76,49,129,32,57,99,115,81,73,132"/><U51/><E122/><V96/><F69/><W65/><G115/><T25/><D114/><U50/><E33/><V97/><F110/><N who="0" m="42026" /><D119/><U87/><E126/><V11/><F38/><W46/><G129/><T24/><D106/><U91/><E103/><V14/><F29/><W117/><G132/><N who="2" m="50793" /><F56/><W80/><G32/><T100/><D100/><U23/><E50/><V71/><F71/><W127/><G127/><T125/><D125/><U6/><E1/><V16/><F90/><W45/><G117/><T118/><D89/><U75/><E75/><AGARI ba="1,1" hai="11,14,16,40,42,43,75,78,82,96,97" m="50793" machi="75" ten="30,2000,0" yaku="20,1,54,1" doraHai="61" who="2" fromWho="1" sc="178,0,302,-23,250,33,260,0" /><INIT seed="2,0,0,1,0,86" ten="178,279,283,260" oya="2" hai0="37,29,81,17,19,91,121,80,35,58,16,105,8" hai1="85,2,57,107,31,5,4,131,128,24,55,102,21" hai2="126,108,67,120,96,68,22,13,75,43,32,118,40" hai3="101,42,1,7,114,122,64,9,36,92,103,56,28"/><V46/><F118/><W104/><G122/><T34/><D121/><U39/><E39/><V112/><F112/><W54/><G114/><T3/><D105/><U89/><E102/><V60/><F120/><W119/><G119/><T83/><D37/><U90/><E107/><V123/><F123/><W69/><G104/><T84/><D58/><U50/><E85/><V11/><F32/><W25/><G64/><T66/><D66/><U129/><E2/><V30/><F75/><W63/><G69/><T97/><D97/><U23/><E23/><V132/><F132/><W45/><REACH who="3" step="1"/><G92/><REACH who="3" ten="178,279,283,250" step="2"/><T59/><D59/><U48/><E48/><V109/><F68/><W135/><G135/><T93/><REACH who="0" step="1"/><D29/><REACH who="0" ten="168,279,283,250" step="2"/><U127/><E127/><V98/><F30/><W88/><G88/><AGARI ba="0,2" hai="4,5,21,24,31,50,55,57,88,89,90,128,129,131" machi="88" ten="40,8000,1" yaku="19,1,52,3,54,1" doraHai="86" who="1" fromWho="3" sc="168,0,279,100,283,0,250,-80" /><INIT seed="3,0,0,5,5,42" ten="168,379,283,170" oya="3" hai0="43,33,23,109,38,87,79,24,16,125,53,104,80" hai1="98,12,54,83,91,92,31,17,18,90,11,52,21" hai2="97,4,48,36,32,27,122,51,34,103,50,44,124" hai3="126,118,65,77,101,108,39,13,45,5,64,26,7"/><W69/><G118/><T60/><D109/><U57/><E31/><V94/><F124/><W111/><G126/><T85/><D125/><U106/><E106/><V95/><F122/><W128/><G128/><T61/><D104/><U73/><E73/><V119/><F119/><W14/><G77/><T116/><D116/><U129/><E129/><V78/><F78/><W76/><G76/><T68/><D68/><U131/><E131/><V120/><F120/><W81/><G101/><T133/><D133/><U62/><E83/><V110/><F110/><N who="3" m="42027" /><G81/><T58/><D33/><U70/><E70/><V89/><F4/><N who="3" m="1611" /><G26/><T99/><D99/><U114/><E114/><V59/><F27/><W72/><G72/><T100/><D100/><U66/><E90/><V127/><F127/><W15/><G69/><T46/><REACH who="0" step="1"/><D87/><REACH who="0" ten="158,379,283,170" step="2"/><U67/><REACH who="1" step="1"/><E67/><REACH who="1" ten="158,369,283,170" step="2"/><N who="3" m="25674" /><G39/><T135/><D135/><U19/><E19/><V2/><F36/><W63/><G63/><AGARI ba="0,2" hai="16,23,24,38,43,46,53,58,60,61,63,79,80,85" machi="63" ten="30,7700,0" yaku="1,1,7,1,52,1,54,1,53,0" doraHai="42" doraHaiUra="10" who="0" fromWho="3" sc="158,97,369,0,283,0,170,-77" /><INIT seed="4,0,0,3,0,30" ten="255,369,283,93" oya="0" hai0="83,25,21,100,18,101,57,27,73,59,123,67,8" hai1="130,87,31,28,7,41,82,115,62,93,92,33,23" hai2="51,71,120,131,39,95,116,81,40,114,129,84,46" hai3="86,132,58,37,134,91,9,48,19,109,42,117,61"/><T113/><D113/><U4/><E33/><V49/><F120/><W55/><G109/><T77/><D123/><U72/><E72/><V89/><F114/><W6/><G117/><T104/><D104/><U26/><E31/><V79/><F71/><W53/><G37/><T124/><D124/><U65/><E41/><V56/><F116/><W64/><G42/><T126/><D126/><U118/><E130/><N who="2" m="49675" /><F56/><W133/><G19/><T80/><D27/><U20/><E20/><V121/><F121/><W102/><G102/><T70/><D8/><U125/><E115/><V108/><F108/><W2/><REACH who="3" step="1"/><G48/><REACH who="3" ten="255,369,283,83" step="2"/><T14/><D101/><U3/><E118/><V127/><F127/><W44/><G44/><T50/><D100/><U88/><E125/><V75/><AGARI ba="0,1" hai="39,40,46,49,51,75,79,81,84,89,95" m="49675" machi="75" ten="30,1100,0" yaku="19,1" doraHai="30" who="2" fromWho="2" sc="255,-5,369,-3,283,21,83,-3" /><INIT seed="5,0,0,4,0,27" ten="250,366,304,80" oya="1" hai0="15,124,125,28,105,34,78,47,100,26,61,37,36" hai1="13,98,103,128,69,55,127,62,121,18,67,6,96" hai2="112,107,11,54,90,83,53,75,52,114,120,41,72" hai3="31,135,2,44,48,49,57,93,82,134,84,51,88"/><U133/><E121/><V68/><F120/><W77/><G2/><T50/><D78/><U101/><E127/><N who="0" m="48713" /><D15/><U111/><E6/><V59/><F68/><W20/><G57/><T118/><D118/><U42/><E42/><V58/><F107/><W40/><G135/><T17/><D17/><U7/><E7/><V87/><F41/><W3/><G3/><T104/><D61/><U56/><E128/><V113/><F11/><W25/><REACH who="3" step="1"/><G134/><REACH who="3" ten="250,366,304,70" step="2"/><T10/><D105/><U91/><E133/><V79/><REACH who="2" step="1"/><F75/><AGARI ba="0,1" hai="20,25,31,40,44,48,49,51,75,77,82,84,88,93" machi="75" ten="30,8000,1" yaku="1,1,2,1,7,1,52,1,54,1,53,0" doraHai="27" doraHaiUra="35" who="3" fromWho="2" sc="250,0,366,0,304,-80,70,90" /><INIT seed="6,0,0,3,2,99" ten="250,366,224,160" oya="2" hai0="69,134,131,41,58,71,98,127,93,72,54,14,34" hai1="116,104,26,135,13,67,17,42,66,55,25,38,105" hai2="57,80,5,18,77,27,132,39,11,130,110,24,84" hai3="70,125,111,29,1,92,85,78,12,75,120,16,119"/><V33/><F39/><W43/><G119/><T63/><D72/><U96/><E55/><V22/><F130/><W61/><G120/><T32/><D131/><U59/><E59/><V101/><F132/><W95/><G111/><T19/><D134/><U114/><E13/><V7/><F110/><W23/><G125/><T20/><D127/><U37/><E17/><V83/><F5/><W94/><G1/><T88/><REACH who="0" step="1"/><D41/><REACH who="0" ten="240,366,224,160" step="2"/><U8/><E42/><V50/><F27/><W122/><G122/><T52/><D52/><U74/><E74/><V106/><F24/><W40/><G75/><T51/><D51/><U46/><E26/><V90/><F50/><W10/><G70/><AGARI ba="0,1" hai="14,19,20,32,34,54,58,63,69,70,71,88,93,98" machi="70" ten="40,2600,0" yaku="1,1,54,1,53,0" doraHai="99" doraHaiUra="100" who="0" fromWho="3" sc="240,36,366,0,224,0,160,-26" /><INIT seed="7,0,0,1,5,118" ten="276,366,224,134" oya="3" hai0="30,0,128,120,107,123,40,113,87,61,44,92,13" hai1="83,1,10,116,9,15,4,2,14,38,50,43,41" hai2="97,31,77,133,57,63,27,132,68,58,39,112,35" hai3="103,18,24,12,56,111,65,127,64,6,19,53,90"/><W33/><G111/><T117/><D117/><U100/><E38/><V48/><F39/><W121/><G127/><T62/><D0/><U5/><E116/><V81/><F112/><W29/><G103/><T3/><D3/><U51/><E83/><V114/><F114/><W99/><G6/><T60/><D107/><U16/><E16/><V105/><F48/><W26/><G121/><T85/><D113/><U11/><E11/><V8/><F8/><W80/><G26/><T108/><D108/><U109/><E100/><N who="2" m="62607" /><F63/><W59/><G19/><T17/><D30/><U49/><E49/><V88/><F88/><W95/><G80/><T106/><D106/><U72/><E72/><N who="2" m="43175" /><F68/><W101/><G90/><T125/><D125/><U70/><E70/><V74/><F74/><W34/><G34/><T98/><D87/><U89/><E89/><V115/><F115/><W122/><G122/><T126/><D85/><U82/><E82/><V71/><F71/><W124/><G124/><T37/><D126/><U110/><AGARI ba="0,0" hai="1,2,4,5,9,10,14,15,41,43,50,51,109,110" machi="110" ten="25,3200,0" yaku="0,1,22,2" doraHai="118" who="1" fromWho="1" sc="276,-8,366,32,224,-8,134,-16" owari="268,6.8,398,49.8,216,-18.4,118,-38.2" /></mjloggm>