<mjloggm ver="2.3"><GO type="169" lobby="0"/><UN n0="%E5%A7%AB%E7%95%99" n1="%E3%82%A4%E3%82%AB%E3%81%AB%E3%82%82%E6%9D%B1%E5%8C%97" n2="%41%6C%6C%2D%4C%75%63%6B" n3="%E8%99%9A%E6%B7%B5%E7%8E%84" dan="16,16,16,17" rate="2133.31,2163.26,2122.69,2201.55" sx="M,M,M,F"/><TAIKYOKU oya="0"/><INIT seed="0,0,0,5,5,87" ten="250,250,250,250" oya="0" hai0="60,107,130,92,91,52,89,57,38,112,76,122,62" hai1="46,106,1,117,34,63,0,32,33,123,135,94,118" hai2="128,41,100,25,8,104,19,56,22,113,27,99,37" hai3="43,29,75,65,108,90,5,103,69,132,54,49,47"/><T78/><D112/><U48/><E123/><V85/><F128/><W9/><G75/><T10/><D122/><U86/><E106/><V105/><F105/><W125/><G108/><T2/><D107/><U81/><E135/><V79/><F8/><W96/><G125/><T119/><D119/><U64/><E94/><V126/><F126/><W83/><G29/><T68/><D38/><U21/><E21/><V101/><F101/><W61/><G132/><T72/><D72/><U129/><E129/><V77/><F113/><W116/><G116/><T31/><D130/><U4/><E4/><V12/><F56/><W109/><G109/><T36/><D36/><U70/><E118/><V71/><F71/><W42/><G103/><T16/><D31/><U51/><E51/><V127/><F127/><W97/><G97/><T17/><D68/><U124/><E124/><V93/><F77/><N who="0" m="29802" /><D2/><U67/><E67/><V84/><F104/><W50/><G50/><N who="0" m="30871" /><D10/><U111/><E111/><V14/><F37/><W6/><G6/><T18/><D89/><U20/><E20/><N who="2" m="13471" /><F79/><W39/><G39/><T53/><D53/><U131/><E131/><V102/><F41/><W110/><G110/><T26/><D26/><U121/><E121/><V11/><F102/><W88/><G96/><AGARI ba="0,0" hai="16,17,18,60,62,91,92,96" m="30871,29802" machi="96" ten="30,11600,0" yaku="8,1,52,1,54,2" doraHai="87" who="0" fromWho="3" sc="250,116,250,0,250,0,250,-116" /><INIT seed="0,1,0,5,2,129" ten="366,250,250,134" oya="0" hai0="57,18,35,10,122,13,61,72,82,104,131,27,108" hai1="32,89,106,123,21,41,101,76,40,50,25,73,77" hai2="124,110,92,107,51,75,63,121,71,119,8,65,84" hai3="46,91,109,22,69,44,1,42,135,39,38,31,111"/><T11/><D122/><U125/><E123/><V113/><F107/><W43/><G1/><T100/><D131/><U45/><E32/><V116/><F75/><W47/><G91/><T9/><D104/><U34/><E34/><V96/><F110/><N who="3" m="41995" /><G22/><T4/><D100/><U85/><E125/><V126/><F113/><W19/><G19/><T68/><D68/><U58/><E73/><V127/><F84/><W14/><G14/><T20/><D108/><U67/><E41/><N who="3" m="15370" /><G135/><T17/><D35/><U115/><E106/><V23/><F121/><W33/><G31/><T78/><REACH who="0" step="1"/><D18/><REACH who="0" ten="356,250,250,134" step="2"/><U15/><E101/><V97/><F124/><W86/><G33/><T66/><AGARI ba="1,1" hai="4,9,10,11,13,17,20,27,57,61,66,72,78,82" machi="66" ten="20,12000,1" yaku="1,1,2,1,0,1,7,1,53,1" doraHai="129" doraHaiUra="55" who="0" fromWho="0" sc="356,133,250,-41,250,-41,134,-41" /><INIT seed="0,2,0,4,4,129" ten="489,209,209,93" oya="0" hai0="122,117,66,41,94,76,16,86,113,3,17,52,89" hai1="78,2,103,5,74,87,114,29,60,45,54,35,102" hai2="69,19,125,98,18,40,124,118,33,61,112,116,12" hai3="92,64,24,39,82,65,0,44,80,10,77,43,79"/><T90/><D113/><U106/><E74/><V132/><F40/><W73/><G92/><T56/><D117/><N who="2" m="45162" /><F112/><W96/><G96/><N who="0" m="57423" /><D122/><U70/><E2/><V4/><F98/><W48/><G24/><T127/><D3/><U15/><E106/><V130/><F130/><W135/><G48/><T63/><D127/><N who="2" m="48714" /><F33/><W23/><G23/><T120/><D120/><U72/><E72/><V9/><F69/><W75/><REACH who="3" step="1"/><G135/><REACH who="3" ten="489,209,209,83" step="2"/><T121/><D121/><U25/><E114/><V123/><F123/><W133/><G133/><T91/><D41/><U99/><E99/><V32/><F132/><W55/><G55/><T100/><D100/><U115/><E103/><V95/><F95/><W50/><G50/><T104/><D104/><U49/><E102/><V11/><F32/><W128/><G128/><T38/><D38/><U131/><E131/><V53/><F53/><W59/><G59/><T46/><D52/><U58/><E115/><V126/><F126/><W88/><G88/><N who="0" m="33835" /><D46/><U13/><E45/><V62/><F62/><W81/><G81/><AGARI ba="2,1" hai="16,17,56,63,66,76,81,86" m="33835,57423" machi="81" ten="30,5800,0" yaku="8,1,54,2" doraHai="129" who="0" fromWho="3" sc="489,74,209,0,209,0,83,-64" /><INIT seed="0,3,0,5,4,81" ten="563,209,209,19" oya="0" hai0="78,126,62,32,132,104,108,92,135,122,69,102,33" hai1="117,84,80,83,96,38,25,39,36,34,11,82,88" hai2="18,79,101,107,98,45,31,114,87,67,16,42,106" hai3="9,59,95,50,77,46,65,133,91,131,72,41,54"/><T8/><D122/><U27/><E117/><V17/><F114/><W40/><G133/><N who="0" m="51275" /><D104/><U58/><E96/><V94/><F31/><W109/><G109/><T119/><D119/><U5/><E58/><V125/><F125/><W70/><G131/><T13/><D108/><U124/><E124/><V56/><F67/><W76/><G72/><T23/><D23/><U93/><REACH who="1" step="1"/><E34/><REACH who="1" ten="563,199,209,19" step="2"/><V14/><F56/><W112/><G112/><T30/><D126/><U103/><E103/><V99/><F99/><W1/><G40/><T111/><D32/><U115/><E115/><V10/><F107/><W64/><G64/><T21/><D33/><U129/><E129/><V15/><F106/><W47/><G65/><T116/><D102/><U68/><E68/><V48/><F14/><AGARI ba="3,1" hai="5,11,14,25,27,36,38,39,80,82,83,84,88,93" machi="14" ten="50,6400,0" yaku="1,1,52,1,54,1,53,0" doraHai="81" doraHaiUra="73" who="1" fromWho="2" sc="563,0,199,83,209,-73,19,0" /><INIT seed="1,0,0,3,4,86" ten="563,282,136,19" oya="1" hai0="75,59,87,15,28,37,100,39,116,62,32,93,36" hai1="4,17,12,56,105,113,88,117,40,133,23,24,33" hai2="67,80,6,9,63,57,74,22,69,84,66,101,14" hai3="122,104,120,131,128,78,45,3,25,109,29,50,83"/><U106/><E113/><V90/><F74/><W118/><G3/><T95/><D75/><U108/><E117/><V52/><F101/><W115/><G104/><T30/><D116/><U70/><E70/><V27/><F69/><W123/><G50/><T11/><D100/><U110/><E133/><V31/><AGARI ba="0,0" hai="6,9,14,22,27,31,52,57,63,66,67,80,84,90" machi="31" ten="20,8000,1" yaku="0,1,7,1,8,1,52,1,54,1" doraHai="86" who="2" fromWho="2" sc="563,-20,282,-40,136,80,19,-20" owari="543,64.3,242,4.2,216,-18.4,-1,-50.1" /></mjloggm>