<mjloggm ver="2.3"><GO type="169" lobby="0"/><UN n0="%53%74%65%69%6E%73" n1="%E3%82%BF%E3%82%A4%E4%BA%BA%EF%BC%A0%E3%83%90%E3%83%B3%E3%82%B3%E3%82%AF" n2="%E3%81%97%E3%82%83%E3%82%93%E3%81%8A%E3%81%98" n3="%E5%BA%84%E5%8F%B8%E5%81%A5%E5%A4%AA%E6%9C%97" dan="17,16,17,16" rate="2215.65,2106.26,2178.42,2042.06" sx="M,M,F,M"/><TAIKYOKU oya="0"/><INIT seed="0,0,0,2,5,118" ten="250,250,250,250" oya="0" hai0="119,85,72,23,111,83,84,103,55,51,99,11,78" hai1="16,7,0,98,22,56,127,34,29,115,14,58,63" hai2="82,9,106,89,41,96,65,134,50,28,125,30,91" hai3="70,123,67,81,27,77,105,1,60,122,124,15,116"/><T32/><D119/><U79/><E127/><V128/><F125/><W59/><G1/><T66/><D32/><U133/><E133/><V131/><F65/><W57/><G116/><T20/><D111/><U120/><E115/><V129/><F134/><W93/><G105/><T109/><D109/><U47/><E79/><V36/><F36/><W117/><G117/><T108/><D108/><U92/><E47/><N who="2" m="25967" /><F9/><W113/><G113/><T126/><D126/><U74/><E74/><V44/><F44/><W130/><G130/><T132/><D132/><U8/><E120/><N who="3" m="46122" /><G124/><T53/><D66/><U2/><E2/><V33/><F33/><W71/><G15/><T86/><D11/><U3/><E63/><V97/><F106/><W104/><G104/><T38/><D38/><U45/><E45/><V31/><F82/><W100/><G27/><T21/><REACH who="0" step="1"/><D51/><REACH who="0" ten="240,250,250,250" step="2"/><U107/><E3/><V17/><F129/><W114/><G114/><T88/><D88/><N who="2" m="33866" /><F131/><W6/><G6/><T49/><D49/><U24/><E107/><AGARI ba="0,1" hai="20,21,23,53,55,72,78,83,84,85,86,99,103,107" machi="107" ten="40,2000,0" yaku="1,1,53,0" doraHai="118" doraHaiUra="35" who="0" fromWho="1" sc="240,30,250,-20,250,0,250,0" /><INIT seed="0,1,0,0,3,111" ten="270,230,250,250" oya="0" hai0="71,112,2,12,75,55,20,113,37,116,15,72,13" hai1="105,4,19,45,103,30,95,89,3,128,133,57,60" hai2="59,122,97,77,14,135,28,106,16,21,48,100,43" hai3="84,5,53,10,132,115,123,41,8,24,66,98,102"/><T0/><D71/><U69/><E69/><V79/><F122/><W86/><G132/><T6/><D116/><U88/><E128/><V67/><F135/><W35/><G123/><T54/><D20/><U120/><E120/><V73/><F73/><N who="0" m="28234" /><D6/><U90/><E133/><V80/><F80/><W11/><G5/><T56/><D56/><U61/><E30/><V32/><F43/><W101/><G101/><T117/><D117/><U7/><E105/><V87/><F87/><W68/><G41/><T131/><D131/><U39/><E39/><V130/><F130/><W31/><G53/><N who="0" m="19979" /><D37/><U63/><E45/><V40/><F48/><W126/><G126/><T94/><D94/><U104/><E104/><V118/><F40/><W74/><G74/><T17/><D17/><U129/><E129/><V18/><F18/><W26/><G24/><T81/><D81/><U114/><E57/><V22/><F22/><W50/><G50/><T44/><D44/><U70/><E70/><V91/><F118/><W33/><G35/><T107/><D107/><U51/><E51/><V27/><REACH who="2" step="1"/><F91/><REACH who="2" ten="270,230,240,250" step="2"/><W65/><G84/><T82/><D82/><U64/><E19/><V85/><F85/><W121/><G86/><T9/><D9/><U47/><E89/><V58/><F58/><W125/><G121/><T99/><D99/><U42/><E88/><V49/><F49/><W109/><G98/><T23/><D23/><U25/><E90/><V38/><F38/><W1/><G11/><T134/><D134/><U83/><E83/><V96/><F96/><W108/><G10/><T52/><D52/><RYUUKYOKU ba="1,1" sc="270,15,230,-15,240,15,250,-15" hai0="0,2,12,13,15,112,113" hai2="14,16,21,27,28,32,59,67,77,79,97,100,106" /><INIT seed="0,2,1,3,1,100" ten="285,215,255,235" oya="0" hai0="30,60,43,17,52,119,11,42,39,4,56,112,63" hai1="104,1,27,5,96,120,106,79,24,131,98,110,12" hai2="3,16,86,80,8,114,6,20,105,23,59,77,85" hai3="133,81,41,75,83,103,46,25,7,26,13,88,102"/><T2/><D112/><U74/><E120/><V130/><F114/><W108/><G108/><T89/><D119/><U118/><E118/><V109/><F109/><W125/><G75/><T44/><D43/><U0/><E110/><V55/><F130/><W107/><G107/><N who="1" m="41002" /><E79/><V31/><F105/><W10/><G133/><T68/><D30/><U122/><E12/><V129/><F129/><W54/><G125/><T113/><D113/><U15/><E15/><V61/><F31/><W21/><G26/><N who="1" m="9770" /><E74/><V18/><REACH who="2" step="1"/><F86/><REACH who="2" ten="285,215,245,235" step="2"/><N who="3" m="50255" /><G41/><T132/><D132/><U90/><E131/><V36/><F36/><W33/><G33/><T84/><D17/><AGARI ba="2,2" hai="3,6,8,16,17,18,20,23,55,59,61,77,80,85" machi="17" ten="40,2600,0" yaku="1,1,54,1,53,0" doraHai="100" doraHaiUra="92" who="2" fromWho="0" sc="285,-32,215,0,245,52,235,0" /><INIT seed="1,0,0,4,5,93" ten="253,215,297,235" oya="1" hai0="72,29,88,99,82,20,18,16,90,59,63,3,79" hai1="38,124,19,123,5,57,7,130,70,68,55,81,23" hai2="64,75,40,32,33,30,134,133,109,110,43,101,41" hai3="86,6,105,120,35,25,131,2,0,28,126,111,46"/><U116/><E123/><V62/><F75/><W9/><G120/><T1/><D29/><U49/><E116/><V52/><F101/><W54/><G111/><N who="2" m="42505" /><F30/><W58/><G131/><T84/><D18/><U121/><E121/><V4/><F4/><W69/><G69/><T61/><D61/><U71/><E38/><V44/><F32/><W94/><G105/><T50/><D50/><U34/><E34/><V83/><F83/><W48/><G126/><T77/><D90/><U85/><E124/><V87/><F87/><W24/><G24/><T127/><D127/><U102/><E102/><V125/><F33/><W135/><G135/><N who="2" m="51721" /><F125/><W92/><G2/><T15/><D99/><U60/><E130/><V56/><F64/><W10/><G10/><T78/><REACH who="0" step="1"/><D72/><REACH who="0" ten="243,215,297,235" step="2"/><U36/><E36/><AGARI ba="0,1" hai="36,40,41,43,44,52,56,62" m="51721,42505" machi="36" ten="30,8000,1" yaku="14,1,20,1,34,2,54,1" doraHai="93" who="2" fromWho="1" sc="243,0,215,-80,297,90,235,0" /><INIT seed="2,0,0,4,3,63" ten="243,135,387,235" oya="2" hai0="120,100,9,66,111,59,102,60,10,49,108,103,119" hai1="79,6,127,130,17,4,134,20,19,69,97,53,75" hai2="135,94,50,122,88,129,92,40,26,47,90,99,52" hai3="29,61,56,25,86,77,95,128,81,125,123,104,55"/><V131/><F122/><W118/><G125/><T58/><D120/><U133/><E75/><V98/><F135/><W113/><G128/><T36/><D36/><U3/><E79/><V37/><REACH who="2" step="1"/><F26/><REACH who="2" ten="243,135,377,235" step="2"/><W96/><G123/><T67/><D119/><U109/><E134/><V72/><F72/><W107/><G118/><T32/><D32/><U105/><E133/><V115/><F115/><W51/><G113/><T7/><D108/><U12/><E127/><V43/><F43/><W80/><G81/><T116/><D116/><U39/><E109/><V73/><F73/><W101/><G51/><T85/><D111/><U28/><E39/><V64/><F64/><W65/><REACH who="3" step="1"/><G55/><REACH who="3" ten="243,135,377,225" step="2"/><T21/><D49/><U14/><E53/><V83/><F83/><W38/><G38/><T124/><D124/><U91/><E130/><V117/><F117/><W31/><G31/><T84/><D60/><U1/><E28/><V41/><F41/><W106/><G106/><T68/><D67/><U110/><E105/><V121/><F121/><W54/><G54/><T18/><D66/><U126/><E126/><V33/><F33/><AGARI ba="0,2" hai="25,29,33,56,61,65,77,80,86,95,96,101,104,107" machi="33" ten="30,3900,0" yaku="1,1,7,1,52,1,53,0" doraHai="63" doraHaiUra="46" who="3" fromWho="2" sc="243,0,135,0,377,-39,225,59" /><INIT seed="3,0,0,3,5,87" ten="243,135,338,284" oya="3" hai0="103,79,64,38,126,42,45,27,24,110,31,108,1" hai1="37,26,92,57,30,128,104,97,113,132,12,39,123" hai2="16,56,107,93,8,99,40,80,55,65,7,20,46" hai3="94,36,68,21,84,49,0,116,9,114,33,15,120"/><W10/><G36/><T119/><D119/><U51/><E123/><V47/><F107/><W35/><G68/><T60/><D126/><U44/><E113/><V41/><F80/><W133/><G116/><T48/><D1/><U17/><E104/><V129/><F129/><W18/><G120/><T13/><D103/><U82/><E82/><V130/><F65/><W2/><G114/><T109/><D79/><U14/><E57/><V118/><F118/><W78/><G78/><T67/><D67/><U89/><E132/><V32/><F32/><N who="3" m="12363" /><G49/><T98/><D98/><U52/><E128/><V43/><F130/><W121/><G84/><T4/><D38/><U54/><E14/><N who="2" m="9239" /><F8/><N who="3" m="3179" /><G94/><T117/><D117/><U63/><E26/><V86/><F7/><W59/><G59/><T100/><D4/><U102/><E30/><V81/><F86/><W19/><G121/><T127/><D31/><U105/><E105/><V75/><F81/><W71/><G71/><T106/><D106/><U77/><E77/><V70/><F75/><W50/><G50/><T76/><D76/><U74/><E74/><V29/><F29/><W25/><G133/><T134/><D48/><U131/><E131/><V124/><F124/><W72/><G72/><T28/><D127/><U62/><E102/><N who="2" m="60783" /><F70/><W5/><G5/><T34/><D134/><U23/><REACH who="1" step="1"/><E54/><REACH who="1" ten="243,125,338,284" step="2"/><V83/><F83/><W3/><G15/><T69/><D13/><U6/><E6/><V85/><F56/><W66/><G66/><T125/><D125/><U112/><E112/><V96/><F55/><W22/><G3/><T90/><D69/><RYUUKYOKU ba="0,1" sc="243,-15,125,15,338,-15,284,15" hai1="12,17,23,37,39,44,51,52,62,63,89,92,97" hai3="0,2,18,19,21,22,25" /><INIT seed="3,1,1,0,2,123" ten="228,140,323,299" oya="3" hai0="41,82,33,28,106,76,124,134,48,110,91,25,63" hai1="29,46,11,0,126,10,72,21,85,78,94,88,122" hai2="24,56,35,30,83,58,42,37,45,19,90,40,55" hai3="92,65,5,22,44,111,100,117,20,17,67,81,59"/><W70/><G117/><T12/><D106/><U84/><E122/><V121/><F121/><W60/><G70/><T75/><D134/><U18/><E126/><V97/><F42/><W38/><G5/><T6/><D124/><U127/><E127/><V89/><F19/><W114/><G114/><T128/><D128/><U8/><E72/><V129/><F129/><W50/><G38/><T47/><D91/><U2/><E29/><V73/><F97/><N who="3" m="59431" /><G111/><T3/><D3/><U104/><E104/><V57/><REACH who="2" step="1"/><F55/><REACH who="2" ten="228,140,313,299" step="2"/><N who="3" m="33919" /><G81/><T108/><REACH who="0" step="1"/><D63/><REACH who="0" ten="218,140,313,299" step="2"/><U113/><E113/><V68/><F68/><W51/><G51/><T101/><D101/><U54/><E54/><V23/><F23/><N who="3" m="8747" /><G17/><T69/><D69/><U87/><E2/><V36/><F36/><W112/><G112/><T53/><D53/><AGARI ba="1,3" hai="44,50,53,65,67" m="8747,33919,59431" machi="53" ten="30,1500,0" yaku="8,1" doraHai="123" who="3" fromWho="0" sc="218,-18,140,0,313,0,299,48" /><INIT seed="3,2,0,3,4,48" ten="200,140,313,347" oya="3" hai0="20,78,63,66,85,87,47,110,128,9,56,28,70" hai1="122,99,126,41,7,30,6,119,52,29,124,16,13" hai2="123,37,88,73,117,0,57,80,77,94,90,133,104" hai3="130,95,23,108,67,59,65,19,58,93,97,61,107"/><W17/><G130/><T50/><D128/><U11/><E122/><V100/><F117/><W83/><G108/><T64/><D110/><U21/><E41/><V31/><F0/><W40/><G40/><T111/><D111/><U76/><E76/><V35/><F37/><W127/><G127/><N who="1" m="48682" /><E99/><N who="2" m="61471" /><F31/><N who="1" m="11785" /><E119/><V44/><F35/><W55/><G83/><T74/><D74/><U14/><E52/><V39/><F57/><N who="3" m="37039" /><G107/><T53/><D78/><U12/><E7/><V89/><F44/><W102/><G95/><T42/><D66/><U101/><E101/><V86/><F39/><W46/><G67/><T114/><D114/><U82/><E82/><N who="2" m="45359" /><F123/><W134/><G46/><T105/><D105/><U38/><E38/><V131/><F131/><W4/><G59/><T98/><D98/><U125/><N who="1" m="48690" /><U25/><AGARI ba="2,0" hai="6,11,12,13,14,16,21,25" m="11785,48690" machi="25" ten="40,8000,1" yaku="4,1,18,1,34,2,54,1" doraHai="48" who="1" fromWho="1" sc="200,-22,140,86,313,-22,347,-42" /><INIT seed="4,0,0,0,0,19" ten="178,226,291,305" oya="0" hai0="40,126,122,6,118,109,36,81,110,127,69,2,84" hai1="55,125,87,50,66,22,64,26,80,30,20,57,11" hai2="37,71,95,33,12,123,18,70,108,21,75,114,54" hai3="32,1,4,56,41,77,130,92,53,47,51,38,39"/><T116/><D69/><U49/><E125/><N who="0" m="47625" /><D40/><U15/><E50/><V124/><F123/><W134/><G32/><T42/><D42/><U45/><E57/><V16/><F108/><N who="0" m="41578" /><D36/><U9/><E9/><V76/><F114/><W58/><G39/><T31/><D31/><U24/><E15/><V107/><F107/><W43/><G43/><T17/><D17/><N who="1" m="12303" /><E11/><V121/><F121/><W14/><G58/><T93/><D6/><U105/><E105/><V68/><F33/><W104/><G1/><T135/><D2/><U88/><AGARI ba="0,0" hai="22,26,30,45,49,55,64,66,80,87,88" m="12303" machi="88" ten="30,7900,0" yaku="8,1,52,2,54,1" doraHai="19" who="1" fromWho="1" sc="178,-39,226,79,291,-20,305,-20" /><INIT seed="5,0,0,3,5,20" ten="139,305,271,285" oya="1" hai0="97,130,120,41,113,93,19,92,125,53,2,124,17" hai1="26,43,61,104,66,37,115,94,127,90,72,39,98" hai2="22,112,5,51,83,122,38,67,129,101,116,99,18" hai3="32,56,1,31,3,12,100,77,10,126,96,36,24"/><U11/><E72/><V74/><F116/><W102/><G36/><T123/><D2/><U89/><E115/><V49/><F122/><N who="0" m="46634" /><D41/><U109/><E109/><V27/><F38/><W60/><G77/><T81/><D53/><U88/><E104/><V103/><F112/><W42/><G42/><T110/><D113/><U108/><E127/><N who="0" m="48713" /><D17/><U4/><E108/><V114/><F114/><W21/><G32/><T63/><D63/><U48/><E48/><V46/><F51/><W75/><G75/><T8/><D8/><U35/><E43/><V84/><F74/><W9/><G9/><T47/><D47/><U79/><E79/><V44/><F44/><W62/><G126/><T82/><D19/><U50/><E50/><V91/><F5/><W128/><G128/><T80/><D110/><U65/><E39/><V70/><F129/><W73/><G73/><T85/><D130/><U58/><E65/><V119/><F119/><W54/><G62/><T117/><D117/><U132/><E37/><V25/><F67/><W28/><G31/><T133/><D133/><U52/><E132/><V14/><F70/><W57/><G56/><T87/><D93/><U29/><E66/><V131/><F131/><W0/><G12/><AGARI ba="0,0" hai="4,11,12,26,29,35,52,58,61,88,89,90,94,98" machi="12" ten="30,11600,0" yaku="7,1,52,1,54,2" doraHai="20" who="1" fromWho="3" sc="139,0,305,116,271,0,285,-116" /><INIT seed="5,1,0,3,4,31" ten="139,421,271,169" oya="1" hai0="63,70,77,29,126,45,68,85,134,124,3,35,74" hai1="73,23,61,19,104,72,99,103,67,81,21,56,10" hai2="123,54,107,117,27,37,42,118,86,88,8,79,122" hai3="50,15,2,113,4,48,84,13,32,109,20,76,58"/><U49/><E10/><V102/><F54/><W55/><G109/><T39/><D85/><U128/><E128/><V120/><F8/><W22/><G113/><T78/><D3/><U28/><E81/><V57/><F57/><W127/><G127/><N who="0" m="48683" /><D134/><U33/><E23/><N who="3" m="8746" /><G32/><T12/><D12/><N who="3" m="4681" /><G2/><T114/><D114/><U30/><E30/><V65/><F65/><W92/><G4/><T60/><D45/><U43/><E21/><V64/><F64/><W80/><G92/><T105/><D39/><U96/><E96/><N who="2" m="61895" /><F27/><W17/><G17/><T100/><D100/><U91/><E19/><V108/><F42/><W38/><G38/><T26/><D105/><U25/><E43/><V132/><F37/><W7/><G7/><T9/><D9/><U98/><E49/><AGARI ba="1,0" hai="48,49,50,55,58,76,80,84" m="4681,8746" machi="49" ten="30,1000,0" yaku="8,1" doraHai="31" who="3" fromWho="1" sc="139,0,421,-13,271,0,169,13" /><INIT seed="6,0,0,0,2,30" ten="139,408,271,182" oya="2" hai0="92,42,126,95,99,85,77,75,74,68,82,93,2" hai1="26,94,59,7,103,132,33,9,73,78,104,107,69" hai2="15,37,38,114,43,54,6,5,20,117,113,79,88" hai3="10,81,135,34,19,28,100,89,32,8,119,72,120"/><V44/><F117/><W51/><G120/><T115/><D2/><U63/><E69/><V29/><F79/><W90/><G119/><T91/><D68/><U49/><E49/><V83/><F38/><W105/><G28/><T48/><D42/><U24/><E24/><N who="2" m="16519" /><F15/><W112/><G90/><N who="0" m="53327" /><D48/><U56/><E78/><V21/><F21/><W130/><G51/><T134/><D115/><N who="2" m="44042" /><F54/><W46/><G10/><T98/><D134/><U35/><E73/><V108/><F108/><W80/><G8/><T27/><D27/><U45/><E26/><V67/><F67/><W70/><G72/><N who="0" m="43303" /><D126/><U106/><E132/><V122/><F122/><W116/><G116/><T97/><D97/><U66/><E45/><V124/><F124/><W71/><G46/><T96/><D96/><U110/><E110/><V86/><AGARI ba="0,0" hai="5,6,37,43,44,83,86,88" m="44042,16519" machi="86" ten="30,3000,0" yaku="15,1,54,1" doraHai="30" who="2" fromWho="2" sc="139,-10,408,-10,271,30,182,-10" /><INIT seed="6,1,0,2,5,20" ten="129,398,301,172" oya="2" hai0="62,80,3,91,97,36,28,95,88,17,5,49,120" hai1="19,42,98,9,90,54,73,6,126,70,132,1,15" hai2="18,135,119,4,118,103,12,104,51,10,116,40,134" hai3="38,133,14,41,129,78,13,87,7,60,94,114,30"/><V128/><F103/><W21/><G129/><T83/><D120/><U85/><E73/><V72/><F104/><W89/><G133/><N who="2" m="50697" /><F51/><W93/><G114/><T86/><D36/><U109/><E132/><V16/><F40/><W61/><G78/><T44/><D28/><U84/><E42/><V39/><F72/><W130/><G130/><T82/><D3/><U124/><E109/><V2/><F39/><W27/><G38/><T102/><D5/><U47/><E70/><V59/><F59/><W81/><G41/><T131/><D131/><U23/><E47/><V11/><F128/><W106/><G106/><T107/><D62/><N who="3" m="24169" /><G7/><AGARI ba="1,0" hai="2,4,7,10,11,12,16,18,116,118,119" m="50697" machi="7" ten="40,12000,1" yaku="20,1,34,2,54,1" doraHai="20" who="2" fromWho="3" sc="129,0,398,0,301,123,172,-123" /><INIT seed="6,2,0,4,5,35" ten="129,398,424,49" oya="2" hai0="68,78,27,72,2,77,46,41,130,73,115,1,43" hai1="90,127,36,81,33,125,114,98,14,95,76,91,58" hai2="34,12,5,55,47,86,97,104,112,96,116,131,56" hai3="53,18,132,51,120,87,50,7,26,74,17,48,63"/><V107/><F116/><W111/><G74/><T15/><D68/><U69/><E69/><V21/><F34/><W135/><G111/><T105/><D105/><U88/><E33/><V23/><F112/><W49/><N who="3" m="12288" /><DORA hai="129" /><W121/><G7/><T92/><D15/><U128/><E58/><V62/><F47/><W20/><G18/><T71/><D71/><U29/><E29/><V102/><F131/><W9/><G9/><T38/><D130/><U101/><E36/><V117/><F86/><W42/><G42/><T79/><D115/><U39/><E39/><V133/><F117/><W118/><G118/><T109/><D109/><U4/><E128/><V19/><F5/><W126/><G126/><N who="1" m="48138" /><E14/><V65/><F133/><N who="3" m="51275" /><G87/><T13/><D43/><U25/><E25/><V59/><F19/><W3/><G3/><T61/><D27/><U113/><E4/><V32/><F12/><W57/><AGARI ba="2,0" hai="17,20,26,53,57,63,120,121" m="51275,12288" machi="57" ten="50,8000,1" yaku="20,1,52,3" doraHai="35,129" who="3" fromWho="3" sc="129,-22,398,-22,424,-42,49,86" /><INIT seed="7,0,0,5,3,127" ten="107,376,382,135" oya="3" hai0="48,5,19,20,50,132,87,1,98,78,70,126,4" hai1="11,32,15,64,54,35,56,110,10,73,121,65,62" hai2="49,107,7,31,37,16,76,91,94,85,128,0,123" hai3="131,27,93,66,44,21,95,57,133,74,120,134,117"/><W86/><G117/><T3/><D126/><U114/><E121/><V89/><F128/><W8/><G74/><T25/><D70/><U23/><E110/><V59/><F37/><W92/><G120/><T83/><D132/><N who="3" m="50793" /><G131/><T67/><D67/><N who="1" m="25675" /><E73/><V96/><F123/><W6/><G44/><T104/><D104/><U42/><E32/><V71/><F71/><W60/><G86/><T119/><D119/><U79/><E35/><V72/><F31/><N who="3" m="17903" /><G95/><T77/><D98/><U14/><E79/><V29/><F29/><W9/><G9/><N who="1" m="3082" /><E114/><V18/><F7/><W68/><G68/><T105/><D105/><U102/><E102/><N who="2" m="62919" /><F89/><W129/><G129/><T99/><D99/><U24/><E42/><V36/><F0/><AGARI ba="0,0" hai="0,6,8,57,60,66,92,93" m="17903,50793" machi="0" ten="30,1500,0" yaku="20,1" doraHai="127" who="3" fromWho="2" sc="107,0,376,0,382,-15,135,15" /><INIT seed="7,1,0,3,4,100" ten="107,376,367,150" oya="3" hai0="80,124,132,114,94,47,23,66,131,112,90,59,113" hai1="5,77,62,22,16,75,126,108,70,68,65,53,79" hai2="134,10,57,106,63,96,56,21,54,12,95,111,107" hai3="109,48,55,117,74,6,2,88,104,92,122,15,120"/><W49/><G117/><T127/><D131/><U85/><E108/><V38/><F111/><W36/><G109/><T101/><D132/><U51/><E75/><V42/><F134/><W83/><G36/><T69/><D69/><U1/><E126/><N who="0" m="48169" /><D47/><U18/><E70/><V121/><F121/><W26/><G2/><T52/><D66/><U58/><E18/><V73/><F73/><W78/><G49/><N who="0" m="31119" /><D101/><U41/><E41/><V46/><F21/><W135/><G135/><T102/><D102/><U29/><E29/><V99/><F57/><W110/><G110/><T39/><D39/><U118/><E118/><V130/><F130/><W45/><G48/><T17/><D80/><U27/><E85/><V14/><F14/><W84/><G83/><T44/><D44/><U64/><E64/><V103/><F96/><W33/><G45/><T28/><D28/><U30/><E30/><V98/><F98/><W31/><G55/><T4/><D4/><AGARI ba="1,0" hai="4,10,12,38,42,46,54,56,63,95,99,103,106,107" machi="4" ten="30,3900,0" yaku="7,1,52,2" doraHai="100" who="2" fromWho="0" sc="107,-42,376,0,367,42,150,0" owari="65,-43.5,376,17.6,409,50.9,150,-25.0" /></mjloggm>