<mjloggm ver="2.3"><GO type="169" lobby="0"/><UN n0="%E6%81%8B%E3%81%AE%E3%81%86%E3%81%9F" n1="%E9%81%8B%E3%81%A7%E5%8B%9D%E3%81%A4" n2="%E3%83%A1%E3%82%BE%E3%83%B3%E3%83%9E%E3%83%AB%E3%82%B8%E3%82%A7%E3%83%A9" n3="%E8%B5%A4%E5%BA%A7%E3%81%82%E3%81%8B%E3%82%8A%45%58" dan="17,16,16,16" rate="2262.51,2126.63,2060.01,2166.60" sx="M,M,M,M"/><TAIKYOKU oya="0"/><INIT seed="0,0,0,1,0,59" ten="250,250,250,250" oya="0" hai0="36,119,34,17,5,66,79,108,41,44,2,16,121" hai1="131,78,65,14,77,18,129,37,26,71,56,58,124" hai2="102,125,8,128,19,3,87,13,49,112,110,10,55" hai3="76,96,4,115,83,24,22,127,35,132,123,92,67"/><T43/><D119/><U31/><E37/><V118/><F110/><W12/><G115/><T80/><D121/><U57/><E124/><V33/><F33/><W126/><G35/><T1/><D34/><U107/><E107/><V42/><F112/><W39/><G39/><T85/><D41/><U61/><E26/><V94/><F125/><W120/><G67/><T101/><D101/><U51/><E51/><V54/><F128/><N who="1" m="49225" /><E31/><V20/><F3/><W48/><G132/><T32/><D32/><U84/><E84/><V52/><F118/><W64/><G126/><T135/><D135/><U98/><E98/><N who="2" m="59735" /><F87/><W81/><G127/><T116/><D116/><U15/><E15/><V90/><F90/><W82/><G12/><T69/><D108/><U111/><E111/><V88/><F88/><W113/><G113/><T23/><D2/><U29/><E29/><V25/><F13/><W73/><G96/><T47/><D23/><AGARI ba="0,0" hai="14,18,23,56,57,58,61,65,71,77,78" m="49225" machi="23" ten="30,2000,0" yaku="19,1,52,1" doraHai="59" who="1" fromWho="0" sc="250,-20,250,20,250,0,250,0" /><INIT seed="1,0,0,4,4,44" ten="230,270,250,250" oya="1" hai0="39,94,116,24,49,99,6,26,78,25,32,5,74" hai1="113,19,79,27,97,121,20,51,109,91,17,96,112" hai2="83,110,11,68,29,36,120,2,41,63,4,81,90" hai3="65,103,61,62,126,124,47,117,3,118,100,13,58"/><U123/><E79/><V16/><F120/><W1/><G13/><T67/><D39/><U115/><E109/><V59/><F110/><W60/><G47/><T93/><D32/><U55/><E19/><V101/><F68/><W131/><G58/><T80/><D116/><N who="3" m="44649" /><G65/><T53/><D94/><U70/><E70/><V71/><F71/><W102/><G131/><T9/><D67/><U128/><E128/><V10/><F29/><W18/><G18/><T73/><D73/><U35/><E35/><V69/><F69/><W85/><G85/><T42/><D42/><U14/><E27/><V106/><F36/><W98/><G98/><T119/><D119/><U22/><E22/><V38/><F38/><W133/><G133/><T107/><D9/><U125/><E121/><V45/><F11/><W57/><G57/><T52/><D53/><U56/><E123/><V30/><F30/><W43/><G43/><T104/><D6/><U111/><E111/><V134/><F134/><W127/><AGARI ba="0,0" hai="1,3,60,61,62,100,102,103,124,126,127" m="44649" machi="127" ten="50,12000,2" yaku="29,2,28,2,18,1,12,1" doraHai="44" who="3" fromWho="3" sc="230,-30,270,-60,250,-30,250,120" /><INIT seed="2,0,0,3,4,74" ten="200,210,220,370" oya="2" hai0="101,132,12,61,30,32,63,126,51,6,13,68,106" hai1="102,118,34,29,26,17,94,124,41,98,91,131,92" hai2="11,55,50,43,93,100,24,103,105,69,35,15,76" hai3="130,78,8,113,20,122,48,37,121,110,85,28,99"/><V70/><F105/><W45/><G37/><T112/><D112/><U1/><E118/><V133/><F133/><W14/><G113/><T39/><D39/><U90/><E1/><V89/><F43/><W108/><G99/><T134/><D51/><U116/><E116/><V119/><F119/><W57/><G57/><T64/><D61/><U22/><E131/><V75/><F69/><W56/><G56/><T40/><D40/><U135/><E135/><N who="0" m="51753" /><D6/><U80/><E124/><V79/><F70/><W109/><G130/><T33/><D126/><U111/><E111/><V77/><F24/><W59/><G59/><T87/><D87/><U107/><E41/><V128/><F35/><N who="0" m="13386" /><D30/><U95/><REACH who="1" step="1"/><E80/><REACH who="1" ten="200,200,220,370" step="2"/><V4/><F128/><W84/><G110/><T62/><D62/><U58/><E58/><N who="2" m="33143" /><F75/><W127/><G109/><T114/><D114/><U73/><E73/><V52/><F52/><W49/><G108/><T42/><D42/><U10/><E10/><V9/><F11/><W44/><G8/><T25/><D68/><U53/><E53/><V16/><F4/><W125/><G127/><T82/><D63/><U96/><E96/><AGARI ba="0,1" hai="9,15,16,76,77,79,89,93,96,100,103" m="33143" machi="96" ten="30,12000,1" yaku="8,1,52,3,54,1" doraHai="74" who="2" fromWho="1" sc="200,0,200,-120,220,130,370,0" /><INIT seed="2,1,0,1,3,119" ten="200,80,350,370" oya="2" hai0="29,36,19,130,65,34,50,62,118,106,109,40,9" hai1="93,8,84,20,92,76,1,98,70,83,88,12,55" hai2="77,101,71,58,37,72,69,28,75,31,61,90,86" hai3="133,18,53,52,56,103,135,112,125,26,132,116,16"/><V6/><F37/><W102/><G116/><T110/><D118/><U134/><E134/><V105/><F6/><W94/><G125/><T104/><D50/><U81/><E70/><V24/><F31/><W27/><G112/><T13/><D130/><U79/><E1/><V100/><F69/><W5/><G5/><T128/><D128/><U59/><E20/><V38/><F38/><W11/><G94/><T91/><D91/><U95/><E79/><V48/><F105/><W124/><G124/><T51/><D51/><U54/><E83/><V126/><F126/><W66/><G66/><T25/><D40/><U89/><E59/><V68/><F68/><W96/><G96/><T39/><D39/><U17/><REACH who="1" step="1"/><E95/><REACH who="1" ten="200,70,350,370" step="2"/><V73/><F77/><W22/><G56/><T99/><D106/><U123/><E123/><V63/><F71/><W87/><G22/><T47/><D104/><U121/><E121/><V113/><F58/><W57/><G57/><T107/><D65/><U0/><E0/><V122/><F122/><W21/><G21/><T85/><D107/><U78/><E78/><V46/><F113/><W3/><G3/><T15/><D62/><U82/><E82/><V117/><F61/><W97/><G133/><T44/><D109/><U30/><E30/><V129/><F63/><W45/><G135/><T2/><D2/><U131/><E131/><V60/><F60/><W23/><G132/><T114/><D29/><U115/><E115/><V42/><F129/><W64/><G64/><T49/><D114/><U7/><E7/><V32/><F117/><W10/><G23/><RYUUKYOKU ba="1,1" sc="200,-15,70,15,350,15,370,-15" hai1="8,12,17,54,55,76,81,84,88,89,92,93,98" hai2="24,28,32,42,46,48,72,73,75,86,90,100,101" /><INIT seed="2,2,1,4,5,72" ten="185,85,365,355" oya="2" hai0="127,120,131,74,128,81,36,115,1,110,46,53,19" hai1="26,50,102,112,106,8,5,95,103,122,129,99,34" hai2="33,97,58,10,21,107,49,13,75,111,135,47,64" hai3="39,78,67,41,45,116,12,85,61,44,109,70,108"/><V24/><F135/><W17/><G116/><T55/><D120/><U126/><E112/><V93/><F33/><W76/><G45/><T123/><D123/><U30/><E122/><V54/><F107/><W31/><G31/><T134/><D1/><U28/><E129/><N who="0" m="49737" /><D115/><U3/><E126/><V84/><F75/><W15/><G15/><T56/><D19/><U79/><E30/><N who="2" m="17679" /><F84/><W18/><G18/><T73/><D73/><U60/><E50/><V91/><F111/><N who="3" m="42571" /><G85/><T62/><D110/><U22/><E34/><V105/><F105/><W27/><G27/><T104/><D104/><U96/><REACH who="1" step="1"/><E60/><REACH who="1" ten="185,75,365,355" step="2"/><V113/><F113/><W80/><G80/><T68/><D81/><U119/><E119/><V114/><F114/><W16/><G17/><T14/><D127/><U48/><E48/><V83/><F83/><W0/><G0/><T71/><D74/><U2/><E2/><V86/><F47/><W65/><G65/><T42/><D134/><U25/><E25/><V117/><F117/><W38/><G39/><N who="0" m="21855" /><D14/><U4/><E4/><N who="2" m="3271" /><F64/><W57/><G57/><N who="0" m="35119" /><D36/><U92/><E92/><N who="2" m="56479" /><F86/><W63/><G63/><AGARI ba="2,2" hai="55,56,63,68,71" m="35119,21855,49737" machi="63" ten="30,3900,0" yaku="19,1,34,2" doraHai="72" who="0" fromWho="3" sc="185,65,75,0,365,0,355,-45" /><INIT seed="3,0,0,0,3,28" ten="250,75,365,310" oya="3" hai0="101,45,84,87,105,27,59,13,100,34,110,78,117" hai1="55,0,124,41,19,22,88,31,30,43,66,120,20" hai2="73,11,38,8,98,106,135,123,76,93,122,97,89" hai3="111,71,18,127,1,44,10,107,39,116,134,70,125"/><W42/><G116/><T99/><D117/><U126/><E0/><V49/><F38/><W129/><G129/><T63/><D110/><U16/><E66/><V17/><F135/><W57/><G134/><T133/><D133/><U61/><E61/><V23/><F49/><W75/><G107/><T113/><D101/><U15/><E55/><V74/><F106/><W68/><G111/><T103/><D103/><U53/><E53/><V102/><F98/><W72/><G57/><T83/><D13/><U91/><REACH who="1" step="1"/><E15/><REACH who="1" ten="250,65,365,310" step="2"/><V80/><F122/><AGARI ba="0,1" hai="16,19,20,22,30,31,41,43,88,91,120,122,124,126" machi="122" ten="25,12000,2" yaku="1,1,2,1,22,2,54,2,53,0" doraHai="28" doraHaiUra="104" who="1" fromWho="2" sc="250,0,65,130,365,-120,310,0" /><INIT seed="4,0,0,5,2,48" ten="250,195,245,310" oya="0" hai0="56,31,100,86,128,92,90,135,84,102,12,33,4" hai1="113,38,120,103,2,78,55,98,8,30,97,121,132" hai2="32,125,9,39,0,72,64,71,29,110,21,3,13" hai3="111,6,101,75,106,45,96,58,43,133,91,118,14"/><T36/><D36/><U68/><E68/><V37/><F110/><W25/><G111/><T66/><D128/><U124/><E38/><V34/><F72/><W61/><G75/><T134/><D33/><U115/><E78/><V23/><F71/><W88/><G118/><T85/><D31/><U108/><E108/><V105/><F105/><W81/><G133/><N who="0" m="50699" /><D12/><U130/><E132/><V117/><F64/><W15/><G25/><T79/><D4/><N who="1" m="1047" /><E30/><V52/><F117/><W51/><G6/><T20/><D20/><U53/><E130/><V7/><F29/><W17/><G81/><N who="0" m="47423" /><D66/><U47/><E47/><V1/><F39/><W16/><G14/><T65/><D65/><U76/><E76/><V22/><F37/><W80/><G80/><N who="0" m="49415" /><D56/><U63/><E98/><V10/><F10/><W62/><G17/><T5/><D5/><U26/><E26/><V28/><F28/><W19/><G19/><T131/><D131/><U60/><E60/><V41/><F34/><W11/><G62/><T59/><D59/><U123/><E63/><V129/><F32/><W73/><G73/><T95/><D85/><U49/><E49/><V104/><F129/><W93/><G58/><T83/><D83/><U107/><E124/><V50/><F125/><W122/><G61/><T18/><D18/><U24/><E24/><V69/><F69/><W99/><G16/><T94/><AGARI ba="0,0" hai="92,94,95,100,102" m="49415,47423,50699" machi="94" ten="30,6000,0" yaku="20,1,34,2" doraHai="48" who="0" fromWho="0" sc="250,60,195,-20,245,-20,310,-20" /><INIT seed="4,1,0,0,1,27" ten="310,175,225,290" oya="0" hai0="4,74,67,119,88,104,23,83,28,48,70,80,114" hai1="117,96,55,77,105,47,76,128,112,95,30,49,61" hai2="86,5,41,132,120,99,101,130,52,123,1,60,124" hai3="18,64,13,89,42,91,6,14,84,10,22,56,107"/><T19/><D119/><U38/><E117/><V59/><F130/><W66/><G107/><T78/><D104/><U51/><E128/><V15/><F132/><W109/><G109/><T134/><D4/><U63/><E105/><V82/><F1/><W127/><G127/><T106/><D114/><U108/><E38/><V118/><F118/><W36/><G36/><T45/><D70/><U7/><E108/><V17/><F5/><W50/><G91/><T90/><D67/><U44/><E7/><V98/><F41/><W115/><G115/><T122/><D122/><U43/><E112/><V26/><F26/><W62/><G42/><T87/><D106/><U135/><E30/><V85/><F85/><W65/><REACH who="3" step="1"/><G50/><REACH who="3" ten="310,175,225,280" step="2"/><T113/><D113/><U111/><E111/><V29/><F124/><W39/><G39/><T125/><D125/><U97/><E135/><V12/><F123/><W69/><G69/><T72/><D134/><U75/><E97/><V129/><F120/><W126/><G126/><T0/><D90/><N who="1" m="55415" /><E75/><V32/><F129/><W116/><G116/><T53/><D74/><U16/><E76/><V73/><F73/><W46/><G46/><T133/><D133/><U20/><E77/><V8/><F98/><W79/><G79/><T93/><D78/><U94/><E94/><AGARI ba="1,1" hai="6,10,13,14,18,22,56,62,64,65,66,84,89,94" machi="94" ten="30,7700,0" yaku="1,1,7,1,8,1,53,1" doraHai="27" doraHaiUra="3" who="3" fromWho="1" sc="310,0,175,-80,225,0,280,90" /><INIT seed="5,0,0,2,0,40" ten="310,95,225,370" oya="1" hai0="99,3,25,86,70,52,118,44,110,71,59,125,113" hai1="34,1,43,33,5,69,17,116,57,18,105,115,112" hai2="39,75,55,134,104,131,87,68,67,133,37,46,26" hai3="56,126,22,10,7,78,98,62,76,80,32,100,72"/><U38/><E105/><V85/><F75/><W123/><G32/><N who="1" m="12394" /><E69/><V36/><F104/><W130/><G123/><T84/><D3/><U90/><E57/><V64/><F26/><W92/><G126/><T111/><D125/><U61/><E61/><N who="2" m="40047" /><F131/><W50/><G130/><T45/><D25/><U30/><E90/><V106/><F106/><W93/><G78/><T16/><D59/><U109/><E30/><V66/><F87/><W11/><G22/><T0/><D0/><U129/><E129/><V88/><F88/><W89/><G50/><T9/><D9/><N who="1" m="2223" /><E116/><V47/><F85/><W8/><G93/><T31/><D118/><U119/><E119/><V79/><F79/><W20/><G89/><T27/><D31/><U53/><E109/><V91/><F91/><W12/><G20/><T4/><D27/><U121/><E121/><V14/><F14/><W58/><G58/><T63/><D70/><U95/><E95/><V54/><F66/><AGARI ba="0,0" hai="7,8,10,11,12,56,62,66,72,76,80,92,98,100" machi="66" ten="30,1000,0" yaku="7,1" doraHai="40" who="3" fromWho="2" sc="310,0,95,0,225,-10,370,10" /><INIT seed="6,0,0,0,5,45" ten="310,95,215,380" oya="2" hai0="106,44,15,117,86,26,95,60,21,27,107,64,131" hai1="16,38,79,84,25,57,67,41,55,42,93,108,19" hai2="71,115,69,39,5,103,129,127,85,14,30,92,89" hai3="3,118,63,2,78,111,56,9,73,6,10,11,135"/><V18/><F115/><W81/><G111/><T123/><D123/><U29/><E108/><V134/><F129/><W121/><G118/><T23/><D131/><U24/><E67/><V88/><F134/><W98/><G121/><T37/><D15/><U114/><E114/><V70/><F127/><W33/><G33/><T83/><D95/><U22/><E38/><V82/><F39/><W52/><G135/><T7/><D7/><U105/><E105/><V112/><F112/><W4/><G11/><T126/><D126/><U68/><E68/><V75/><F75/><W87/><G98/><T49/><D37/><U120/><E120/><V130/><F130/><W28/><G28/><T61/><D117/><U53/><E53/><V20/><F103/><W133/><G133/><T35/><D35/><U13/><E19/><V59/><F59/><W113/><G113/><T77/><D106/><U46/><E46/><V47/><F47/><W102/><G102/><T97/><D97/><U101/><E101/><V40/><F40/><W48/><G73/><T96/><D96/><U90/><E79/><V116/><F116/><W8/><G8/><T34/><D34/><U124/><E124/><V109/><F109/><W32/><G32/><T104/><D104/><U132/><E132/><V80/><F5/><W119/><G119/><T122/><D107/><U1/><E1/><V17/><F30/><W72/><G72/><T31/><D122/><U66/><E66/><V125/><F125/><W43/><G43/><N who="1" m="16394" /><E29/><V36/><F36/><W76/><G76/><T58/><D31/><U12/><E12/><RYUUKYOKU ba="0,0" sc="310,-15,95,15,215,-15,380,15" hai1="13,16,22,24,25,55,57,84,90,93" hai3="2,3,4,6,9,10,48,52,56,63,78,81,87" /><INIT seed="7,1,0,0,2,63" ten="295,110,200,395" oya="3" hai0="62,115,135,133,104,13,84,1,77,44,26,112,43" hai1="97,78,120,0,105,108,74,23,30,57,111,53,49" hai2="129,66,125,55,50,27,17,109,2,20,93,67,42" hai3="5,34,127,69,47,83,91,126,87,107,103,118,134"/><W28/><G118/><T51/><D1/><U16/><E120/><V79/><F109/><W110/><G110/><T10/><D104/><U64/><E0/><V46/><F2/><W39/><G69/><T32/><D32/><U81/><E30/><V98/><F129/><W37/><G5/><T6/><D26/><U99/><E99/><V7/><F7/><W88/><G91/><T102/><D102/><U86/><E74/><V65/><F125/><N who="3" m="47627" /><G47/><T4/><D4/><U96/><E96/><V8/><F8/><W56/><G56/><T123/><D123/><U12/><REACH who="1" step="1"/><E64/><REACH who="1" ten="295,100,200,395" step="2"/><V119/><F119/><W41/><G28/><T31/><D31/><U95/><E95/><V70/><F70/><W82/><G82/><N who="0" m="47183" /><D62/><U9/><E9/><V54/><REACH who="2" step="1"/><F79/><REACH who="2" ten="295,100,190,395" step="2"/><W29/><G34/><T52/><D135/><U24/><E24/><V21/><F21/><W36/><G134/><T61/><D133/><U117/><E117/><V3/><F3/><W100/><G107/><T124/><D124/><U48/><E48/><V68/><F68/><W122/><G122/><T58/><AGARI ba="1,2" hai="6,10,13,43,44,51,52,58,61,112,115" m="47183" machi="58" ten="30,2000,0" yaku="25,1,54,1" doraHai="63" who="0" fromWho="0" sc="295,43,100,-6,190,-6,395,-11" owari="338,13.8,94,-40.6,184,-21.6,384,48.4" /></mjloggm>