<mjloggm ver="2.3"><GO type="169" lobby="0"/><UN n0="%2E%67%61%74%79" n1="%E7%94%98%E5%A4%8F%E3%81%BF%E3%81%8B%E3%82%93" n2="%E3%82%80%E3%81%97%E6%AD%AF" n3="%E3%83%8F%E3%82%BA%E3%83%AC" dan="17,16,17,17" rate="2147.85,2155.67,2138.24,2185.65" sx="M,M,M,M"/><TAIKYOKU oya="0"/><INIT seed="0,0,0,3,3,100" ten="250,250,250,250" oya="0" hai0="113,79,5,129,132,45,101,33,42,65,128,125,78" hai1="47,119,127,16,59,126,11,55,50,25,3,133,106" hai2="39,112,53,83,48,17,73,93,76,87,68,103,86" hai3="135,49,41,97,40,20,71,98,134,117,104,75,62"/><T36/><D113/><U90/><E119/><V120/><F39/><W109/><G75/><T74/><D33/><U52/><E133/><N who="3" m="50698" /><G117/><T88/><D132/><U121/><E121/><V32/><F120/><W66/><G109/><T13/><D65/><U118/><E118/><V9/><F112/><W130/><G130/><N who="0" m="50283" /><D74/><U69/><E69/><V37/><F37/><W0/><G0/><T44/><D44/><U63/><E106/><V31/><F68/><W26/><G49/><T95/><D101/><U57/><E90/><V67/><F67/><W21/><G21/><T124/><D13/><U8/><E47/><V43/><F32/><W131/><G131/><T28/><D5/><U77/><E77/><N who="0" m="29193" /><D28/><U51/><E63/><V70/><F31/><N who="3" m="17863" /><G98/><AGARI ba="0,0" hai="36,42,45,88,95,98,124,125" m="29193,50283" machi="98" ten="30,2900,0" yaku="19,1,54,1" doraHai="100" who="0" fromWho="3" sc="250,29,250,0,250,0,250,-29" /><INIT seed="0,1,0,4,3,59" ten="279,250,250,221" oya="0" hai0="28,128,130,47,62,4,120,21,111,30,95,54,3" hai1="38,50,104,18,72,55,13,10,39,79,101,49,63" hai2="125,8,98,93,34,7,100,45,134,64,75,112,116" hai3="65,83,1,57,2,42,131,94,77,70,115,48,32"/><T51/><D120/><U15/><E15/><BYE who="1" /><V110/><F112/><W88/><G115/><T124/><D124/><U114/><E114/><V105/><F110/><W52/><G32/><UN n1="%E7%94%98%E5%A4%8F%E3%81%BF%E3%81%8B%E3%82%93" /><T53/><D111/><U31/><E31/><V103/><F34/><W61/><G131/><N who="0" m="50219" /><D21/><U58/><E72/><V122/><F122/><W121/><G121/><T36/><D36/><U46/><E79/><V35/><F35/><W106/><G106/><T22/><D22/><U129/><E129/><V24/><F75/><W99/><G42/><T85/><D95/><U84/><E84/><AGARI ba="1,0" hai="1,2,48,52,57,61,65,70,77,83,84,88,94,99" machi="84" ten="30,7700,0" yaku="7,1,52,1,54,2" doraHai="59" who="3" fromWho="1" sc="279,0,250,-80,250,0,221,80" /><INIT seed="1,0,0,1,4,7" ten="279,170,250,301" oya="1" hai0="65,95,105,38,37,32,104,11,111,72,82,49,39" hai1="66,1,73,45,46,123,109,48,81,83,122,77,47" hai2="101,0,22,68,78,63,43,13,129,56,120,30,20" hai3="19,133,62,53,87,88,121,115,58,34,134,67,75"/><U91/><E1/><V40/><F120/><W35/><G75/><T110/><D32/><U93/><E109/><N who="0" m="41481" /><D65/><U5/><E5/><V97/><F0/><W108/><G121/><T12/><D95/><U33/><E33/><V96/><F68/><W55/><G115/><T17/><D49/><U100/><E48/><V125/><F125/><W118/><G118/><T79/><AGARI ba="0,0" hai="11,12,17,37,38,39,72,79,82,104,105" m="41481" machi="79" ten="40,2700,0" yaku="14,1,52,1" doraHai="7" who="0" fromWho="0" sc="279,27,170,-13,250,-7,301,-7" /><INIT seed="2,0,0,0,2,19" ten="306,157,243,294" oya="2" hai0="47,101,88,55,26,123,40,2,41,94,76,12,64" hai1="117,25,22,48,31,23,122,67,38,113,18,109,30" hai2="36,86,51,27,44,37,74,17,45,134,130,120,95" hai3="133,135,16,21,53,8,108,131,34,63,29,114,99"/><V84/><F120/><W82/><G108/><T46/><D2/><U54/><E109/><V58/><F74/><W98/><G131/><T127/><D123/><U104/><E122/><V49/><F130/><W118/><G118/><T9/><D127/><U119/><E113/><V77/><F134/><N who="3" m="51211" /><G114/><T3/><D3/><U42/><E104/><V129/><F129/><W59/><G8/><T83/><D101/><U6/><E6/><V124/><F124/><W14/><G82/><T20/><D64/><U107/><E107/><V85/><F77/><W4/><G4/><T35/><D35/><U97/><E31/><V65/><F95/><W24/><AGARI ba="0,0" hai="14,16,21,24,29,34,53,59,63,98,99" m="51211" machi="24" ten="30,4000,0" yaku="20,1,52,1,54,1" doraHai="19" who="3" fromWho="3" sc="306,-10,157,-10,243,-20,294,40" /><INIT seed="3,0,0,3,5,18" ten="296,147,223,334" oya="3" hai0="70,134,86,98,92,120,130,0,39,8,116,47,129" hai1="29,81,21,23,78,126,87,36,102,20,58,60,3" hai2="88,103,105,119,62,67,40,9,127,51,108,28,97" hai3="32,1,45,11,135,44,122,113,59,10,117,76,37"/><W25/><G113/><T110/><D8/><U112/><E112/><V30/><F119/><W43/><G117/><T83/><D47/><U118/><E118/><V35/><F108/><W52/><G122/><T133/><D39/><U77/><E126/><V33/><F127/><W89/><G135/><N who="0" m="51723" /><D70/><U107/><E3/><V26/><F9/><W19/><G76/><N who="0" m="46439" /><D0/><U16/><E36/><V53/><F40/><W125/><G125/><T17/><D17/><U14/><E78/><V73/><F73/><W74/><G74/><T42/><D42/><U111/><E111/><V85/><F30/><W128/><G128/><N who="0" m="49259" /><D116/><U12/><E12/><V50/><F35/><W132/><G132/><T131/><D110/><U65/><REACH who="1" step="1"/><E29/><REACH who="1" ten="296,137,223,334" step="2"/><V61/><F53/><W93/><G1/><T22/><D131/><U34/><E34/><V38/><F38/><W5/><G32/><T2/><D2/><U82/><E82/><V104/><F28/><W109/><G109/><T24/><D120/><U7/><E7/><V121/><F33/><W68/><G5/><T100/><D24/><U124/><E124/><V27/><F27/><W54/><G25/><T106/><D22/><U46/><E46/><V91/><F26/><W90/><G44/><T80/><D80/><U123/><E123/><V94/><F121/><W72/><G45/><T99/><D99/><AGARI ba="0,1" hai="14,16,20,21,23,58,60,65,77,81,87,99,102,107" machi="99" ten="40,8000,1" yaku="1,1,52,3,54,1,53,0" doraHai="18" doraHaiUra="49" who="1" fromWho="0" sc="296,-80,137,90,223,0,334,0" /><INIT seed="4,0,0,0,4,8" ten="216,227,223,334" oya="0" hai0="113,42,114,117,45,9,108,50,104,134,76,88,80" hai1="130,32,72,70,78,110,102,35,37,29,98,46,67" hai2="99,19,118,36,33,57,100,77,66,123,124,132,26" hai3="5,54,115,105,38,3,86,69,7,4,28,71,14"/><T6/><D117/><U11/><E110/><V119/><F123/><W47/><G105/><T125/><D104/><N who="1" m="63575" /><E130/><V2/><F2/><W89/><G3/><T131/><D131/><U112/><E11/><V25/><F36/><W135/><G135/><T10/><D134/><U73/><E112/><N who="0" m="43113" /><D125/><U60/><E29/><V68/><F132/><W1/><G1/><T23/><D108/><U109/><E109/><V22/><F77/><W41/><G115/><T92/><D23/><U120/><E120/><V52/><F124/><W12/><G28/><T64/><D64/><U21/><E21/><V103/><F33/><N who="1" m="12873" /><E78/><V58/><F26/><W95/><REACH who="3" step="1"/><G54/><REACH who="3" ten="216,227,223,324" step="2"/><T62/><D6/><U133/><E133/><V129/><F52/><W85/><G85/><N who="0" m="52239" /><D62/><U111/><E111/><V84/><F129/><W93/><G93/><T56/><D56/><U18/><E18/><V75/><F19/><W96/><G96/><T128/><D128/><U30/><E30/><V17/><F17/><W97/><G97/><T122/><D122/><U82/><E82/><V87/><F99/><W31/><G31/><T91/><D91/><U55/><E55/><V101/><F101/><W13/><AGARI ba="0,1" hai="4,5,7,12,13,14,38,41,47,69,71,86,89,95" machi="13" ten="30,8000,1" yaku="1,1,0,1,52,3,53,0" doraHai="8" doraHaiUra="107" who="3" fromWho="3" sc="216,-40,227,-20,223,-20,324,90" /><INIT seed="5,0,0,1,4,0" ten="176,207,203,414" oya="1" hai0="24,29,54,84,5,40,7,46,2,23,1,103,94" hai1="32,9,37,118,105,74,18,78,112,57,123,43,6" hai2="55,107,131,16,71,25,51,113,121,122,76,13,49" hai3="85,68,12,86,96,70,72,36,127,26,104,3,63"/><U111/><E118/><V114/><F107/><W134/><G72/><T102/><D54/><U4/><E123/><V95/><F71/><W58/><G36/><T19/><D1/><U17/><E105/><V106/><F106/><W44/><G3/><T61/><D2/><N who="1" m="151" /><E32/><V98/><F76/><W88/><G127/><T34/><D61/><U59/><E6/><N who="0" m="2057" /><D34/><U33/><E33/><V75/><F75/><W65/><G134/><T82/><D29/><U101/><E101/><N who="0" m="38409" /><D94/><U8/><E111/><V22/><F51/><W109/><G104/><T20/><D20/><U48/><E8/><V15/><F121/><W116/><G116/><T52/><D40/><U115/><E37/><V130/><F122/><W99/><G109/><T64/><D64/><U35/><E35/><V28/><F95/><W53/><G65/><T31/><D31/><U62/><E43/><V21/><F98/><W90/><G96/><T97/><D97/><U14/><E18/><N who="2" m="10447" /><F55/><W124/><G99/><T129/><D129/><N who="2" m="49162" /><F49/><W56/><G53/><T39/><D39/><U41/><E48/><V81/><F81/><W73/><G63/><T45/><D52/><N who="1" m="34087" /><E41/><V93/><F93/><W119/><G119/><T128/><D128/><U38/><E38/><V69/><F69/><W100/><G68/><T50/><D50/><U11/><E59/><V126/><F126/><W133/><G70/><T125/><D125/><U89/><E89/><AGARI ba="0,0" hai="19,23,24,45,46,82,84,89" m="38409,2057" machi="89" ten="30,7700,0" yaku="8,1,52,3" doraHai="0" who="0" fromWho="1" sc="176,77,207,-77,203,0,414,0" /><INIT seed="6,0,0,0,4,130" ten="253,130,203,414" oya="2" hai0="120,18,15,32,88,93,30,58,12,5,112,6,39" hai1="85,7,24,89,21,48,35,102,123,94,66,117,54" hai2="80,83,67,2,40,105,33,8,97,3,87,28,55" hai3="73,25,125,111,99,74,126,64,63,109,76,23,57"/><V79/><F40/><W107/><G107/><T121/><D39/><U96/><E117/><V78/><F67/><W52/><G99/><T116/><D116/><U1/><E123/><V56/><F28/><N who="3" m="17471" /><G64/><T135/><D32/><U127/><E35/><V47/><F33/><W91/><G91/><T113/><D30/><U42/><E127/><N who="3" m="48650" /><G76/><T49/><D49/><U110/><E110/><AGARI ba="0,0" hai="52,57,63,73,74,109,110,111" m="48650,17471" machi="110" ten="30,2000,0" yaku="18,1,54,1" doraHai="130" who="3" fromWho="1" sc="253,0,130,-20,203,0,414,20" /><INIT seed="7,0,0,2,0,6" ten="253,110,203,434" oya="3" hai0="125,83,32,54,86,106,103,119,118,92,0,47,82" hai1="68,132,20,131,78,16,89,22,129,5,88,53,135" hai2="107,127,96,38,114,91,49,80,12,84,24,31,122" hai3="102,43,126,58,15,95,56,74,73,110,42,27,87"/><W124/><G110/><T81/><D32/><U7/><E68/><V11/><F114/><W64/><G15/><T85/><D0/><U63/><E78/><V55/><F127/><N who="3" m="48683" /><G27/><T111/><D47/><U23/><E63/><V93/><F38/><W99/><G87/><T133/><D54/><U29/><E53/><V67/><F107/><W70/><G70/><T39/><D39/><U25/><E88/><V59/><F122/><W18/><G18/><T101/><D125/><U109/><E89/><V1/><F1/><W13/><G13/><T46/><D46/><U21/><E109/><V128/><F128/><N who="1" m="49225" /><E29/><V120/><F120/><W98/><G98/><T121/><D111/><U44/><E44/><V134/><F67/><W45/><G64/><T26/><D26/><U34/><E34/><V60/><F60/><W100/><G100/><T8/><D103/><U123/><E123/><V77/><F24/><W104/><G104/><T17/><D101/><U112/><E112/><V37/><F37/><N who="3" m="21711" /><G43/><T75/><D106/><U10/><E7/><V113/><F113/><W52/><G56/><T9/><D121/><U72/><E72/><V14/><F31/><W57/><G57/><T71/><D75/><U66/><E66/><V4/><F77/><W97/><G97/><T115/><D71/><U30/><E30/><V76/><F76/><W33/><G33/><T94/><D115/><U69/><E69/><V130/><F130/><W117/><G117/><T3/><D118/><U61/><E61/><AGARI ba="0,0" hai="52,58,61,73,74,95,99,102" m="21711,48683" machi="61" ten="30,2900,0" yaku="18,1,54,1" doraHai="6" who="3" fromWho="1" sc="253,0,110,-29,203,0,434,29" owari="253,5.3,81,-41.9,203,-19.7,463,56.3" /></mjloggm>