<mjloggm ver="2.3"><GO type="169" lobby="0"/><UN n0="%E6%95%97%E5%8C%97%E8%80%85%E3%81%AD%E3%82%8B" n1="%E3%83%80%E3%83%95%E3%83%88%E3%83%91%E3%83%B3%E3%83%84" n2="%E3%83%97%E3%83%AC%E3%82%B9%E3%83%97" n3="%E3%81%82%E3%81%95%E3%81%B4%E3%82%93%EF%BC%A0%EF%BD%8D%EF%BD%8A" dan="17,17,16,18" rate="2176.03,2234.46,2173.44,2300.07" sx="F,M,M,M"/><TAIKYOKU oya="0"/><INIT seed="0,0,0,5,5,0" ten="250,250,250,250" oya="0" hai0="7,126,18,75,110,79,113,107,122,39,59,14,34" hai1="45,37,123,108,95,114,9,63,135,51,47,100,132" hai2="48,94,117,82,56,106,55,88,42,46,5,49,26" hai3="83,1,67,115,8,53,38,64,30,43,76,130,118"/><T54/><D113/><U99/><E114/><V25/><F106/><W104/><G115/><T22/><D122/><U13/><E123/><V69/><F117/><W102/><G118/><T120/><D120/><U131/><E131/><V65/><F82/><W103/><G30/><T89/><D39/><U28/><E28/><V10/><F65/><W90/><G90/><T96/><D34/><U74/><E74/><V16/><F69/><W125/><G53/><T92/><D126/><U121/><E121/><V44/><F56/><W20/><G20/><T105/><D110/><U116/><E116/><V31/><F16/><W17/><G17/><T12/><D79/><U11/><E11/><V3/><REACH who="2" step="1"/><F31/><REACH who="2" ten="250,250,240,250" step="2"/><W81/><G81/><T86/><D75/><U71/><E108/><V91/><F91/><W4/><G104/><T2/><D107/><U129/><E129/><V127/><F127/><W61/><G67/><T128/><D128/><U21/><E71/><V58/><F58/><W27/><G125/><T78/><D105/><U32/><E135/><V40/><F40/><W35/><G130/><T66/><D66/><U72/><E132/><V60/><F60/><W77/><G61/><N who="0" m="36087" /><D78/><N who="3" m="30313" /><G83/><T24/><D96/><AGARI ba="0,1" hai="3,5,10,25,26,42,44,46,48,49,55,88,94,96" machi="96" ten="30,7700,0" yaku="1,1,7,1,52,1,54,1,53,0" doraHai="0" doraHaiUra="68" who="2" fromWho="0" sc="250,-77,250,0,240,87,250,0" /><INIT seed="1,0,0,2,4,43" ten="173,250,327,250" oya="1" hai0="42,65,135,107,84,81,6,133,89,103,13,128,134" hai1="35,127,16,102,1,67,66,59,83,77,90,9,123" hai2="60,48,7,53,25,125,126,130,108,56,17,19,51" hai3="70,75,58,52,32,121,129,95,39,38,55,93,73"/><U105/><E123/><V2/><F108/><W63/><G32/><T36/><D128/><U0/><E127/><N who="2" m="48651" /><F130/><W78/><G129/><T131/><D131/><U5/><E35/><V116/><F116/><W117/><G121/><T46/><D65/><U85/><E0/><V40/><F25/><W34/><G34/><T96/><D6/><U106/><E102/><V8/><F40/><W29/><G29/><T20/><D20/><U33/><E33/><V64/><F51/><W114/><G114/><T71/><REACH who="0" step="1"/><D13/><REACH who="0" ten="163,250,327,250" step="2"/><U11/><E67/><V26/><F26/><W23/><G23/><T87/><D87/><U47/><E66/><V100/><F100/><W111/><G75/><T4/><D4/><U118/><E1/><V76/><F76/><W14/><G73/><T28/><D28/><U3/><E3/><V44/><AGARI ba="0,1" hai="2,7,8,17,19,44,48,53,56,60,64" m="48651" machi="44" ten="30,2000,0" yaku="18,1,52,1" doraHai="43" who="2" fromWho="2" sc="163,-5,250,-10,327,30,250,-5" /><INIT seed="2,0,0,3,4,19" ten="158,240,357,245" oya="2" hai0="36,22,93,24,91,37,112,125,45,80,90,61,4" hai1="71,21,134,14,100,57,122,74,132,13,54,49,75" hai2="30,16,92,8,28,133,128,3,5,135,11,69,32" hai3="63,89,116,59,114,129,108,27,99,55,65,70,0"/><V81/><F69/><W127/><G116/><T20/><D112/><U23/><E71/><V103/><F81/><W126/><G0/><T40/><D125/><N who="3" m="47625" /><G108/><T97/><D4/><U51/><E100/><V130/><F92/><N who="3" m="56719" /><G129/><N who="2" m="49769" /><F103/><W67/><G114/><T34/><D36/><U76/><E76/><V1/><F32/><W38/><G38/><T66/><D80/><U53/><REACH who="1" step="1"/><E57/><REACH who="1" ten="158,230,357,245" step="2"/><V78/><F78/><W84/><G70/><T33/><D90/><U25/><E25/><V50/><F50/><W6/><G27/><T79/><D79/><U101/><E101/><V44/><F44/><W52/><G59/><T47/><D47/><U82/><E82/><V88/><F88/><W29/><G63/><T95/><D95/><U10/><E10/><V9/><F9/><W83/><G83/><T35/><REACH who="0" step="1"/><D24/><REACH who="0" ten="148,230,357,245" step="2"/><U109/><E109/><V15/><F3/><W72/><G6/><T118/><D118/><U104/><E104/><V73/><F73/><W107/><G107/><T123/><D123/><AGARI ba="0,2" hai="13,14,21,23,49,51,53,54,74,75,122,123,132,134" machi="123" ten="25,8000,1" yaku="1,1,22,2,52,2,53,0" doraHai="19" doraHaiUra="121" who="1" fromWho="0" sc="148,-80,230,100,357,0,245,0" /><INIT seed="3,0,0,2,3,83" ten="68,330,357,245" oya="3" hai0="127,82,46,115,15,16,96,35,34,66,75,98,120" hai1="84,30,125,3,64,119,40,52,116,110,6,77,85" hai2="97,112,28,101,57,11,79,43,41,126,1,29,2" hai3="60,10,132,5,20,80,81,86,131,128,31,13,70"/><W117/><G117/><N who="1" m="45130" /><E110/><V21/><F112/><W47/><G132/><T36/><D120/><U105/><E125/><V22/><F126/><W58/><G70/><T104/><D127/><U102/><E77/><V12/><F79/><W49/><G81/><T27/><D115/><U111/><E111/><V33/><F57/><W94/><G94/><T103/><D66/><U53/><E64/><V134/><F134/><W91/><G31/><T74/><D96/><N who="1" m="61639" /><E40/><V65/><F65/><W95/><G20/><T72/><D27/><U88/><E30/><V76/><F76/><W73/><G73/><T54/><D82/><N who="1" m="49175" /><E85/><V124/><F41/><W106/><G106/><T108/><D108/><U129/><E129/><V37/><F43/><W8/><G95/><T18/><D36/><U45/><E45/><V50/><F37/><W56/><G56/><T100/><D100/><U89/><E89/><V121/><F29/><W55/><REACH who="3" step="1"/><G10/><AGARI ba="0,0" hai="3,6,10,52,53" m="49175,61639,45130" machi="10" ten="30,7700,0" yaku="12,1,52,1,54,2" doraHai="83" who="1" fromWho="3" sc="68,0,330,77,357,0,245,-77" /><INIT seed="4,0,0,4,0,121" ten="68,407,357,168" oya="0" hai0="97,99,31,116,27,50,100,48,81,36,12,85,115" hai1="65,88,118,43,46,79,130,72,35,104,47,59,6" hai2="68,125,67,78,51,21,16,98,71,61,75,87,96" hai3="23,58,53,26,69,54,119,5,18,3,129,94,24"/><T45/><D115/><U103/><E118/><V62/><F75/><W64/><G119/><T108/><D116/><U74/><E35/><V57/><F125/><W32/><G69/><T114/><D114/><U102/><E130/><V93/><F51/><W107/><G107/><T30/><D36/><U133/><E133/><V29/><F29/><W131/><G94/><T17/><D108/><U39/><E47/><V37/><F37/><W77/><G77/><T132/><D132/><U56/><E72/><V124/><F124/><W122/><G122/><T90/><D50/><U34/><E34/><V25/><F71/><W109/><G109/><T41/><D27/><U42/><E42/><V135/><F135/><W13/><G64/><T128/><D128/><N who="3" m="49225" /><G54/><T73/><D73/><U40/><E40/><V134/><F134/><W112/><G32/><T0/><D0/><U9/><E88/><V55/><REACH who="2" step="1"/><F93/><REACH who="2" ten="68,407,347,168" step="2"/><W113/><G112/><T22/><REACH who="0" step="1"/><D97/><REACH who="0" ten="58,407,347,168" step="2"/><N who="1" m="61519" /><E74/><V2/><F2/><W28/><G113/><T4/><D4/><U127/><E6/><V106/><F106/><AGARI ba="0,2" hai="12,17,22,30,31,41,45,48,81,85,90,99,100,106" machi="106" ten="30,5800,0" yaku="1,1,7,1,53,1" doraHai="121" doraHaiUra="80" who="0" fromWho="2" sc="58,78,407,0,347,-58,168,0" /><INIT seed="4,1,0,5,0,56" ten="136,407,289,168" oya="0" hai0="115,40,44,68,91,126,29,23,8,75,7,88,80" hai1="69,49,51,17,130,128,125,67,6,13,5,117,53" hai2="72,84,16,9,65,110,82,52,121,60,97,85,14" hai3="15,103,1,122,59,120,12,18,94,22,101,102,2"/><T89/><D68/><U48/><E117/><V39/><F110/><W64/><G94/><T105/><D105/><U109/><E109/><V28/><F121/><N who="3" m="46699" /><G15/><T90/><D115/><U133/><E125/><V24/><F39/><W107/><G107/><T95/><D126/><U34/><E34/><V10/><F10/><W104/><G104/><T26/><D75/><U81/><E133/><V4/><F4/><W50/><G50/><N who="1" m="19562" /><E67/><V38/><F38/><W106/><G106/><T131/><D131/><N who="1" m="50219" /><E81/><V0/><F0/><W31/><G31/><T66/><D66/><U114/><E114/><V77/><F97/><W111/><G111/><T20/><D80/><U30/><E30/><V46/><F46/><W54/><G54/><T116/><D116/><U58/><E69/><V127/><F52/><W70/><G70/><T25/><D40/><U74/><E74/><V19/><F19/><W118/><G118/><T3/><D44/><U108/><E108/><V45/><F45/><W78/><G78/><T79/><D79/><U57/><E58/><V35/><F127/><W100/><N who="3" m="25600" /><DORA hai="43" /><W123/><N who="3" m="46707" /><W93/><DORA hai="83" /><G93/><T92/><N who="0" m="22528" /><DORA hai="135" /><T86/><REACH who="0" step="1"/><D86/><REACH who="0" ten="126,407,289,168" step="2"/><U132/><E132/><V41/><F41/><W134/><G134/><T71/><D71/><AGARI ba="1,1" hai="9,14,16,24,28,35,60,65,71,72,77,82,84,85" machi="71" ten="30,8000,1" yaku="7,1,52,3,54,1" doraHai="56,43,83,135" who="2" fromWho="0" sc="126,-83,407,0,289,93,168,0" /><INIT seed="5,0,0,3,0,0" ten="43,407,382,168" oya="1" hai0="25,55,28,117,90,75,82,37,126,85,111,128,119" hai1="49,54,92,95,52,32,41,96,110,21,16,34,59" hai2="6,129,103,102,46,33,26,93,56,12,43,86,122" hai3="38,109,134,1,83,63,35,106,23,42,79,78,45"/><U69/><E69/><V2/><F122/><W104/><G109/><T73/><D37/><U29/><E110/><V53/><F129/><W10/><G79/><T68/><D68/><U7/><E41/><V62/><F2/><W61/><G134/><T65/><D65/><U88/><E29/><V66/><F66/><W123/><G123/><T57/><D111/><U76/><E76/><V105/><F105/><W89/><G89/><T108/><D108/><U118/><E7/><V22/><F33/><W98/><G35/><T71/><D71/><U127/><E127/><V58/><F58/><W100/><G23/><T60/><D128/><U97/><E54/><V50/><F93/><W20/><G20/><T94/><D126/><U11/><E11/><N who="2" m="4215" /><F86/><W18/><G104/><T133/><D133/><U113/><E113/><V64/><F43/><W3/><G3/><T24/><D24/><U80/><E80/><V36/><F36/><W101/><G101/><T74/><REACH who="0" step="1"/><D82/><REACH who="0" ten="33,407,382,168" step="2"/><U125/><E125/><V39/><F39/><W9/><G83/><T44/><D44/><U19/><E118/><V77/><F46/><W115/><G45/><T40/><D40/><U131/><E131/><V132/><F64/><W121/><G42/><T112/><D112/><U99/><E95/><V14/><F26/><W107/><G38/><T135/><D135/><U87/><REACH who="1" step="1"/><E19/><REACH who="1" ten="33,397,382,168" step="2"/><V30/><F132/><W31/><G18/><T8/><D8/><U84/><E84/><V130/><F130/><W70/><G107/><T47/><D47/><U15/><AGARI ba="0,2" hai="15,16,21,32,34,49,52,59,87,88,92,96,97,99" machi="15" ten="30,18000,2" yaku="1,1,0,1,25,2,54,3,53,0" doraHai="0" doraHaiUra="124" who="1" fromWho="1" sc="33,-60,397,200,382,-60,168,-60" owari="-27,-52.7,597,69.7,322,12.2,108,-29.2" /></mjloggm>