<mjloggm ver="2.3"><GO type="169" lobby="0"/><UN n0="%35%30%38%30%74%61%6B%61" n1="%6F%6B%61%62%65%73%68%69" n2="%E3%81%9F%E3%81%BE%E5%AD%90" n3="%E7%B5%B6%E5%AF%BE%E9%98%B2%E5%BE%A1%E5%B0%86%E8%BB%8D" dan="16,17,16,16" rate="2100.69,2188.24,2159.91,2103.59" sx="M,M,M,M"/><TAIKYOKU oya="0"/><INIT seed="0,0,0,1,1,98" ten="250,250,250,250" oya="0" hai0="32,82,91,135,68,34,53,55,1,86,60,90,5" hai1="64,63,115,13,112,24,8,70,71,118,56,33,94" hai2="130,88,124,77,101,114,0,92,21,129,106,57,38" hai3="52,31,43,59,66,45,74,102,89,39,121,22,120"/><T80/><D135/><U76/><E118/><V122/><F38/><W27/><G74/><T126/><D126/><U19/><E76/><V131/><F0/><W25/><G66/><T123/><D123/><U6/><E94/><V7/><F122/><W48/><G89/><T132/><D132/><U128/><E128/><V105/><F114/><N who="1" m="43561" /><E6/><V37/><F37/><W28/><REACH who="3" step="1"/><G102/><REACH who="3" ten="250,250,250,240" step="2"/><T58/><D68/><U127/><E127/><V11/><F124/><W65/><G65/><T97/><D97/><U84/><E71/><V104/><F77/><W111/><G111/><T78/><D91/><U110/><E110/><V50/><F101/><W36/><G36/><T87/><REACH who="0" step="1"/><D55/><REACH who="0" ten="240,250,250,240" step="2"/><U17/><E70/><V3/><F88/><W44/><G44/><T46/><D46/><U117/><E117/><V15/><F129/><W54/><G54/><T29/><D29/><N who="1" m="19623" /><E84/><V35/><F130/><W69/><G69/><T73/><D73/><U23/><E64/><V100/><F131/><W116/><G116/><T133/><D133/><U125/><E125/><V42/><F100/><W41/><G41/><T10/><AGARI ba="0,2" hai="1,5,10,32,34,53,58,60,78,80,82,86,87,90" machi="10" ten="30,6000,0" yaku="1,1,0,1,53,1" doraHai="98" doraHaiUra="72" who="0" fromWho="0" sc="240,80,250,-20,250,-20,240,-20" /><INIT seed="0,1,0,0,0,32" ten="320,230,230,220" oya="0" hai0="48,14,27,38,31,1,44,40,74,92,123,85,77" hai1="86,60,111,108,95,118,96,33,73,117,65,62,132" hai2="134,25,11,69,10,20,101,34,63,50,23,114,16" hai3="29,128,94,4,99,19,133,80,78,103,131,127,12"/><T30/><D123/><U70/><E73/><V17/><F114/><W135/><G29/><T13/><D48/><U41/><E33/><V106/><F134/><N who="3" m="51211" /><G4/><T54/><D54/><U109/><E132/><V81/><F81/><W24/><G24/><T116/><D116/><U43/><E86/><V55/><F34/><W125/><G12/><T9/><D92/><U89/><REACH who="1" step="1"/><E60/><REACH who="1" ten="320,220,230,220" step="2"/><V68/><F63/><W36/><G36/><T42/><D85/><U79/><E79/><V2/><F50/><W102/><G19/><T51/><D77/><U104/><E104/><V37/><F17/><W58/><G58/><T8/><D74/><U21/><E21/><V46/><F23/><W82/><G103/><T90/><D31/><U56/><E56/><V6/><F101/><W67/><G67/><T59/><D30/><U3/><E3/><V71/><F106/><W119/><G119/><AGARI ba="1,1" hai="41,43,62,65,70,89,95,96,108,109,111,117,118,119" machi="119" ten="50,6400,0" yaku="1,1,14,1,53,1" doraHai="32" doraHaiUra="61" who="1" fromWho="3" sc="320,0,220,77,230,0,220,-67" /><INIT seed="1,0,0,0,4,39" ten="320,297,230,153" oya="1" hai0="58,113,27,35,81,68,44,134,88,49,6,33,1" hai1="111,59,63,20,41,119,19,43,46,32,29,74,65" hai2="121,16,40,108,36,85,91,87,66,18,21,86,97" hai3="42,94,73,126,24,50,106,55,9,3,25,34,118"/><U92/><E119/><V103/><F121/><W12/><G106/><T124/><D113/><U14/><E74/><V104/><F108/><W96/><G73/><T61/><D68/><U80/><E111/><V23/><F66/><W15/><G3/><T64/><D124/><U77/><E29/><V47/><F23/><W10/><G126/><T45/><D134/><U37/><E32/><V71/><F71/><W26/><G34/><T93/><D81/><U117/><E117/><V0/><F0/><W83/><G83/><T78/><D78/><U70/><E92/><V122/><F122/><W90/><G118/><T110/><D110/><U132/><E132/><V72/><F72/><W79/><G79/><T84/><D27/><U135/><E135/><V95/><REACH who="2" step="1"/><F18/><REACH who="2" ten="320,297,220,153" step="2"/><W128/><G128/><T112/><D112/><U8/><E70/><V99/><F99/><W127/><G127/><T133/><D133/><U54/><E20/><V62/><F62/><W22/><G22/><T101/><D1/><U107/><E107/><V114/><F114/><W17/><G17/><T102/><D33/><U30/><E30/><V116/><F116/><W67/><G67/><T28/><D28/><U98/><E98/><V31/><F31/><W7/><G96/><T75/><D75/><U56/><E37/><V115/><F115/><W131/><G131/><T11/><D35/><U13/><E13/><AGARI ba="0,1" hai="13,16,21,36,40,47,85,86,87,91,95,97,103,104" machi="13" ten="30,8000,1" yaku="1,1,7,1,52,1,54,1,53,1" doraHai="39" doraHaiUra="38" who="2" fromWho="1" sc="320,0,297,-80,220,90,153,0" /><INIT seed="2,0,0,3,5,38" ten="320,217,310,153" oya="2" hai0="61,84,59,112,37,20,135,53,73,108,71,12,115" hai1="39,33,124,55,45,25,47,134,87,18,78,26,22" hai2="123,63,62,15,118,27,56,10,109,88,93,51,119" hai3="85,104,122,105,77,74,2,43,121,44,6,50,103"/><V48/><F123/><W1/><G74/><T132/><D73/><U19/><E124/><V49/><F27/><W82/><G103/><T7/><D84/><U60/><E134/><N who="0" m="51241" /><D20/><U75/><E75/><V79/><F79/><W69/><G69/><T46/><D12/><U126/><E126/><V100/><F100/><W14/><G2/><T128/><D7/><U0/><E0/><V41/><F109/><W9/><REACH who="3" step="1"/><G1/><REACH who="3" ten="320,217,310,143" step="2"/><T17/><D71/><U95/><E33/><V40/><F119/><W97/><G97/><T29/><D108/><U92/><E22/><V23/><F23/><W101/><G101/><T54/><D112/><U110/><E110/><V58/><F118/><W89/><G89/><T36/><D115/><U64/><E78/><V68/><F68/><W34/><G34/><T4/><D128/><U127/><E87/><N who="2" m="52383" /><F58/><W67/><G67/><T52/><D59/><U120/><E64/><N who="2" m="38983" /><F63/><W99/><G99/><T24/><D61/><U3/><E60/><V70/><F70/><W5/><G5/><AGARI ba="0,1" hai="5,10,15,40,41,48,49,51" m="38983,52383" machi="5" ten="30,11600,0" yaku="8,1,52,2,54,1" doraHai="38" who="2" fromWho="3" sc="320,0,217,0,310,126,143,-116" /><INIT seed="2,1,0,0,3,21" ten="320,217,436,27" oya="2" hai0="99,82,107,112,130,50,55,14,49,95,28,18,106" hai1="41,34,101,0,103,113,25,64,71,87,54,81,110" hai2="30,15,70,9,63,12,7,20,96,75,74,51,29" hai3="65,42,123,61,122,126,1,90,62,88,120,57,133"/><V43/><F70/><W86/><G1/><T10/><D112/><U6/><E113/><V100/><F63/><W22/><G126/><T79/><D130/><U80/><E110/><V60/><F60/><W108/><G108/><T102/><D28/><U4/><E71/><V16/><F74/><W116/><G116/><T31/><D31/><U26/><E34/><V77/><F77/><W5/><G133/><T56/><REACH who="0" step="1"/><D50/><REACH who="0" ten="310,217,436,27" step="2"/><U59/><E0/><V40/><F75/><AGARI ba="1,1" hai="10,14,18,49,55,56,75,79,82,95,99,102,106,107" machi="75" ten="30,7700,0" yaku="1,1,2,1,7,1,53,1" doraHai="21" doraHaiUra="48" who="0" fromWho="2" sc="310,90,217,0,436,-80,27,0" /><INIT seed="3,0,0,4,3,25" ten="400,217,356,27" oya="3" hai0="92,53,102,32,129,28,121,73,6,2,24,62,76" hai1="126,47,132,65,88,114,107,55,80,61,39,22,106" hai2="66,110,15,26,0,9,116,119,40,69,50,35,19" hai3="108,72,85,111,122,89,4,1,81,23,14,11,124"/><W79/><G122/><T97/><D121/><U5/><E114/><V48/><F110/><N who="3" m="42027" /><G124/><T101/><D129/><U82/><E126/><V42/><F69/><W20/><G1/><T54/><D102/><U46/><E132/><V105/><F105/><W103/><G103/><T90/><D2/><U13/><E46/><V99/><F66/><W12/><G12/><T94/><D6/><U135/><E135/><V109/><F109/><W113/><G113/><T44/><D62/><U7/><E80/><AGARI ba="0,0" hai="4,11,14,20,23,72,79,80,81,85,89" m="42027" machi="80" ten="30,2900,0" yaku="14,1,10,1" doraHai="25" who="3" fromWho="1" sc="400,0,217,-29,356,0,27,29" /><INIT seed="3,1,0,2,3,58" ten="400,188,356,56" oya="3" hai0="115,8,122,90,89,75,64,62,56,4,99,114,5" hai1="111,26,52,100,69,20,92,45,118,103,133,2,7" hai2="22,36,55,130,106,54,25,51,11,119,91,63,132" hai3="112,135,40,57,3,21,24,16,9,42,33,29,31"/><W38/><G112/><N who="0" m="43051" /><D75/><U46/><E133/><V65/><F119/><W84/><G135/><T85/><D122/><U30/><E118/><V126/><F132/><W78/><G38/><T37/><D37/><U67/><E111/><V131/><F36/><W44/><G44/><T88/><D99/><U86/><E45/><V125/><F106/><W124/><G124/><N who="2" m="47721" /><F11/><W105/><G105/><T68/><D68/><U18/><E7/><N who="0" m="2633" /><D8/><U128/><E2/><V72/><F91/><W95/><G9/><T6/><N who="0" m="2641" /><T97/><DORA hai="116" /><D97/><U48/><E128/><N who="2" m="49195" /><F51/><W81/><G3/><T39/><D39/><U110/><E110/><V74/><F74/><W98/><G57/><T47/><D47/><U17/><E103/><V102/><F72/><W15/><REACH who="3" step="1"/><G31/><REACH who="3" ten="400,188,356,46" step="2"/><T134/><D134/><U94/><E69/><N who="2" m="42175" /><F102/><AGARI ba="1,1" hai="15,16,21,24,29,33,40,42,78,81,84,95,98,102" machi="102" ten="30,5800,0" yaku="1,1,7,1,54,1,53,0" doraHai="58,116" doraHaiUra="104,49" who="3" fromWho="2" sc="400,0,188,0,356,-61,46,71" /><INIT seed="3,2,0,1,1,74" ten="400,188,295,117" oya="3" hai0="54,60,83,17,55,21,69,42,19,15,108,125,18" hai1="45,80,103,14,110,90,106,20,98,49,73,109,104" hai2="37,114,59,1,135,128,97,9,7,111,22,127,134" hai3="30,77,33,66,89,23,99,129,85,25,68,47,76"/><W120/><G120/><T50/><D108/><N who="1" m="41579" /><E14/><V101/><F111/><W115/><G115/><T75/><D125/><U102/><E20/><V94/><F114/><W116/><G116/><T113/><D113/><U57/><E57/><V51/><F127/><W43/><G99/><T78/><D42/><U71/><E49/><V39/><F128/><W0/><G0/><T122/><D122/><U87/><E45/><V48/><F22/><W133/><G129/><T131/><D131/><U105/><E71/><V26/><F26/><W121/><G121/><T118/><D118/><U112/><E112/><V41/><F51/><W38/><G133/><N who="2" m="50697" /><F59/><W24/><G66/><T31/><D31/><U92/><E73/><V72/><F72/><W40/><G40/><T79/><D69/><U84/><E84/><V52/><F52/><W56/><G56/><T3/><D60/><U96/><AGARI ba="2,0" hai="80,87,90,92,96,98,102,103,104,105,106" m="41579" machi="96" ten="30,4000,0" yaku="14,1,34,2" doraHai="74" who="1" fromWho="1" sc="400,-12,188,46,295,-12,117,-22" /><INIT seed="4,0,0,3,4,35" ten="388,234,283,95" oya="0" hai0="94,74,9,41,48,123,13,126,131,6,22,78,11" hai1="104,73,132,15,79,120,98,81,127,18,80,87,83" hai2="5,40,121,16,113,114,54,29,62,51,30,76,58" hai3="96,19,111,93,75,7,17,23,134,10,130,2,133"/><T97/><D123/><U37/><E37/><V57/><F121/><W91/><G111/><T44/><D126/><U38/><E38/><V70/><F76/><W61/><G75/><T46/><D131/><U53/><E120/><V32/><F32/><W49/><G130/><T28/><D74/><U116/><E116/><V4/><F70/><W39/><G39/><T89/><D78/><U31/><E127/><V118/><F118/><W72/><G72/><T56/><D56/><U36/><E36/><V1/><F40/><W109/><G109/><T107/><D107/><U24/><E132/><N who="3" m="50794" /><G23/><T105/><D105/><U55/><E81/><V50/><F16/><N who="3" m="6219" /><G49/><T115/><D115/><U124/><E124/><V92/><F62/><AGARI ba="0,0" hai="2,7,10,61,62,91,93,96" m="6219,50794" machi="62" ten="30,3900,0" yaku="20,1,52,1,54,1" doraHai="35" who="3" fromWho="2" sc="388,0,234,0,283,-39,95,39" /><INIT seed="5,0,0,5,5,13" ten="388,234,244,134" oya="1" hai0="132,30,19,37,41,14,116,92,131,69,89,62,67" hai1="17,83,42,47,91,119,111,71,26,46,0,128,12" hai2="74,61,64,76,3,58,100,22,11,99,18,79,108" hai3="126,102,6,133,127,9,88,65,114,78,55,45,51"/><U129/><E119/><V112/><F108/><W90/><G114/><T122/><D116/><U96/><E0/><V63/><F112/><W103/><G78/><T105/><D105/><U109/><E71/><V40/><F40/><W84/><G65/><T77/><D132/><U52/><E26/><V121/><F121/><W72/><G72/><T33/><D77/><U60/><E42/><V118/><F118/><W27/><G27/><T130/><D122/><U31/><E31/><V93/><F74/><W8/><G90/><T35/><D37/><U117/><E117/><V39/><F39/><W68/><G68/><T23/><D41/><U115/><E115/><V87/><F87/><W21/><G21/><T15/><D15/><U73/><E73/><V50/><F50/><W48/><G48/><T113/><D113/><U43/><E43/><V16/><F61/><W7/><G133/><T106/><D106/><U86/><E96/><V135/><F135/><W5/><G126/><T125/><D125/><U38/><E38/><V44/><F44/><W107/><G127/><T81/><D81/><U94/><E94/><V56/><F56/><W66/><G66/><T134/><D134/><U28/><E28/><V120/><F120/><W36/><G36/><T70/><D70/><U85/><E85/><V82/><F82/><N who="3" m="49175" /><G107/><T25/><D35/><U80/><E80/><V2/><F2/><W10/><AGARI ba="0,0" hai="5,6,7,8,9,10,45,51,55,102,103" m="49175" machi="10" ten="30,2000,0" yaku="8,1,54,1" doraHai="13" who="3" fromWho="3" sc="388,-5,234,-10,244,-5,134,20" /><INIT seed="6,0,0,0,0,51" ten="383,224,239,154" oya="2" hai0="11,102,91,135,53,43,44,45,41,29,3,33,125" hai1="126,86,85,68,75,63,5,88,114,123,0,106,67" hai2="82,121,92,49,70,107,26,120,95,47,30,21,99" hai3="13,39,69,27,122,7,71,56,80,117,72,98,100"/><V78/><F70/><W28/><G117/><T65/><D65/><U50/><E75/><V66/><F107/><W87/><G39/><T109/><D109/><U129/><E106/><V104/><F104/><W130/><G72/><T61/><D102/><U111/><E111/><V62/><F95/><W9/><G122/><T16/><D125/><U101/><E126/><V73/><F62/><W14/><G130/><T134/><D91/><U4/><E129/><V8/><F8/><W133/><G133/><T2/><D16/><U83/><E101/><V119/><F66/><W46/><G14/><T93/><D93/><U34/><E34/><V74/><F74/><W12/><G12/><T57/><D33/><U48/><E123/><V81/><F81/><W79/><G46/><N who="0" m="18027" /><D29/><U20/><E114/><V37/><F119/><W35/><REACH who="3" step="1"/><G56/><REACH who="3" ten="383,224,239,144" step="2"/><T23/><D57/><U52/><E0/><V60/><F37/><W127/><G127/><T97/><D3/><U55/><E20/><V128/><F128/><W64/><G64/><T131/><D23/><U132/><E132/><V103/><F120/><W38/><G38/><T59/><D2/><U105/><E4/><V118/><F121/><W113/><G113/><T58/><D131/><U94/><E5/><V25/><F118/><W84/><G84/><T17/><D134/><U77/><REACH who="1" step="1"/><E105/><AGARI ba="0,1" hai="7,9,13,27,28,35,69,71,79,80,87,98,100,105" machi="105" ten="30,2000,0" yaku="1,1,7,1,53,0" doraHai="51" doraHaiUra="18" who="3" fromWho="1" sc="383,0,224,-20,239,0,144,30" /><INIT seed="7,0,0,2,3,79" ten="383,204,239,174" oya="3" hai0="20,76,90,115,66,21,133,92,0,54,5,77,127" hai1="129,22,4,68,67,61,34,78,104,113,93,8,1" hai2="111,46,24,107,98,117,43,106,25,71,2,97,102" hai3="118,37,112,120,3,123,48,44,63,53,18,70,10"/><W114/><G18/><T19/><D66/><U80/><E104/><V60/><F111/><W109/><G10/><T32/><D32/><U31/><E129/><V135/><F117/><W27/><G27/><T65/><D65/><U101/><E113/><N who="3" m="43626" /><G3/><T75/><D75/><U130/><E130/><V58/><F71/><W95/><G109/><T94/><D115/><U132/><E132/><V91/><F135/><W119/><G37/><T87/><D5/><U51/><E34/><V28/><F2/><W39/><G39/><T100/><D0/><U23/><E31/><V26/><F26/><W126/><G95/><T16/><D133/><U64/><E64/><V83/><F24/><W50/><G126/><T42/><D127/><U56/><E101/><V38/><F25/><W88/><G70/><T36/><D36/><U14/><E93/><V59/><F28/><W96/><G63/><T17/><D42/><U89/><E89/><V74/><F60/><W125/><G125/><T35/><D35/><U73/><E1/><V12/><F12/><W116/><G96/><N who="0" m="59399" /><D54/><U124/><E124/><V29/><F29/><W103/><G103/><T121/><D121/><N who="3" m="46665" /><G88/><T105/><D105/><U11/><E11/><V13/><F13/><W134/><G134/><T57/><D57/><N who="2" m="21514" /><F107/><W9/><G9/><T110/><D110/><U47/><REACH who="1" step="1"/><E68/><REACH who="1" ten="383,194,239,174" step="2"/><V85/><F106/><W86/><G86/><T30/><D30/><U45/><E45/><V6/><F102/><W55/><G119/><T99/><D99/><U72/><E72/><V52/><F98/><W41/><G55/><AGARI ba="0,1" hai="4,8,14,22,23,47,51,55,56,61,67,73,78,80" machi="55" ten="30,7700,0" yaku="1,1,7,1,52,1,53,1" doraHai="79" doraHaiUra="49" who="1" fromWho="3" sc="383,0,194,87,239,0,174,-77" owari="383,48.3,281,8.1,239,-16.1,97,-40.3" /></mjloggm>