<mjloggm ver="2.3"><GO type="169" lobby="0"/><UN n0="%E6%B5%81%E3%82%8C%EF%BC%9F%53%4F%41" n1="%E7%B9%AD%E3%82%92%E8%A7%A3%E3%81%8F" n2="%E5%A5%B3%E3%81%AA%E3%81%AE%E3%81%82%E3%81%8C%E3%82%89%E3%81%9B%E3%81%A6" n3="%E7%A8%B2%E5%A6%BB%E3%81%A1%E3%82%83%E3%81%A3%E3%81%B4%E3%83%BC" dan="17,17,16,17" rate="2256.56,2203.74,2132.94,2162.35" sx="M,M,M,M"/><TAIKYOKU oya="0"/><INIT seed="0,0,0,3,5,99" ten="250,250,250,250" oya="0" hai0="15,2,36,87,52,33,5,56,133,21,30,119,125" hai1="24,89,113,67,3,86,130,29,27,46,128,12,70" hai2="106,42,65,88,98,103,41,19,100,45,110,118,18" hai3="50,72,104,14,32,57,126,85,76,44,101,49,84"/><T20/><D119/><U108/><E3/><V117/><F65/><W28/><G126/><T34/><D36/><U120/><E120/><V131/><F110/><W10/><G72/><T59/><D125/><U92/><E108/><V54/><F54/><W82/><G32/><T107/><D107/><U122/><E122/><V94/><F131/><N who="1" m="50217" /><E113/><V79/><F79/><W8/><G28/><T74/><D74/><U78/><E78/><V63/><F63/><W37/><G37/><T77/><D2/><U97/><E46/><V115/><F115/><W112/><G112/><T53/><D133/><U83/><E12/><V23/><F19/><W73/><G10/><T124/><D124/><U116/><E116/><N who="2" m="44651" /><F106/><W31/><G31/><T95/><D77/><N who="1" m="46447" /><E29/><V35/><F35/><W13/><G13/><T121/><D121/><U47/><E47/><V17/><F17/><W26/><G26/><T0/><D0/><U39/><E39/><N who="2" m="21695" /><F42/><W6/><G57/><N who="0" m="22091" /><D34/><U61/><AGARI ba="0,0" hai="24,27,61,67,70,89,92,97" m="46447,50217" machi="61" ten="30,1100,0" yaku="19,1" doraHai="99" who="1" fromWho="1" sc="250,-5,250,11,250,-3,250,-3" /><INIT seed="1,0,0,5,0,19" ten="245,261,247,247" oya="1" hai0="42,15,59,11,31,86,10,23,113,97,63,75,105" hai1="130,43,6,4,0,128,115,73,68,33,101,124,72" hai2="69,36,127,34,20,27,79,131,40,81,17,1,12" hai3="60,30,26,121,109,96,106,70,50,48,104,37,38"/><U24/><E68/><V29/><F69/><W2/><G109/><T84/><D75/><U118/><E43/><V111/><F111/><W13/><G121/><T46/><D113/><U129/><E101/><V123/><F123/><W39/><G2/><T51/><D105/><U102/><E102/><V53/><F127/><W114/><G114/><T41/><D41/><U22/><E115/><V90/><F131/><W107/><G13/><T57/><D97/><U125/><E118/><V3/><F90/><W66/><REACH who="3" step="1"/><G96/><REACH who="3" ten="245,261,247,237" step="2"/><T61/><D15/><U8/><E6/><V9/><F3/><W49/><G49/><T91/><D63/><U112/><E112/><V76/><F1/><W77/><G77/><T88/><D61/><U74/><REACH who="1" step="1"/><E33/><AGARI ba="0,1" hai="26,30,33,37,38,39,48,50,60,66,70,104,106,107" machi="33" ten="50,8000,1" yaku="1,1,53,3" doraHai="19" doraHaiUra="71" who="3" fromWho="1" sc="245,0,261,-80,247,0,237,90" /><INIT seed="2,0,0,4,4,91" ten="245,181,247,327" oya="2" hai0="126,23,128,125,89,122,124,43,108,92,17,133,24" hai1="109,105,34,113,118,117,78,39,48,19,59,98,58" hai2="54,96,82,97,27,70,40,7,130,44,77,60,90" hai3="104,33,63,107,75,15,5,8,116,111,2,95,69"/><V87/><F130/><W72/><G116/><T119/><D122/><U41/><E34/><V123/><F123/><W68/><G33/><T11/><D43/><U85/><E113/><V29/><F7/><W28/><G28/><T103/><D103/><U52/><E109/><V83/><F70/><W110/><G15/><N who="0" m="7423" /><D108/><N who="3" m="41513" /><G95/><T81/><D119/><U26/><E59/><V106/><F106/><N who="3" m="40491" /><G69/><T4/><D128/><U20/><E39/><V30/><F30/><W14/><G14/><T94/><D4/><U71/><E71/><V66/><F27/><W56/><G68/><T115/><D115/><U42/><E118/><V127/><F29/><W46/><G46/><T9/><D9/><U18/><E117/><V131/><F131/><W102/><G102/><T65/><D65/><AGARI ba="0,0" hai="2,5,8,56,63,65,72,75" m="40491,41513" machi="65" ten="30,1000,0" yaku="14,1" doraHai="91" who="3" fromWho="0" sc="245,-10,181,0,247,0,327,10" /><INIT seed="3,0,0,3,0,105" ten="235,181,247,337" oya="3" hai0="40,3,14,35,122,77,93,48,32,42,44,119,5" hai1="125,50,16,65,4,84,92,28,81,10,21,19,133" hai2="90,76,41,89,38,61,118,100,18,7,8,26,91" hai3="127,17,45,70,85,54,79,98,107,109,132,0,78"/><W103/><G70/><T72/><D122/><U1/><E125/><V97/><F118/><W46/><G0/><T121/><D121/><U39/><E39/><V51/><F38/><W69/><G69/><T66/><D119/><U31/><E133/><V30/><F76/><W114/><G114/><T23/><D66/><U11/><E65/><V112/><F112/><W68/><G68/><T6/><D40/><U13/><E92/><V101/><F61/><W64/><G64/><T115/><D115/><U131/><E50/><V62/><F62/><W111/><G132/><T87/><D3/><U75/><E131/><V47/><F18/><W102/><G102/><T43/><D43/><U22/><E75/><V86/><F86/><W113/><G113/><T71/><D71/><U124/><E124/><V96/><F96/><W25/><G127/><T34/><D72/><U88/><E10/><V9/><F7/><W82/><G79/><T94/><D23/><U55/><REACH who="1" step="1"/><E55/><REACH who="1" ten="235,171,247,337" step="2"/><V15/><F9/><W20/><REACH who="3" step="1"/><G54/><REACH who="3" ten="235,171,247,327" step="2"/><T130/><D130/><U123/><E123/><V80/><F101/><W60/><G60/><T2/><D77/><U37/><E37/><V106/><F100/><W108/><AGARI ba="0,2" hai="17,20,25,45,46,78,82,85,98,103,107,108,109,111" machi="108" ten="30,18000,2" yaku="1,1,0,1,14,1,10,1,53,3" doraHai="105" doraHaiUra="120" who="3" fromWho="3" sc="235,-60,171,-60,247,-60,327,200" /><INIT seed="3,1,0,1,0,68" ten="175,111,187,527" oya="3" hai0="112,20,1,78,115,102,76,98,122,80,121,119,84" hai1="67,43,71,16,19,72,126,128,15,54,87,130,104" hai2="34,50,57,74,106,31,29,51,26,42,94,33,125" hai3="77,69,53,36,45,12,56,28,132,11,75,62,7"/><W91/><G132/><T110/><D1/><U5/><E72/><V85/><F106/><W124/><G124/><T123/><D20/><U93/><E104/><V32/><F74/><W39/><G28/><T107/><D119/><U27/><E126/><V96/><F125/><W4/><G69/><T129/><D110/><U116/><E116/><V109/><F109/><W108/><G108/><T24/><D24/><U133/><E133/><V37/><F85/><W70/><G70/><T58/><D58/><U25/><E54/><V6/><F6/><W52/><G4/><T83/><REACH who="0" step="1"/><D129/><REACH who="0" ten="165,111,187,527" step="2"/><N who="1" m="49771" /><E27/><V111/><F111/><W79/><G75/><AGARI ba="1,1" hai="75,76,78,80,83,84,98,102,107,112,115,121,122,123" machi="75" ten="40,8000,1" yaku="1,1,34,3,53,0" doraHai="68" doraHaiUra="40" who="0" fromWho="3" sc="165,93,111,0,187,0,527,-83" /><INIT seed="4,0,0,0,3,21" ten="258,111,187,444" oya="0" hai0="115,24,38,49,127,30,112,87,9,70,56,62,129" hai1="71,31,16,61,107,20,12,95,2,111,59,65,44" hai2="28,97,99,51,10,73,120,66,106,85,81,89,54" hai3="57,110,35,33,34,5,78,133,105,93,121,64,135"/><T58/><D38/><U46/><E111/><V52/><F120/><W0/><G110/><T102/><D129/><U119/><E107/><V23/><F66/><W75/><G105/><T17/><D102/><U6/><E119/><V94/><F10/><N who="3" m="2343" /><G93/><T41/><D87/><U116/><E116/><V123/><F123/><W69/><G57/><T125/><D17/><U19/><E71/><V134/><F134/><N who="3" m="51211" /><G121/><T77/><D9/><U80/><E31/><V40/><F40/><W67/><G69/><T131/><D77/><U114/><E114/><N who="0" m="43561" /><D131/><U132/><E132/><V45/><F54/><W55/><G55/><N who="0" m="31855" /><D41/><U27/><E80/><AGARI ba="0,0" hai="33,34,35,64,67,75,78,80" m="51211,2343" machi="80" ten="40,1300,0" yaku="20,1" doraHai="21" who="3" fromWho="1" sc="258,0,111,-13,187,0,444,13" /><INIT seed="5,0,0,2,3,45" ten="258,98,187,457" oya="1" hai0="11,40,125,100,54,73,98,43,118,49,31,117,64" hai1="107,74,112,56,96,79,4,9,53,82,116,6,99" hai2="15,69,68,27,14,25,16,134,104,67,58,60,51" hai3="102,24,8,7,39,91,132,124,120,87,71,2,114"/><U121/><E112/><V19/><F104/><W86/><G120/><T89/><D73/><U78/><E116/><V103/><F134/><W105/><G39/><T115/><D115/><U3/><E121/><V33/><F103/><W88/><G114/><T12/><D125/><U17/><E107/><V46/><F33/><W122/><G122/><T34/><D64/><U83/><E17/><V18/><F69/><W130/><G71/><T81/><D34/><U28/><E28/><V85/><F85/><W30/><G130/><T113/><D31/><U1/><E6/><V135/><F68/><W41/><G41/><T84/><D113/><U127/><E3/><V62/><F62/><W61/><G61/><T13/><D13/><N who="2" m="4618" /><F135/><W128/><G128/><T23/><D23/><U63/><REACH who="1" step="1"/><E127/><REACH who="1" ten="258,88,187,457" step="2"/><V48/><F48/><W119/><G124/><T66/><D118/><U72/><AGARI ba="0,1" hai="1,4,9,53,56,63,72,74,78,79,82,83,96,99" machi="72" ten="20,12000,1" yaku="1,1,2,1,0,1,7,1,9,1,53,0" doraHai="45" doraHaiUra="101" who="1" fromWho="1" sc="258,-40,88,130,187,-40,457,-40" /><INIT seed="5,1,0,3,4,124" ten="218,218,147,417" oya="1" hai0="40,80,118,18,2,89,135,43,55,86,51,119,87" hai1="97,79,76,72,19,90,26,63,71,94,73,8,117" hai2="65,115,77,50,109,99,11,7,108,14,83,133,103" hai3="61,25,84,69,48,130,23,56,4,92,67,104,34"/><U131/><E117/><V17/><F133/><W101/><G4/><T10/><D135/><U128/><E71/><V85/><F65/><W74/><G74/><T29/><D29/><U13/><E63/><V36/><F36/><W95/><G34/><T91/><D119/><U47/><E47/><V57/><F115/><W5/><G5/><T58/><D118/><U111/><E111/><V54/><REACH who="2" step="1"/><F7/><REACH who="2" ten="218,218,137,417" step="2"/><W100/><G67/><T42/><D2/><U53/><E53/><V132/><F132/><W16/><G69/><T3/><D3/><U0/><E0/><V9/><F9/><W59/><G104/><AGARI ba="1,1" hai="11,14,17,50,54,57,77,83,85,99,103,104,108,109" machi="104" ten="30,2000,0" yaku="1,1,7,1,53,0" doraHai="124" doraHaiUra="28" who="2" fromWho="3" sc="218,0,218,0,137,33,417,-23" /><INIT seed="6,0,0,4,4,55" ten="218,218,170,394" oya="2" hai0="45,14,2,86,15,118,63,89,42,8,85,84,26" hai1="117,46,71,60,111,24,52,72,65,121,0,130,120" hai2="49,113,5,134,90,54,58,32,27,91,12,11,79" hai3="38,68,64,28,10,96,109,43,99,76,19,31,124"/><V112/><F134/><W18/><G109/><T115/><D115/><N who="2" m="44106" /><F79/><W104/><G124/><T105/><D105/><U66/><E111/><V133/><F133/><W61/><G76/><T51/><D118/><U94/><E117/><V77/><F77/><W69/><G43/><T100/><D100/><U33/><E72/><V101/><F101/><W53/><G38/><T56/><D26/><U108/><E108/><V57/><F57/><W50/><G69/><T25/><D25/><U62/><E0/><V21/><F32/><W22/><G104/><T82/><D2/><U83/><E83/><V23/><F23/><W92/><G10/><T78/><D89/><U40/><E94/><V7/><F5/><W34/><G34/><T103/><D103/><U75/><E75/><V1/><F1/><W88/><G96/><T116/><D116/><U67/><E24/><V6/><F6/><W80/><G80/><T122/><D122/><N who="1" m="47211" /><E33/><V114/><N who="2" m="44114" /><V125/><DORA hai="97" /><F125/><W131/><G19/><AGARI ba="0,0" hai="7,11,12,19,21,27,49,54,58,90,91" m="44114" machi="19" ten="40,3900,0" yaku="15,1,52,1" doraHai="55,97" who="2" fromWho="3" sc="218,0,218,0,170,39,394,-39" /><INIT seed="6,1,0,3,5,103" ten="218,218,209,355" oya="2" hai0="23,125,45,6,66,57,11,51,98,0,60,112,90" hai1="37,7,62,36,68,56,130,50,58,79,132,97,1" hai2="96,22,117,73,129,53,116,55,71,59,114,3,25" hai3="2,49,88,121,27,13,30,81,124,127,100,9,83"/><V14/><F3/><W39/><G39/><N who="1" m="14922" /><E97/><V69/><F73/><W4/><G121/><T122/><D122/><U20/><E20/><V115/><F14/><W65/><G2/><T101/><D112/><N who="2" m="43050" /><F129/><W84/><G65/><T134/><D134/><U47/><E79/><V44/><F44/><W17/><G4/><T12/><D125/><N who="3" m="48201" /><G49/><T74/><D74/><U24/><E24/><V119/><F96/><W92/><G100/><T86/><D23/><AGARI ba="1,0" hai="9,13,17,23,27,30,81,83,84,88,92" m="48201" machi="23" ten="30,2000,0" yaku="18,1,54,1" doraHai="103" who="3" fromWho="0" sc="218,-23,218,0,209,0,355,23" /><INIT seed="7,0,0,5,1,10" ten="195,218,209,378" oya="3" hai0="100,39,130,49,106,110,33,29,50,43,131,25,63" hai1="75,73,61,119,91,118,122,66,38,70,0,4,132" hai2="47,74,57,23,51,54,86,93,117,53,111,114,96" hai3="83,123,16,81,105,17,12,120,11,113,13,87,21"/><W35/><G35/><T107/><D110/><U9/><E122/><V90/><F74/><N who="1" m="28169" /><E132/><V84/><F117/><N who="1" m="44553" /><E91/><V134/><F114/><W112/><G105/><T44/><D63/><U46/><E46/><V109/><F134/><W62/><G62/><T7/><D7/><U67/><E67/><V94/><F109/><W129/><G129/><T80/><D80/><N who="3" m="30793" /><G87/><T69/><D69/><U104/><E104/><V101/><F111/><W52/><G52/><N who="0" m="29735" /><D39/><AGARI ba="0,0" hai="0,4,9,38,39,61,66,70" m="44553,28169" machi="39" ten="30,2000,0" yaku="12,1,23,1" doraHai="10" who="1" fromWho="0" sc="195,-20,218,20,209,0,378,0" owari="175,-32.5,238,3.8,209,-19.1,378,47.8" /></mjloggm>