<mjloggm ver="2.3"><GO type="169" lobby="0"/><UN n0="%E4%BF%BA%54%55%45%45%45%45%45" n1="%43%55%4B%45%59" n2="%E9%87%A3%E3%82%8A%E6%97%A5%E5%92%8C" n3="%6E%61%74%73%75%6D%65%65" dan="17,16,17,16" rate="2211.25,2061.63,2204.55,2070.61" sx="M,M,M,F"/><TAIKYOKU oya="0"/><INIT seed="0,0,0,1,2,78" ten="250,250,250,250" oya="0" hai0="64,68,16,83,63,2,87,131,123,135,134,86,59" hai1="9,94,4,106,14,84,15,33,92,49,32,104,105" hai2="43,85,29,23,7,70,53,120,91,47,126,61,58" hai3="100,115,17,122,130,11,75,50,55,5,112,28,0"/><T110/><D123/><U109/><E109/><V69/><F126/><W129/><G75/><T27/><D2/><U51/><E84/><V8/><F120/><W18/><G100/><T127/><D127/><U39/><E39/><V45/><F23/><W125/><G125/><T30/><D110/><U21/><E21/><V118/><F29/><W98/><G98/><T65/><D131/><N who="3" m="50185" /><G55/><T35/><D86/><U54/><E54/><V24/><F24/><W72/><G50/><N who="1" m="18954" /><E9/><V19/><F19/><N who="3" m="7179" /><G72/><T80/><D16/><U121/><E4/><V99/><F99/><W26/><G122/><T89/><REACH who="0" step="1"/><D80/><REACH who="0" ten="240,250,250,250" step="2"/><U101/><E121/><V44/><F118/><W52/><G52/><T40/><D40/><U128/><E128/><V38/><F43/><W73/><G73/><T88/><D88/><U41/><E41/><V97/><F85/><W108/><G108/><T66/><D66/><U48/><E101/><V116/><F116/><W60/><G60/><AGARI ba="0,1" hai="27,30,35,59,60,63,64,65,68,83,87,89,134,135" machi="60" ten="40,7700,0" yaku="1,1,52,1,53,1" doraHai="78" doraHaiUra="81" who="0" fromWho="3" sc="240,87,250,0,250,0,250,-77" /><INIT seed="0,1,0,5,0,83" ten="327,250,250,173" oya="0" hai0="89,104,94,99,40,114,128,85,9,80,134,118,22" hai1="71,44,92,12,45,13,33,91,121,42,110,127,119" hai2="101,111,41,131,95,24,4,87,62,133,2,34,105" hai3="90,98,129,1,72,58,23,26,135,77,61,106,57"/><T67/><D114/><U51/><E119/><V96/><F111/><W29/><G1/><T107/><D118/><U27/><E121/><V78/><F133/><W47/><G135/><T102/><D134/><U88/><E110/><V68/><F131/><W76/><G129/><T100/><D128/><U116/><E127/><V14/><F2/><W18/><G72/><T103/><D40/><U120/><E71/><V54/><F41/><W43/><G29/><T132/><D132/><U59/><E120/><V84/><F78/><W74/><G74/><T49/><D67/><U113/><E33/><V97/><F34/><W28/><G28/><T37/><D37/><U32/><E32/><V56/><F24/><W64/><G58/><T52/><D22/><U10/><E27/><V81/><F81/><W125/><G125/><T3/><D9/><U60/><E13/><V5/><F68/><W66/><G66/><T0/><D0/><U6/><E45/><V7/><REACH who="2" step="1"/><F14/><REACH who="2" ten="327,250,240,173" step="2"/><W11/><G77/><T122/><D3/><U109/><E116/><V20/><F20/><W79/><G79/><T130/><D130/><U38/><E109/><V126/><F126/><W70/><G70/><T17/><D122/><U108/><E108/><V63/><F63/><W93/><G76/><T55/><D49/><U73/><E113/><V65/><F65/><W30/><G11/><T48/><D55/><U46/><E38/><V123/><F123/><W117/><G117/><T50/><D50/><N who="1" m="26903" /><E73/><V25/><F25/><W21/><G26/><T86/><D52/><N who="1" m="29815" /><E92/><V19/><F19/><W35/><G18/><RYUUKYOKU ba="1,1" sc="327,-15,250,15,240,15,173,-15" hai1="6,10,12,59,60,88,91" hai2="4,5,7,54,56,62,84,87,95,96,97,101,105" /><INIT seed="1,2,1,3,5,9" ten="312,265,255,158" oya="1" hai0="61,108,134,46,1,72,111,81,115,62,128,19,103" hai1="45,104,87,124,21,51,60,133,129,77,73,69,3" hai2="135,102,31,123,35,34,27,101,41,114,82,59,57" hai3="7,119,121,24,55,89,75,11,67,118,50,37,2"/><U30/><E104/><V83/><F123/><W40/><G121/><T47/><D1/><U107/><E133/><V106/><F135/><W88/><G75/><T17/><D134/><U122/><E129/><V85/><F114/><W36/><G67/><T38/><D115/><U14/><E124/><V97/><F41/><W32/><G24/><T96/><D72/><U39/><E3/><V0/><F0/><W120/><G32/><T18/><D81/><N who="1" m="47535" /><E107/><V66/><F102/><W26/><G26/><T64/><D128/><U49/><E39/><N who="3" m="14922" /><G40/><T13/><D38/><U116/><E116/><N who="3" m="44586" /><G120/><T23/><D108/><U127/><E69/><V70/><F35/><W20/><G20/><T52/><D111/><U42/><E127/><V84/><F70/><W56/><AGARI ba="2,1" hai="2,7,11,50,55,56,88,89" m="44586,14922" machi="56" ten="30,2000,0" yaku="12,1,54,1" doraHai="9" who="3" fromWho="3" sc="312,-7,265,-12,255,-7,158,36" /><INIT seed="2,0,0,4,2,3" ten="305,253,248,194" oya="2" hai0="4,124,32,6,12,69,65,8,111,61,75,18,10" hai1="30,45,13,92,46,48,121,23,84,112,41,134,51" hai2="93,35,132,125,90,17,107,64,47,56,135,99,100" hai3="89,77,20,97,79,114,57,31,39,63,52,108,115"/><V94/><F35/><W22/><G39/><T53/><D111/><U26/><E134/><N who="2" m="51243" /><F125/><W70/><G70/><T37/><D124/><U27/><E112/><N who="3" m="43050" /><G108/><T60/><D75/><U21/><E121/><V126/><F126/><W131/><G131/><T127/><D127/><U76/><E13/><V88/><F47/><W54/><G54/><T59/><D37/><U86/><E76/><N who="3" m="29258" /><G31/><T128/><D32/><U16/><REACH who="1" step="1"/><E92/><AGARI ba="0,0" hai="20,22,52,57,63,89,92,97" m="29258,43050" machi="92" ten="30,2000,0" yaku="11,1,54,1" doraHai="3" who="3" fromWho="1" sc="305,0,253,-20,248,0,194,20" /><INIT seed="3,0,0,2,2,25" ten="305,233,248,214" oya="3" hai0="60,132,8,51,133,107,102,91,58,78,86,0,31" hai1="24,131,30,87,49,71,28,99,41,92,56,120,34" hai2="123,112,20,2,81,115,134,55,88,127,48,126,130" hai3="111,98,73,69,85,103,108,7,29,42,52,50,76"/><W119/><G119/><T5/><D78/><U21/><E131/><V74/><F2/><W11/><G69/><T90/><D51/><U113/><E113/><V95/><F130/><W70/><G70/><T57/><D31/><N who="1" m="17807" /><E34/><V59/><F134/><N who="0" m="51818" /><D86/><U66/><E120/><V43/><F123/><W129/><G129/><T44/><D44/><N who="1" m="25743" /><E87/><V128/><F128/><W61/><G73/><T54/><D58/><U101/><E71/><V46/><F20/><W39/><G39/><T114/><D114/><U22/><E22/><V135/><F135/><W37/><G37/><T3/><D3/><U116/><E116/><V18/><F18/><W109/><G42/><T121/><D121/><U45/><E45/><V125/><F81/><N who="3" m="47271" /><G61/><AGARI ba="0,0" hai="28,30,56,61,66,92,99,101" m="25743,17807" machi="61" ten="30,8000,1" yaku="25,1,8,1,52,3" doraHai="25" who="1" fromWho="3" sc="305,0,233,80,248,0,214,-80" /><INIT seed="4,0,0,4,4,85" ten="305,313,248,134" oya="0" hai0="81,84,73,65,118,115,47,127,108,16,56,99,17" hai1="4,112,44,90,62,130,6,58,100,92,18,121,70" hai2="98,54,93,37,123,133,83,122,49,1,74,88,105" hai3="128,113,46,69,134,94,86,80,25,26,51,8,116"/><T64/><D118/><U3/><E121/><V57/><F37/><W76/><G116/><T103/><D115/><U126/><E112/><V95/><F1/><W110/><G113/><T35/><D127/><U55/><E130/><V101/><F95/><W53/><G110/><T13/><D73/><U30/><E126/><V5/><F5/><N who="1" m="2153" /><E3/><V34/><F34/><W40/><G134/><T45/><D35/><U61/><E30/><V119/><F119/><W38/><G128/><T66/><D56/><N who="1" m="34975" /><E100/><V27/><F27/><W97/><G69/><T79/><D108/><U52/><E18/><V117/><F117/><W28/><G8/><T7/><D7/><U63/><E70/><V71/><F71/><W22/><G26/><T129/><D17/><U75/><E75/><V23/><F23/><W131/><G131/><T67/><N who="0" m="16384" /><DORA hai="102" /><T12/><D129/><U82/><E82/><V36/><F36/><W39/><REACH who="3" step="1"/><G40/><REACH who="3" ten="305,313,248,124" step="2"/><T32/><D12/><U50/><E58/><V48/><F133/><W91/><AGARI ba="0,1" hai="22,25,28,38,39,46,51,53,76,80,86,91,94,97" machi="91" ten="20,12000,2" yaku="1,1,2,1,0,1,7,1,52,1,53,2" doraHai="85,102" doraHaiUra="42,20" who="3" fromWho="3" sc="305,-60,313,-30,248,-30,124,130" /><INIT seed="5,0,0,1,1,120" ten="245,283,218,254" oya="1" hai0="134,9,65,64,112,129,55,99,10,85,108,126,125" hai1="94,107,106,80,30,60,103,41,81,90,5,38,1" hai2="25,17,61,51,36,42,93,16,71,43,58,57,32" hai3="54,88,18,110,12,33,26,23,62,0,39,104,47"/><U91/><E30/><V116/><F116/><W52/><G104/><T73/><D73/><U35/><E35/><V101/><F36/><W114/><G0/><T127/><D112/><U133/><E60/><V27/><F71/><W50/><G114/><T135/><D99/><N who="1" m="59895" /><E41/><V19/><F32/><W102/><G110/><T37/><D37/><U131/><E5/><V53/><F101/><W68/><G102/><T45/><D108/><U72/><E1/><V76/><F76/><W49/><G39/><T59/><D45/><U105/><E133/><N who="0" m="50697" /><D85/><N who="1" m="50471" /><E131/><V3/><F3/><W100/><G100/><T82/><D129/><U115/><E115/><V83/><F83/><W97/><G68/><T21/><D82/><U67/><E67/><N who="0" m="25673" /><D21/><U123/><E123/><V95/><F58/><N who="3" m="33039" /><G62/><AGARI ba="0,0" hai="9,10,55,59,62,125,126,127" m="25673,50697" machi="62" ten="40,2600,0" yaku="18,1,20,1" doraHai="120" who="0" fromWho="3" sc="245,26,283,0,218,0,254,-26" /><INIT seed="6,0,0,1,5,121" ten="271,283,218,228" oya="2" hai0="59,93,56,129,9,73,65,111,95,82,128,44,104" hai1="122,85,110,94,108,61,27,4,50,103,62,134,16" hai2="22,120,99,47,6,41,53,115,83,70,112,109,100" hai3="98,106,0,64,102,135,20,90,92,89,86,79,87"/><V10/><F120/><W35/><G35/><T107/><D44/><U29/><E122/><V31/><F70/><W51/><G0/><T114/><D9/><U78/><E134/><V2/><F53/><W40/><G135/><T88/><D111/><U71/><E4/><V113/><F83/><W15/><G64/><T127/><D114/><U5/><E5/><V12/><F2/><W11/><G20/><T19/><D19/><U66/><E78/><V46/><F109/><W8/><G79/><N who="0" m="44399" /><D65/><U75/><E75/><V101/><F101/><W58/><G15/><T118/><D56/><U49/><E62/><V123/><F123/><W117/><G117/><T130/><D59/><U21/><E103/><V54/><F54/><W131/><G131/><T60/><D60/><U55/><E49/><V25/><REACH who="2" step="1"/><F41/><REACH who="2" ten="271,283,208,228" step="2"/><W96/><G58/><T43/><D43/><U37/><E108/><V57/><F57/><W116/><G116/><T63/><D118/><U67/><E110/><V81/><F81/><W36/><G40/><T126/><D63/><U125/><E61/><V133/><F133/><W30/><G102/><T91/><D127/><U68/><E125/><V97/><F97/><W33/><G98/><N who="0" m="57639" /><D126/><U13/><E71/><V23/><F23/><W7/><G33/><T24/><D129/><U119/><E68/><V1/><F1/><W105/><G96/><N who="0" m="57471" /><D130/><U84/><E67/><V28/><F28/><W69/><G30/><T18/><D128/><U132/><E66/><V72/><F72/><W45/><G69/><T32/><D32/><N who="1" m="20543" /><E132/><V38/><F38/><W77/><G36/><RYUUKYOKU ba="0,1" sc="271,15,283,-15,208,15,228,-15" hai0="18,24,104,107" hai2="6,10,12,22,25,31,46,47,99,100,112,113,115" /><INIT seed="6,1,1,3,1,6" ten="286,268,223,213" oya="2" hai0="119,2,43,101,3,64,8,105,88,87,109,90,34" hai1="89,127,132,5,121,117,114,107,81,130,92,44,83" hai2="68,33,40,1,10,79,20,17,134,37,129,65,76" hai3="26,86,62,38,59,124,104,60,97,115,0,103,24"/><V46/><F33/><W22/><G38/><T74/><D109/><U118/><E5/><V67/><F134/><W42/><G42/><T100/><D74/><U112/><E44/><V85/><F129/><W80/><G0/><T69/><D43/><U102/><E127/><V51/><F37/><W36/><G36/><T73/><D73/><U77/><E132/><V30/><F68/><W123/><G123/><T128/><D128/><U21/><E21/><V96/><F96/><W70/><G124/><T131/><D131/><U122/><E102/><V63/><F1/><W16/><G115/><N who="1" m="44074" /><E107/><V32/><F32/><W45/><G45/><T31/><D100/><U71/><E71/><V4/><F4/><W75/><G75/><T116/><D101/><U66/><E66/><V95/><F67/><W18/><G70/><T78/><D64/><U27/><E27/><N who="2" m="16743" /><F65/><W106/><G106/><T15/><D105/><U82/><E77/><V135/><F135/><W113/><G113/><T58/><D78/><U98/><E130/><V99/><F76/><N who="3" m="46343" /><G104/><T9/><D69/><U111/><E111/><V35/><F35/><W56/><G97/><T126/><D126/><U12/><E12/><N who="2" m="7319" /><F99/><W53/><G103/><T54/><D34/><U11/><E11/><V93/><F63/><N who="3" m="24107" /><G53/><T25/><D54/><U108/><E108/><V91/><F79/><W110/><G110/><T94/><D2/><U7/><E7/><V50/><F50/><W84/><G84/><N who="0" m="52487" /><D3/><U28/><E28/><V52/><F52/><W61/><G61/><T49/><D31/><U120/><AGARI ba="1,1" hai="81,82,83,89,92,98,117,118,120,121,122" m="44074" machi="120" ten="40,8000,1" yaku="13,1,15,1,34,2" doraHai="6" who="1" fromWho="1" sc="286,-21,268,93,223,-41,213,-21" /><INIT seed="7,0,0,1,2,73" ten="265,361,182,192" oya="3" hai0="45,108,132,81,127,130,57,8,93,21,125,54,85" hai1="31,100,23,109,30,72,76,111,84,44,77,89,47" hai2="28,27,135,88,60,112,29,82,49,95,80,133,6" hai3="48,123,3,121,97,70,66,79,96,5,10,11,1"/><W119/><G119/><T104/><D108/><U71/><E71/><V4/><F112/><W51/><G66/><T20/><D104/><U105/><E72/><V63/><F49/><W134/><G70/><T110/><D110/><U18/><E105/><V101/><F101/><W87/><G134/><N who="2" m="51209" /><F80/><W116/><G87/><T46/><D8/><U107/><E100/><V56/><F82/><W41/><G41/><T35/><D130/><U59/><E59/><V74/><F74/><W2/><G2/><T38/><D35/><U40/><E30/><N who="2" m="11883" /><F27/><W55/><G55/><T131/><D93/><N who="1" m="54439" /><E107/><V86/><F63/><W16/><G116/><T37/><D37/><U50/><E44/><V114/><F114/><W39/><G39/><T118/><D57/><U32/><E32/><V102/><F102/><W17/><REACH who="3" step="1"/><G79/><REACH who="3" ten="265,361,182,182" step="2"/><N who="1" m="30282" /><E111/><V83/><F83/><W58/><G58/><T92/><D54/><AGARI ba="0,1" hai="4,6,54,56,60,86,88,95" m="11883,51209" machi="54" ten="30,2000,0" yaku="20,1,54,1" doraHai="73" who="2" fromWho="0" sc="265,-20,361,0,182,30,182,0" owari="245,4.5,361,46.1,212,-18.8,182,-31.8" /></mjloggm>