<mjloggm ver="2.3"><GO type="169" lobby="0"/><UN n0="%E6%8E%A2%39" n1="%E3%81%86%E3%81%AA%E3%81%8E%E9%BA%BA" n2="%E7%94%9F%E5%BE%92%E4%BC%9A%E3%80%90%E5%BA%8F%E3%80%91" n3="%E3%83%9F%E3%82%B2%E3%83%BC%E3%83%AB%E6%94%B9" dan="17,17,17,16" rate="2184.16,2167.07,2159.45,2209.25" sx="M,M,M,M"/><TAIKYOKU oya="0"/><INIT seed="0,0,0,1,3,128" ten="250,250,250,250" oya="0" hai0="54,86,64,9,131,44,28,6,83,115,101,113,107" hai1="72,4,55,11,45,56,2,26,94,96,127,82,124" hai2="40,125,1,106,98,76,35,133,7,39,31,60,52" hai3="14,70,49,65,92,74,59,102,99,100,122,10,67"/><T91/><D64/><U23/><E45/><V34/><F125/><W69/><G74/><T85/><D131/><U89/><E82/><V25/><F76/><W51/><G122/><T38/><D28/><U87/><E72/><V36/><F35/><W105/><G105/><T95/><D107/><U81/><E81/><V29/><F29/><W88/><G69/><T12/><D101/><N who="3" m="39017" /><G70/><T118/><D118/><U79/><E79/><V32/><F32/><W111/><G111/><T120/><D120/><U73/><E73/><V50/><F106/><W17/><G51/><T53/><D53/><AGARI ba="0,0" hai="10,14,17,49,53,59,65,67,88,92,99" m="39017" machi="53" ten="30,2000,0" yaku="8,1,54,1" doraHai="128" who="3" fromWho="0" sc="250,-20,250,0,250,0,250,20" /><INIT seed="1,0,0,5,4,14" ten="230,250,250,270" oya="1" hai0="27,37,133,109,71,74,44,95,91,100,18,33,116" hai1="86,65,23,111,131,85,70,83,102,34,77,20,51" hai2="48,128,35,0,80,54,63,107,25,49,82,135,97" hai3="3,15,67,117,78,38,96,31,73,26,79,41,59"/><U122/><E122/><V93/><F0/><W115/><G115/><T66/><D116/><U61/><E34/><V76/><F107/><W103/><G3/><T32/><D74/><U130/><E111/><V46/><F128/><W118/><G38/><T9/><D100/><U114/><E114/><V123/><F123/><W55/><G67/><T11/><D133/><U113/><E113/><V6/><F6/><W1/><G1/><T98/><D109/><U94/><E51/><V22/><F35/><W132/><G41/><T42/><D9/><U19/><E20/><V126/><F126/><W68/><G68/><T50/><D37/><U89/><REACH who="1" step="1"/><E102/><REACH who="1" ten="230,240,250,270" step="2"/><V13/><F49/><W43/><G103/><T104/><D33/><U36/><E36/><V7/><F48/><W47/><G118/><T134/><D32/><U45/><E45/><V125/><F46/><W30/><G47/><T101/><D134/><U5/><E5/><V75/><F135/><W92/><G132/><T106/><D101/><U81/><E81/><V129/><F82/><W16/><G117/><T4/><D4/><U56/><E56/><N who="2" m="35223" /><F125/><W108/><G108/><T64/><D71/><U10/><E10/><N who="2" m="4319" /><F129/><W17/><G59/><T124/><D124/><U110/><E110/><V21/><F25/><AGARI ba="0,1" hai="19,23,25,61,65,70,77,83,85,86,89,94,130,131" machi="25" ten="40,3900,0" yaku="1,1,52,1,53,0" doraHai="14" doraHaiUra="105" who="1" fromWho="2" sc="230,0,240,49,250,-39,270,0" /><INIT seed="1,1,0,2,1,29" ten="230,289,211,270" oya="1" hai0="51,53,19,41,116,104,33,16,89,114,115,118,105" hai1="37,14,74,95,27,15,127,63,130,58,83,110,120" hai2="106,96,88,97,72,31,7,90,48,82,34,60,108" hai3="30,132,54,49,100,12,80,102,9,73,25,4,61"/><U128/><E120/><V117/><F117/><N who="0" m="45162" /><D41/><U133/><E37/><V28/><F108/><W75/><G132/><T135/><D51/><U81/><E133/><V71/><F7/><W10/><G61/><T98/><D135/><U84/><E74/><V76/><F48/><W103/><G10/><T17/><D53/><U121/><E121/><V40/><F40/><W2/><G2/><T134/><D134/><U65/><E110/><V123/><F28/><W107/><G107/><N who="0" m="41035" /><D89/><U86/><E95/><V99/><F106/><W1/><G80/><T42/><D42/><U85/><E27/><V69/><F123/><W93/><G93/><T45/><D45/><U47/><E47/><V131/><F131/><N who="1" m="50217" /><E127/><V92/><F90/><W6/><G1/><T39/><D98/><U11/><E14/><V46/><F46/><W3/><G3/><T0/><D0/><U66/><E66/><V36/><F36/><W55/><G55/><T67/><D39/><U32/><E32/><V23/><F34/><W113/><G54/><T119/><N who="0" m="45170" /><T111/><DORA hai="24" /><D67/><U35/><E35/><V126/><F99/><W59/><G59/><T62/><D33/><U87/><N who="1" m="21504" /><DORA hai="68" /><U26/><E26/><N who="2" m="16863" /><F97/><W129/><G25/><T78/><D111/><U112/><E112/><N who="0" m="43049" /><D78/><U43/><E43/><V8/><F96/><W109/><G113/><T77/><D77/><U5/><AGARI ba="1,0" hai="5,11,15,58,63,65,81,83" m="21504,50217" machi="5" ten="50,2400,0" yaku="19,1" doraHai="29,24,68" who="1" fromWho="1" sc="230,-9,289,27,211,-9,270,-9" /><INIT seed="1,2,0,0,5,30" ten="221,316,202,261" oya="1" hai0="123,65,99,58,39,38,135,90,17,80,64,9,93" hai1="130,72,4,51,89,14,25,79,125,98,52,47,110" hai2="28,86,36,5,63,69,49,94,97,112,12,109,133" hai3="81,54,15,18,22,119,46,55,113,10,124,96,118"/><U43/><E125/><V23/><F36/><W95/><G113/><T20/><D135/><U53/><E130/><V40/><F109/><W74/><G124/><T32/><D123/><U3/><E3/><V116/><F133/><W105/><G105/><T92/><D80/><U44/><E110/><V56/><F112/><W6/><G81/><T76/><D76/><U87/><E72/><V50/><F69/><W83/><G83/><T13/><D32/><U102/><E79/><V71/><F71/><W120/><G74/><T129/><D129/><U33/><E4/><V111/><F111/><W24/><G120/><T37/><D58/><U114/><E114/><V68/><F68/><W48/><REACH who="3" step="1"/><G55/><REACH who="3" ten="221,316,202,251" step="2"/><T101/><REACH who="0" step="1"/><D9/><REACH who="0" ten="211,316,202,251" step="2"/><U27/><E53/><N who="2" m="34191" /><F116/><W1/><G1/><T61/><D61/><U91/><E52/><V34/><F40/><W128/><G128/><T75/><D75/><U31/><E43/><V57/><F57/><W7/><G7/><T29/><D29/><U62/><E31/><V0/><F28/><W60/><G60/><T67/><D67/><U122/><E62/><V26/><F0/><W85/><G85/><AGARI ba="2,2" hai="13,17,20,37,38,39,64,65,85,90,92,93,99,101" machi="85" ten="40,1300,0" yaku="1,1,53,0" doraHai="30" doraHaiUra="131" who="0" fromWho="3" sc="211,39,316,0,202,0,251,-19" /><INIT seed="2,0,0,4,4,129" ten="250,316,202,232" oya="2" hai0="54,37,34,94,72,38,120,49,69,131,31,133,41" hai1="77,103,76,67,100,6,135,17,47,16,21,116,90" hai2="45,14,71,13,95,79,42,111,66,85,102,115,109" hai3="19,89,132,0,40,82,91,25,1,56,36,96,61"/><V26/><F115/><W9/><G36/><T92/><D120/><U110/><E116/><V101/><F71/><W112/><G40/><T39/><D72/><U18/><E110/><N who="2" m="41995" /><F66/><W128/><G128/><T27/><D131/><U86/><E67/><V74/><F74/><W108/><G112/><T32/><D32/><U24/><E6/><V68/><F68/><W123/><G123/><T73/><D73/><U11/><E47/><V5/><F26/><W125/><G125/><T12/><D41/><U121/><E121/><V70/><F70/><W2/><G108/><T10/><D69/><U64/><E64/><V55/><F55/><W126/><G126/><T7/><REACH who="0" step="1"/><D133/><REACH who="0" ten="240,316,202,232" step="2"/><U98/><E135/><V44/><F42/><W78/><G132/><T28/><D28/><U3/><E3/><V105/><F105/><W4/><G2/><T62/><D62/><U124/><E124/><V29/><F29/><W84/><G0/><T80/><D80/><U22/><E11/><V83/><F95/><W63/><G63/><T127/><D127/><U81/><E18/><V114/><F114/><W97/><G19/><T75/><D75/><U51/><E51/><V104/><F104/><W43/><G43/><T48/><D48/><U50/><E50/><V60/><F60/><W107/><G107/><T35/><D35/><U113/><E113/><V57/><F5/><W52/><REACH who="3" step="1"/><G25/><REACH who="3" ten="240,316,202,222" step="2"/><T20/><D20/><U134/><E134/><V118/><F13/><W117/><G117/><T65/><D65/><U53/><E24/><V46/><F118/><W119/><G119/><T8/><D8/><RYUUKYOKU ba="0,2" sc="240,15,316,-15,202,-15,222,15" hai0="7,10,12,27,31,34,37,38,39,49,54,92,94" hai3="1,4,9,52,56,61,78,82,84,89,91,96,97" /><INIT seed="3,1,2,5,5,80" ten="255,301,187,237" oya="3" hai0="27,126,53,45,5,38,85,93,129,18,110,47,30" hai1="121,31,116,128,112,24,127,14,100,29,17,16,98" hai2="135,4,21,118,55,91,58,76,120,48,32,124,20" hai3="111,11,96,57,61,107,15,13,23,117,134,34,59"/><W66/><G117/><T105/><D105/><U12/><E121/><V125/><F118/><W99/><G34/><T97/><D5/><U67/><E116/><V28/><F120/><W95/><G107/><T113/><D110/><U9/><E112/><V86/><F76/><W0/><G0/><T133/><D113/><U109/><E109/><V132/><F4/><W56/><G111/><T52/><D129/><U64/><E128/><V39/><F39/><W46/><G134/><N who="2" m="51241" /><F32/><W119/><G119/><T131/><D131/><U115/><E127/><N who="2" m="48715" /><F28/><W90/><G46/><N who="0" m="17419" /><D30/><U82/><E82/><AGARI ba="1,2" hai="20,21,48,55,58,82,86,91" m="48715,51241" machi="82" ten="30,3900,0" yaku="20,1,18,1,52,1" doraHai="80" who="2" fromWho="1" sc="255,0,301,-42,187,62,237,0" /><INIT seed="4,0,0,0,4,84" ten="255,259,249,237" oya="0" hai0="48,89,10,101,90,111,60,3,131,40,47,96,72" hai1="22,113,120,127,0,132,71,114,43,108,126,35,67" hai2="27,29,130,25,119,80,13,87,121,52,112,5,17" hai3="31,76,98,56,93,51,70,28,33,106,49,24,109"/><T2/><D72/><U41/><E35/><V64/><F121/><W77/><G109/><T26/><D111/><U134/><E0/><V73/><F73/><W129/><G70/><T88/><D131/><U75/><E75/><V78/><F112/><N who="1" m="43113" /><E108/><V116/><F130/><W14/><G106/><T46/><D60/><N who="1" m="40423" /><E22/><V45/><F64/><W97/><G129/><T12/><D26/><U102/><E102/><V66/><F66/><W135/><G135/><N who="1" m="51754" /><E120/><V92/><F5/><W34/><G14/><T86/><D86/><U9/><E9/><V44/><F119/><W21/><G21/><T115/><D115/><U1/><E1/><V122/><F122/><W117/><G117/><T81/><D81/><U63/><E63/><V54/><F116/><W19/><G24/><T61/><D61/><U58/><E58/><V99/><F27/><W110/><G110/><T30/><D30/><U100/><E100/><N who="2" m="60519" /><F25/><W68/><G68/><T53/><D12/><U118/><E118/><V55/><F29/><W15/><G56/><T23/><D23/><AGARI ba="0,0" hai="13,17,23,44,45,52,54,55,78,80,87" m="60519" machi="23" ten="30,2000,0" yaku="8,1,54,1" doraHai="84" who="2" fromWho="0" sc="255,-20,259,0,249,20,237,0" /><INIT seed="5,0,0,0,5,47" ten="235,259,269,237" oya="1" hai0="98,32,112,126,116,70,76,39,135,28,18,33,12" hai1="133,97,68,64,121,125,72,57,17,34,101,122,1" hai2="9,109,43,132,29,69,63,67,11,53,40,100,102" hai3="96,49,20,50,99,54,23,30,65,78,80,45,46"/><U128/><E72/><V35/><F109/><W93/><G65/><T114/><D70/><U66/><E68/><V0/><F132/><W37/><G37/><T13/><D39/><U2/><E34/><N who="0" m="13417" /><D76/><U120/><E133/><V111/><F111/><W87/><G30/><T31/><D98/><N who="3" m="37417" /><G93/><T103/><D103/><U51/><E128/><V48/><F29/><N who="0" m="11338" /><D135/><U88/><E125/><V6/><F11/><W22/><G22/><N who="0" m="11591" /><D116/><U124/><E124/><V59/><REACH who="2" step="1"/><F35/><REACH who="2" ten="235,259,259,237" step="2"/><W83/><G83/><T26/><D126/><U108/><E108/><V75/><F75/><W3/><G3/><T19/><D26/><U41/><E1/><V7/><F7/><W44/><G44/><T131/><D131/><U110/><E2/><V61/><F61/><W115/><G115/><T73/><D73/><U105/><E110/><V127/><F127/><W52/><AGARI ba="0,1" hai="20,23,45,46,49,50,52,54,78,80,87" m="37417" machi="52" ten="30,7900,0" yaku="8,1,52,2,54,1" doraHai="47" who="3" fromWho="3" sc="235,-20,259,-39,259,-20,237,89" /><INIT seed="6,0,0,0,4,48" ten="215,220,239,326" oya="2" hai0="123,96,117,84,88,7,21,3,77,23,71,56,91" hai1="17,63,45,61,37,120,107,14,13,114,92,4,130" hai2="26,116,129,50,20,75,70,82,74,101,1,105,12" hai3="99,80,135,15,49,58,85,51,72,113,64,16,9"/><V34/><F116/><W132/><G72/><T95/><D71/><U24/><E107/><V125/><F1/><W46/><G113/><T65/><D123/><U19/><E114/><V5/><F70/><W128/><G99/><T10/><D77/><U18/><E120/><V54/><F129/><W36/><G36/><T86/><D117/><U78/><E130/><V89/><F125/><W22/><G22/><T133/><D133/><N who="3" m="51273" /><G128/><T41/><D41/><U100/><E78/><V73/><F34/><W2/><G2/><T112/><D112/><U28/><E37/><V67/><F67/><W118/><G118/><T35/><D35/><U126/><E126/><V60/><F60/><N who="3" m="37911" /><G46/><T42/><D42/><U43/><E45/><V106/><F101/><W62/><G62/><T108/><D108/><U68/><E43/><V103/><F103/><W83/><G83/><T47/><D47/><U94/><E68/><V134/><F134/><W115/><G115/><T40/><D40/><U109/><E63/><V44/><F89/><AGARI ba="0,0" hai="9,15,16,49,51,80,85,89" m="37911,51273" machi="89" ten="30,2000,0" yaku="20,1,54,1" doraHai="48" who="3" fromWho="2" sc="215,0,220,0,239,-20,326,20" /><INIT seed="7,0,0,5,1,34" ten="215,220,219,346" oya="3" hai0="62,98,10,3,50,87,55,96,80,14,77,76,114" hai1="63,117,57,78,22,85,44,99,118,66,86,82,21" hai2="36,12,84,17,19,105,45,93,113,88,59,18,23" hai3="24,92,94,13,64,8,128,49,20,67,53,28,97"/><W2/><G2/><T79/><D3/><U9/><E99/><N who="0" m="37929" /><D62/><U75/><E9/><V35/><F35/><W132/><G132/><T52/><D114/><U129/><E129/><V43/><F105/><W73/><G73/><T115/><D115/><U37/><E37/><V27/><F113/><W135/><G128/><T131/><D131/><U4/><E4/><V116/><F116/><N who="1" m="44649" /><E44/><V39/><F39/><W40/><G40/><T130/><D130/><U95/><E95/><N who="3" m="36394" /><G97/><T11/><D11/><U102/><E102/><V91/><F59/><N who="3" m="33199" /><G135/><T89/><D50/><U71/><E71/><V60/><F60/><W68/><G68/><T108/><D108/><U121/><E121/><V47/><F47/><W127/><G127/><T26/><D26/><U46/><E46/><V74/><F74/><W103/><G103/><T90/><D90/><U65/><E65/><V111/><F91/><W25/><G25/><T54/><D89/><U15/><E15/><V29/><F111/><W48/><G48/><T100/><D100/><U6/><E6/><AGARI ba="0,0" hai="6,8,13,20,24,28,64,67" m="33199,36394" machi="6" ten="30,1500,0" yaku="8,1" doraHai="34" who="3" fromWho="1" sc="215,0,220,-15,219,0,346,15" /><AGARI ba="0,0" hai="6,10,14,52,54,55,76,77,79,80,87" m="37929" machi="6" ten="30,2000,0" yaku="8,1,54,1" doraHai="34" who="0" fromWho="1" sc="215,20,205,-20,219,0,361,0" owari="235,3.5,185,-31.5,219,-18.1,361,46.1" /></mjloggm>