<mjloggm ver="2.3"><GO type="225" lobby="0"/><UN n0="%E5%91%A8%E6%9D%B1" n1="%E3%81%BF%E3%81%BF%E3%81%9A" n2="%70%68%65%6E%6F%6D%65" n3="%E3%82%A4%E3%83%BC%E3%82%B1%E3%83%97%E3%83%A9" dan="16,17,16,17" rate="2157.66,2227.20,2194.17,2156.33" sx="M,M,M,M"/><TAIKYOKU oya="0"/><INIT seed="0,0,0,3,1,114" ten="250,250,250,250" oya="0" hai0="60,44,110,90,79,64,125,53,7,26,126,9,99" hai1="121,38,89,84,68,24,50,32,83,4,49,77,133" hai2="108,56,131,119,18,30,135,92,109,128,86,96,120" hai3="8,76,75,29,117,54,21,62,2,17,22,88,59"/><T52/><D79/><U57/><E121/><V39/><F39/><W6/><G117/><T36/><D26/><U43/><E68/><V104/><F30/><W11/><G29/><T74/><D74/><U130/><E130/><N who="2" m="49707" /><F18/><W70/><G70/><T132/><D132/><U51/><E133/><V81/><F56/><W103/><G103/><T5/><D110/><N who="2" m="42602" /><F135/><W55/><G55/><T33/><D33/><U100/><E100/><N who="2" m="62471" /><F120/><W97/><G76/><T42/><D5/><U3/><E57/><V20/><F20/><W35/><G75/><T46/><D46/><U25/><E32/><V37/><F37/><W19/><G35/><T78/><D7/><U69/><E69/><V40/><F40/><W95/><REACH who="3" step="1"/><G19/><REACH who="3" ten="250,250,250,240" step="2"/><T93/><D53/><U115/><E43/><V102/><F119/><W82/><G82/><T14/><D52/><U63/><E83/><V123/><F123/><W116/><G116/><T106/><D78/><U66/><E77/><N who="2" m="46383" /><F102/><W122/><G122/><T80/><D80/><U127/><E4/><V129/><F129/><W94/><G94/><AGARI ba="0,1" hai="92,94" m="46383,62471,42602,49707" machi="94" ten="30,7700,0" yaku="19,1,14,1,34,2" doraHai="114" who="2" fromWho="3" sc="250,0,250,0,250,87,240,-77" /><INIT seed="1,0,0,4,5,103" ten="250,250,337,163" oya="1" hai0="8,68,13,57,29,82,20,115,83,7,77,85,9" hai1="52,69,86,74,81,64,26,73,118,72,66,44,131" hai2="92,3,71,84,104,24,40,110,113,123,63,60,102" hai3="61,15,21,28,114,0,58,125,100,31,25,17,1"/><U98/><E118/><V53/><F123/><W56/><G114/><T11/><D68/><U51/><E131/><V76/><F3/><W37/><G125/><T36/><D36/><U4/><E69/><V101/><F113/><W79/><G37/><T129/><D115/><U97/><E4/><V96/><F110/><W14/><G79/><T50/><D129/><U109/><E109/><V27/><F40/><W117/><G117/><T49/><D83/><U116/><E116/><V16/><F71/><W67/><G100/><T6/><D57/><U38/><E38/><V124/><F124/><W105/><G105/><T91/><D91/><U132/><E132/><V134/><F134/><W95/><G95/><T41/><D50/><U22/><E98/><V45/><F102/><W111/><G111/><T10/><D6/><U12/><E12/><V59/><F45/><W94/><G94/><T107/><D107/><U65/><E97/><V47/><F47/><W18/><G56/><T2/><D2/><U93/><E93/><V78/><F60/><W48/><G48/><T39/><D39/><U19/><REACH who="1" step="1"/><E86/><REACH who="1" ten="250,240,337,163" step="2"/><V99/><F84/><W54/><G0/><T133/><D133/><U121/><E121/><V75/><F99/><W33/><G1/><T89/><D7/><U23/><E23/><N who="2" m="13415" /><F92/><W126/><G126/><T80/><D20/><U70/><E70/><V5/><F5/><W119/><G119/><T55/><D85/><U130/><E130/><V46/><F101/><W128/><G128/><T112/><D112/><U34/><E34/><V127/><F127/><W30/><G33/><RYUUKYOKU ba="0,1" sc="250,-10,240,30,337,-10,163,-10" hai1="19,22,26,44,51,52,64,65,66,72,73,74,81" /><INIT seed="1,1,1,3,4,130" ten="240,270,327,153" oya="1" hai0="87,73,74,79,113,85,115,106,0,7,126,33,18" hai1="61,24,6,41,110,9,45,3,65,16,132,10,35" hai2="21,12,62,105,27,116,72,55,75,88,102,36,123" hai3="78,108,89,76,91,86,131,53,8,37,129,80,22"/><U119/><E119/><V77/><F116/><W120/><G37/><T52/><D33/><U39/><E110/><V42/><F123/><W135/><G8/><T81/><D7/><U90/><E132/><V1/><F1/><W97/><G22/><T95/><D0/><U15/><E90/><V50/><F62/><W54/><G120/><T48/><D106/><U66/><REACH who="1" step="1"/><E61/><REACH who="1" ten="240,260,327,153" step="2"/><V109/><F88/><W13/><G108/><T68/><D115/><U111/><E111/><V124/><F109/><W44/><G91/><T134/><D113/><U101/><E101/><V58/><F102/><W19/><G135/><T121/><D134/><U25/><E25/><V103/><F27/><W133/><G133/><T96/><D121/><U70/><E70/><V98/><F124/><W99/><G129/><T71/><D126/><U5/><E5/><V60/><F60/><W57/><G131/><T56/><D71/><U14/><E14/><V17/><F77/><W112/><G112/><T28/><D68/><U92/><E92/><V4/><F4/><W94/><G78/><T104/><D95/><U26/><E26/><V117/><F117/><W84/><G13/><T32/><D79/><U127/><E127/><V40/><REACH who="2" step="1"/><F36/><REACH who="2" ten="240,260,317,153" step="2"/><W93/><G76/><T51/><D74/><AGARI ba="1,3" hai="12,17,21,40,42,50,55,58,72,74,75,98,103,105" machi="74" ten="40,2600,0" yaku="1,1,2,1,53,0" doraHai="130" doraHaiUra="64" who="2" fromWho="0" sc="240,-29,260,0,317,59,153,0" /><INIT seed="2,0,0,0,1,17" ten="211,260,376,153" oya="2" hai0="82,97,125,37,5,98,74,118,31,90,39,132,128" hai1="19,6,96,119,34,112,47,81,8,86,134,63,75" hai2="109,117,23,45,110,18,102,113,78,88,65,15,116" hai3="99,105,53,107,42,70,55,51,49,30,103,52,93"/><V87/><F113/><W123/><G123/><T122/><D5/><U50/><E112/><V10/><F78/><W27/><G70/><T26/><D122/><U3/><E119/><V33/><F33/><W89/><G42/><T46/><D118/><U62/><E75/><V108/><F102/><W36/><G36/><T38/><D132/><U121/><E121/><V24/><F45/><W120/><G120/><T92/><D128/><U12/><E134/><V20/><F65/><W61/><G61/><T40/><D125/><U80/><E96/><V111/><N who="2" m="27648" /><DORA hai="127" /><V7/><F20/><W48/><REACH who="3" step="1"/><G103/><REACH who="3" ten="211,260,376,143" step="2"/><T131/><D131/><U59/><E63/><V66/><F66/><W126/><G126/><T25/><D38/><U11/><E62/><V57/><F57/><W4/><G4/><T28/><D39/><U29/><E59/><V21/><F116/><W83/><G83/><T35/><D82/><U76/><E81/><V71/><F71/><W16/><G16/><T0/><D40/><U64/><E64/><V135/><F117/><W94/><G94/><T44/><D37/><U129/><E129/><V69/><F69/><W115/><G115/><T58/><D58/><U14/><E47/><V60/><F60/><W133/><G133/><T13/><D46/><U84/><E50/><V85/><F135/><W77/><G77/><T73/><D44/><U106/><E80/><V9/><F7/><W67/><G67/><T72/><D92/><U1/><E76/><V68/><F68/><W101/><G101/><T100/><D100/><U104/><E6/><V130/><F130/><RYUUKYOKU ba="0,1" sc="211,-10,260,-10,376,-10,143,30" hai3="27,30,48,49,51,52,53,55,89,93,99,105,107" /><INIT seed="3,1,1,3,0,75" ten="201,250,366,173" oya="3" hai0="30,126,109,24,3,25,39,59,84,37,36,9,45" hai1="56,112,58,93,115,44,104,65,42,127,49,68,14" hai2="79,55,17,88,19,16,114,31,64,35,52,1,89" hai3="97,110,123,23,22,91,40,47,13,62,63,124,15"/><W78/><G123/><T72/><D72/><U100/><E104/><V83/><F114/><N who="1" m="43561" /><E93/><V0/><F64/><W82/><G124/><T28/><D126/><U43/><E14/><N who="3" m="5130" /><G110/><T73/><D73/><U11/><E100/><V119/><F119/><W60/><G78/><T131/><D131/><U80/><E80/><V87/><F0/><W92/><G82/><T135/><D135/><U12/><E12/><V94/><F1/><W118/><G118/><T7/><D109/><U8/><E8/><V101/><F35/><W10/><G10/><T125/><D125/><U107/><E11/><V128/><F128/><W76/><G76/><T81/><D59/><N who="1" m="22571" /><E107/><V117/><F117/><W71/><G71/><T61/><D61/><N who="3" m="15617" /><W85/><DORA hai="20" /><G85/><T46/><D30/><U33/><E33/><V120/><F120/><W103/><G103/><T6/><D6/><U4/><E127/><V116/><F116/><W99/><G97/><T122/><D122/><U48/><E4/><V70/><F70/><W77/><G77/><T129/><D129/><U29/><E68/><V32/><F101/><W98/><G99/><T53/><D28/><U96/><E29/><V108/><F108/><W69/><G69/><T90/><REACH who="0" step="1"/><D53/><REACH who="0" ten="191,250,366,173" step="2"/><U18/><E65/><V95/><F32/><W54/><G54/><N who="2" m="20521" /><F31/><W130/><G130/><T132/><D132/><U102/><E18/><V67/><F67/><W74/><G74/><T38/><N who="0" m="9216" /><DORA hai="105" /><T113/><D113/><U134/><E134/><V34/><F34/><W133/><G133/><T111/><D111/><U50/><E42/><V26/><F19/><RYUUKYOKU ba="1,2" sc="191,10,250,10,366,-30,173,10" hai0="3,7,9,24,25,45,46,81,84,90" hai1="43,44,48,49,50,96,102" hai3="22,23,40,47,91,92,98" /><INIT seed="3,2,2,0,1,9" ten="201,260,336,183" oya="3" hai0="21,85,75,30,27,36,77,115,126,22,41,79,73" hai1="67,74,86,133,20,82,90,39,107,120,111,59,31" hai2="58,127,13,48,3,130,89,45,29,129,15,53,116" hai3="24,10,40,43,37,38,109,102,12,19,101,26,96"/><W65/><G109/><T57/><D126/><U54/><E120/><V61/><F127/><W87/><G65/><T106/><D106/><U34/><E39/><V91/><F3/><W25/><G38/><T11/><D115/><U112/><E111/><V76/><F76/><W71/><G71/><T33/><D57/><U94/><E34/><V132/><F116/><W1/><G1/><T122/><D122/><U8/><E107/><V16/><F29/><W114/><G114/><T125/><D125/><U50/><E133/><V17/><F132/><W121/><G121/><T123/><D123/><U103/><E112/><V110/><F110/><W42/><G37/><T95/><D77/><U80/><E74/><V119/><F119/><W55/><G87/><T62/><D62/><N who="1" m="38367" /><E8/><N who="2" m="6183" /><F130/><W88/><G55/><T117/><D117/><U49/><E103/><V81/><F81/><N who="1" m="31337" /><E54/><N who="2" m="29967" /><F129/><W78/><G78/><T105/><D105/><U6/><E6/><V70/><F70/><W60/><G60/><T28/><D79/><U97/><E86/><V47/><F47/><W83/><G83/><T124/><D85/><U134/><E134/><V32/><F32/><W4/><G4/><T51/><D33/><U35/><E35/><V5/><F5/><W118/><G118/><T69/><D69/><U135/><E135/><V52/><F53/><W7/><G7/><T14/><D124/><U128/><E128/><V0/><F0/><W131/><G131/><T100/><D75/><U72/><E72/><V113/><F113/><W2/><G2/><T66/><D73/><U92/><E92/><AGARI ba="2,2" hai="10,12,19,24,25,26,40,42,43,88,92,96,101,102" machi="92" ten="40,7700,0" yaku="8,1,52,1,54,1" doraHai="9" who="3" fromWho="1" sc="201,0,260,-83,336,0,183,103" /><INIT seed="3,3,0,4,3,109" ten="201,177,336,286" oya="3" hai0="21,14,29,4,76,36,85,28,79,91,62,114,6" hai1="55,99,82,102,123,0,69,124,65,111,81,35,77" hai2="122,68,46,103,27,52,117,49,48,47,93,57,130" hai3="84,83,18,106,121,64,32,97,54,118,5,7,126"/><W30/><G118/><T63/><D36/><U110/><E123/><V58/><F68/><W42/><G121/><T104/><D104/><U132/><E0/><V101/><F122/><W15/><G126/><T108/><D108/><U105/><E124/><V78/><F117/><W131/><G131/><T1/><D1/><U98/><E132/><V2/><F2/><W119/><G119/><T37/><D37/><U113/><E82/><V24/><F130/><W88/><G42/><T60/><D114/><U38/><E55/><N who="2" m="31975" /><F78/><N who="0" m="29738" /><D21/><U100/><E38/><V67/><F47/><W3/><G64/><T39/><D39/><U133/><E133/><V11/><F11/><W107/><G3/><T73/><D73/><N who="1" m="43183" /><E65/><V44/><F46/><W25/><G54/><T112/><D112/><U12/><E12/><V71/><F71/><W51/><G51/><T70/><D70/><U10/><E10/><V9/><F9/><W134/><G134/><T50/><D50/><U125/><E35/><V74/><F74/><W116/><G116/><T90/><D14/><U23/><E69/><V89/><F67/><W61/><G61/><T45/><D45/><U115/><E125/><V16/><F44/><W8/><REACH who="3" step="1"/><G97/><REACH who="3" ten="201,177,336,276" step="2"/><T40/><D40/><U92/><E111/><V94/><F49/><W86/><G86/><T17/><D85/><U56/><E110/><V80/><F52/><W87/><G87/><T66/><D66/><U72/><E72/><V20/><F58/><W31/><G31/><N who="0" m="11851" /><D17/><U43/><E43/><V53/><F53/><W33/><G33/><T127/><D127/><U22/><E56/><RYUUKYOKU ba="3,1" sc="201,10,177,10,336,-30,276,10" hai0="4,6,60,62,63,90,91" hai1="22,23,92,98,99,100,102,105,113,115" hai3="5,7,8,15,18,25,30,32,83,84,88,106,107" /><INIT seed="3,4,1,5,5,134" ten="211,187,306,286" oya="3" hai0="89,25,108,91,110,122,123,135,20,46,131,132,2" hai1="0,34,93,107,117,118,61,94,85,8,44,18,6" hai2="88,19,36,10,90,35,119,1,59,102,86,97,63" hai3="42,39,50,5,69,49,126,115,112,71,125,128,41"/><W53/><G128/><T60/><D60/><U24/><E107/><V43/><F35/><W95/><G95/><N who="1" m="36362" /><E85/><V84/><F119/><N who="1" m="45577" /><E61/><V80/><F36/><W83/><G39/><T68/><D131/><U58/><E58/><V31/><F31/><W30/><G30/><N who="0" m="17703" /><D68/><N who="3" m="26185" /><G83/><T14/><D2/><U81/><E81/><N who="2" m="49167" /><F1/><W64/><G64/><T4/><D46/><U106/><E106/><V62/><F97/><W33/><G5/><T29/><D29/><N who="1" m="19751" /><E18/><V51/><F62/><W111/><G33/><T92/><D132/><U65/><E44/><N who="2" m="26015" /><F102/><W133/><G133/><T130/><D135/><U77/><E77/><V78/><F78/><W87/><G87/><N who="0" m="52287" /><D130/><U26/><E26/><V72/><F72/><W23/><G23/><T28/><D28/><U52/><E52/><N who="2" m="34279" /><F19/><W54/><G54/><T104/><D104/><U55/><E55/><V40/><F40/><N who="3" m="15467" /><G49/><T96/><D96/><U57/><E57/><V22/><F22/><W129/><G129/><T109/><D91/><U38/><E38/><V15/><F10/><AGARI ba="4,1" hai="4,10,14,108,109,110,122,123" m="52287,17703" machi="10" ten="30,1000,0" yaku="14,1" doraHai="134" who="0" fromWho="2" sc="211,32,187,0,306,-22,286,0" /><INIT seed="4,0,0,5,2,67" ten="243,187,284,286" oya="0" hai0="58,42,91,36,32,8,0,114,129,50,131,19,62" hai1="71,90,72,94,26,77,25,103,128,100,97,39,27" hai2="24,93,132,49,120,35,74,101,5,64,92,99,31" hai3="68,121,13,55,51,40,41,29,89,110,56,95,53"/><T82/><D32/><U85/><E128/><N who="0" m="49225" /><D114/><U60/><E39/><V48/><F120/><W61/><G110/><T117/><D117/><U46/><E46/><V33/><F132/><W124/><G121/><T81/><D36/><U96/><E72/><V108/><F108/><W57/><G124/><T59/><D91/><U135/><E135/><V87/><F74/><W65/><G29/><T3/><D19/><U88/><E77/><V86/><F35/><W2/><G2/><N who="0" m="555" /><D8/><U4/><E4/><V98/><F5/><W12/><G12/><T111/><D111/><U15/><E15/><V109/><F109/><W54/><G13/><T105/><D105/><U75/><E75/><V10/><F10/><W16/><G16/><T122/><D122/><U52/><E85/><V9/><F9/><W7/><G7/><T133/><D133/><U66/><REACH who="1" step="1"/><E52/><REACH who="1" ten="243,177,284,286" step="2"/><V38/><F38/><W34/><G55/><N who="0" m="32119" /><D42/><U112/><E112/><V17/><F87/><N who="3" m="52671" /><G41/><T45/><D45/><U6/><E6/><V37/><F37/><W18/><G40/><T130/><N who="0" m="49233" /><T28/><DORA hai="125" /><D28/><U113/><E113/><V123/><F86/><W106/><G53/><AGARI ba="0,1" hai="53,59,62,81,82" m="32119,555,49233" machi="53" ten="40,12000,1" yaku="19,1,52,4" doraHai="67,125" who="0" fromWho="3" sc="243,130,177,0,284,0,286,-120" owari="373,47.3,177,-22.3,284,8.4,166,-33.4" /></mjloggm>