<mjloggm ver="2.3"><GO type="225" lobby="0"/><UN n0="%E3%83%A9%E3%82%B9%E7%8E%87%EF%BC%93%E5%89%B2" n1="%E6%81%A5%E6%99%92%E3%81%97" n2="%E3%82%BC%E3%83%AB%E3%83%80%E3%81%AE%E4%BC%9D%E8%AA%AC" n3="%E3%83%96%E3%83%83%E3%83%91%E3%82%AA%E3%83%96%E3%83%81%E3%82%AD%E3%83%B3" dan="17,16,17,16" rate="2192.44,2052.36,2133.68,2122.98" sx="F,M,M,M"/><TAIKYOKU oya="0"/><INIT seed="0,0,0,4,2,15" ten="250,250,250,250" oya="0" hai0="57,2,17,133,100,22,34,1,70,32,123,95,39" hai1="41,55,84,7,44,78,115,74,10,11,93,24,43" hai2="121,88,58,67,81,6,25,42,114,64,107,50,16" hai3="131,5,62,23,99,12,103,19,40,69,82,83,51"/><T79/><D70/><U0/><E115/><V86/><F121/><W56/><G131/><T65/><D39/><U3/><E24/><V38/><F114/><W80/><G69/><T118/><D123/><U28/><E28/><V45/><F107/><W85/><G5/><T76/><D118/><U20/><E55/><V98/><F6/><W47/><G103/><T13/><D133/><U4/><E20/><N who="2" m="13447" /><F38/><W26/><G99/><T101/><D32/><U110/><E110/><V75/><F75/><W63/><G63/><T27/><D34/><U66/><E66/><N who="2" m="25131" /><F98/><W120/><G120/><T61/><D2/><U31/><E31/><V90/><F58/><W135/><G135/><T129/><D1/><U52/><E74/><V77/><AGARI ba="0,0" hai="42,45,50,77,81,86,88,90" m="25131,13447" machi="77" ten="30,7900,0" yaku="8,1,52,1,54,2" doraHai="15" who="2" fromWho="2" sc="250,-39,250,-20,250,79,250,-20" /><INIT seed="1,0,0,0,0,102" ten="211,230,329,230" oya="1" hai0="77,37,82,58,115,30,31,91,108,21,65,126,20" hai1="13,104,79,99,48,133,70,29,1,51,38,59,27" hai2="84,16,69,124,7,45,114,73,12,6,0,10,134" hai3="135,127,107,111,101,24,52,2,96,87,122,110,113"/><U47/><E70/><V8/><F73/><W39/><G122/><T26/><D37/><U98/><E1/><V17/><F69/><W95/><G113/><T9/><D115/><U15/><E38/><V118/><F114/><W72/><G2/><T60/><D108/><N who="3" m="41513" /><G39/><T78/><D126/><U74/><E133/><V112/><F112/><W42/><G42/><T67/><D9/><U94/><E104/><V71/><F71/><W105/><G127/><T63/><D91/><U50/><E59/><V23/><F124/><W121/><G121/><T123/><D123/><U125/><E125/><V109/><F109/><W28/><G72/><T93/><D93/><U54/><E79/><V128/><F118/><W33/><G135/><T4/><D4/><U76/><E76/><V130/><F134/><W100/><G100/><T40/><D40/><U81/><E74/><V32/><F32/><W62/><G87/><T83/><D58/><AGARI ba="0,0" hai="24,28,33,52,58,62,95,96,101,105,107" m="41513" machi="58" ten="30,7700,0" yaku="14,1,52,2,54,1" doraHai="102" who="3" fromWho="0" sc="211,-77,230,0,329,0,230,77" /><INIT seed="2,0,0,2,5,41" ten="134,230,329,307" oya="2" hai0="40,79,92,36,90,133,135,77,132,102,37,110,42" hai1="19,93,54,34,78,75,130,82,17,63,131,55,106" hai2="8,47,124,108,66,105,88,94,119,46,30,57,128" hai3="29,28,4,115,18,99,129,114,71,51,89,98,72"/><V6/><F105/><W45/><G72/><T31/><D31/><N who="3" m="11849" /><G71/><T117/><D117/><U26/><E106/><V39/><F119/><W85/><G4/><T9/><D102/><U13/><E34/><V100/><F39/><W127/><G127/><T86/><D110/><U104/><E104/><V14/><F108/><W49/><G49/><T76/><REACH who="0" step="1"/><D9/><REACH who="0" ten="124,230,329,307" step="2"/><U69/><E130/><V113/><F128/><W122/><G129/><T38/><AGARI ba="0,1" hai="36,37,38,40,42,76,77,79,86,90,92,132,133,135" machi="38" ten="50,16000,3" yaku="1,1,2,1,0,1,29,2,20,1,53,3" doraHai="41" doraHaiUra="74" who="0" fromWho="0" sc="124,170,230,-40,329,-80,307,-40" /><INIT seed="3,0,0,2,1,131" ten="294,190,249,267" oya="3" hai0="44,36,93,91,113,43,102,99,24,122,59,25,61" hai1="21,132,50,15,4,22,127,80,9,118,64,41,16" hai2="0,42,94,6,72,58,12,20,104,130,73,63,89" hai3="120,39,106,90,14,87,81,68,84,114,77,1,18"/><W129/><G120/><T135/><D135/><U3/><E127/><V10/><F104/><W70/><G129/><T57/><D122/><U5/><E118/><V111/><F130/><W95/><G114/><T117/><D117/><U46/><E132/><V112/><F112/><W71/><G39/><T40/><D113/><U30/><E64/><V49/><F111/><W115/><G115/><T110/><D110/><U17/><E30/><V108/><F108/><W69/><N who="3" m="17408" /><DORA hai="121" /><W35/><G106/><T33/><D33/><U29/><E29/><V45/><F20/><W119/><G119/><T83/><D43/><U134/><E134/><V56/><F0/><W62/><G35/><T52/><D59/><U48/><E80/><V2/><F2/><W109/><G1/><T28/><D28/><U23/><REACH who="1" step="1"/><E50/><REACH who="1" ten="294,180,249,267" step="2"/><V128/><F128/><W124/><G124/><T75/><D83/><U31/><E31/><V38/><F49/><W32/><G109/><T123/><D123/><U96/><E96/><V78/><F78/><W97/><G32/><T34/><D34/><U103/><E103/><V79/><F79/><W74/><REACH who="3" step="1"/><G62/><REACH who="3" ten="294,180,249,257" step="2"/><T51/><D61/><U26/><E26/><V8/><F63/><W133/><G133/><T98/><D25/><U100/><E100/><V126/><F126/><W27/><G27/><T101/><D24/><U107/><E107/><V76/><F38/><W116/><G116/><T60/><D102/><U105/><E105/><V54/><F76/><W88/><G88/><T65/><D101/><U55/><E55/><V82/><F54/><W37/><G37/><RYUUKYOKU ba="0,2" sc="294,-15,180,15,249,-15,257,15" hai1="3,4,5,9,15,16,17,21,22,23,41,46,48" hai3="14,18,74,77,81,84,87,90,95,97" /><INIT seed="3,1,2,3,4,77" ten="279,195,234,272" oya="3" hai0="72,22,98,82,100,3,99,74,116,34,102,14,117" hai1="54,40,115,43,107,67,68,38,95,23,75,130,129" hai2="114,65,27,7,29,4,93,86,30,63,120,83,60" hai3="62,42,125,103,124,66,64,52,21,20,41,78,45"/><W73/><G103/><T39/><D34/><U87/><E107/><V119/><F119/><N who="0" m="45642" /><D22/><N who="3" m="8809" /><G73/><N who="0" m="28267" /><D14/><U69/><E75/><V17/><F114/><W112/><G112/><T11/><D11/><U106/><E106/><V0/><F120/><W24/><G78/><T128/><D39/><U122/><E122/><V36/><F36/><N who="3" m="21671" /><G24/><T32/><D32/><U121/><E121/><V44/><F0/><W133/><G42/><N who="1" m="15914" /><E38/><V50/><F93/><W79/><G79/><T76/><D3/><U92/><E115/><V18/><F44/><W12/><G12/><T2/><D2/><U47/><E23/><V37/><F37/><W56/><G133/><T9/><D9/><U31/><E31/><V127/><F50/><W19/><G19/><T113/><D113/><U59/><E47/><V94/><F94/><N who="1" m="35881" /><E67/><V135/><F65/><W61/><G61/><T46/><D46/><U70/><E70/><V49/><F135/><W51/><G62/><T15/><D102/><U105/><E105/><V97/><F60/><W57/><G57/><T131/><D100/><U85/><E69/><V33/><F63/><W8/><G8/><T58/><D58/><U1/><E68/><V134/><F134/><W108/><G108/><T28/><D28/><U48/><E1/><V55/><F29/><W109/><G109/><T71/><D71/><U123/><E123/><V111/><F111/><W5/><G5/><T84/><D15/><U132/><E132/><V110/><F110/><W126/><AGARI ba="1,2" hai="51,52,56,64,66,124,125,126" m="21671,8809" machi="126" ten="40,3900,0" yaku="18,1,54,1" doraHai="77" who="3" fromWho="3" sc="279,-14,195,-14,234,-14,272,62" owari="265,6.5,181,-31.9,220,-18.0,334,43.4" /></mjloggm>