<mjloggm ver="2.3"><GO type="169" lobby="0"/><UN n0="%6F%6B%62%6F%6B%62" n1="%43%72%37" n2="%E5%8D%97%E5%B8%9D%E5%8D%97%E6%B5%A6" n3="%E5%B0%8F%E5%AE%AE%E7%95%B3%E5%BA%97" dan="17,18,17,16" rate="2201.56,2223.72,2209.90,2101.15" sx="M,M,M,M"/><TAIKYOKU oya="0"/><INIT seed="0,0,0,5,0,102" ten="250,250,250,250" oya="0" hai0="77,43,125,69,82,34,126,9,56,98,24,84,121" hai1="16,112,2,96,133,124,21,20,54,117,27,103,111" hai2="37,59,131,88,11,48,65,130,14,118,46,134,105" hai3="64,63,110,7,30,68,106,39,60,72,19,91,17"/><T86/><D69/><U52/><E117/><V87/><F105/><W81/><G110/><T100/><D121/><U32/><E2/><V5/><F134/><W42/><G30/><N who="0" m="19783" /><D9/><U6/><E32/><V116/><F37/><W45/><G63/><T74/><D56/><U94/><E6/><V18/><F5/><W78/><G106/><N who="0" m="63767" /><D43/><U23/><E124/><AGARI ba="0,0" hai="74,77,82,84,86,124,125,126" m="63767,19783" machi="124" ten="30,2900,0" yaku="18,1,52,1" doraHai="102" who="0" fromWho="1" sc="250,29,250,-29,250,0,250,0" /><INIT seed="0,1,0,5,3,12" ten="279,221,250,250" oya="0" hai0="112,110,113,52,5,55,21,64,65,117,56,49,127" hai1="74,79,78,103,98,131,96,38,16,104,75,109,1" hai2="29,30,77,97,130,18,63,88,99,87,26,83,0" hai3="122,50,48,89,61,8,15,40,128,7,93,22,36"/><T53/><D5/><U68/><E1/><V44/><F130/><W27/><G128/><T19/><D117/><U69/><E131/><V85/><F0/><W37/><G122/><T70/><D127/><U101/><E38/><V91/><F63/><W133/><G133/><T115/><D110/><U6/><E6/><V13/><F44/><W72/><G72/><N who="1" m="27690" /><E16/><V33/><F30/><W14/><G14/><T124/><D124/><U81/><E68/><V100/><F87/><W51/><G61/><T76/><D76/><N who="1" m="29227" /><E69/><V86/><F100/><N who="1" m="38473" /><E109/><V46/><F46/><W23/><G40/><T116/><D116/><U57/><E57/><V17/><F77/><W92/><G23/><T35/><D35/><U82/><E104/><V34/><F34/><W59/><G59/><T114/><N who="0" m="28672" /><DORA hai="67" /><T102/><D102/><U106/><E106/><V129/><F129/><W66/><G66/><T90/><D90/><U62/><E62/><V134/><F134/><W135/><G135/><T95/><D70/><U31/><E31/><V125/><F125/><W43/><G43/><T2/><D2/><U11/><E11/><V28/><F28/><W10/><G10/><T60/><D64/><U4/><E4/><V84/><F13/><W9/><G8/><T111/><D111/><U20/><E20/><N who="2" m="15559" /><F91/><W119/><G89/><T121/><D49/><U94/><E94/><N who="3" m="36458" /><G119/><T45/><D95/><U123/><E123/><V73/><F33/><W80/><G37/><T24/><REACH who="0" step="1"/><D45/><REACH who="0" ten="269,221,250,250" step="2"/><U41/><E41/><V58/><F73/><W132/><G132/><T32/><D32/><U126/><E126/><RYUUKYOKU ba="1,1" sc="269,15,221,15,250,-15,250,-15" hai0="19,21,24,52,53,55,56,60,65,121" hai1="81,82,96,98" /><INIT seed="0,2,1,0,4,91" ten="284,236,235,235" oya="0" hai0="18,10,121,25,67,50,93,39,112,58,77,131,114" hai1="29,42,78,56,98,63,26,30,109,68,82,122,12" hai2="133,100,85,3,16,124,90,103,41,40,105,125,126" hai3="60,86,51,21,20,45,89,9,119,130,53,65,128"/><T2/><D121/><U116/><E109/><V108/><F108/><W79/><G79/><T84/><D39/><U33/><E122/><V54/><F133/><W23/><G119/><T62/><D131/><N who="3" m="50217" /><G9/><T102/><D2/><U19/><E116/><V14/><F3/><W110/><G110/><T49/><D112/><U74/><E68/><V135/><F135/><W104/><G104/><T64/><D64/><U13/><E42/><V76/><F76/><W36/><G36/><T24/><D114/><U15/><E30/><V48/><F105/><W106/><G106/><T57/><D77/><U46/><E46/><N who="2" m="27927" /><F41/><W61/><G65/><T35/><D35/><U44/><E44/><V96/><F96/><W7/><G7/><T120/><D120/><U72/><E98/><V99/><F99/><W11/><G11/><T28/><D28/><U1/><E1/><V34/><F40/><W115/><G115/><T129/><D129/><U43/><E43/><V111/><F34/><W117/><G117/><T107/><D107/><U101/><E101/><V59/><F59/><W113/><G113/><T94/><D102/><U75/><REACH who="1" step="1"/><E19/><REACH who="1" ten="284,226,235,235" step="2"/><V52/><F111/><W27/><G27/><N who="0" m="10315" /><D57/><U73/><E73/><V83/><F52/><AGARI ba="2,2" hai="12,13,15,26,29,33,52,56,63,72,74,75,78,82" machi="52" ten="40,2600,0" yaku="1,1,54,1,53,0" doraHai="91" doraHaiUra="118" who="1" fromWho="2" sc="284,0,226,52,235,-32,235,0" /><INIT seed="1,0,0,3,2,53" ten="284,278,203,235" oya="1" hai0="71,42,24,20,74,115,81,32,46,55,109,76,93" hai1="35,129,108,12,36,67,112,22,79,91,104,122,124" hai2="135,120,31,89,45,60,68,5,33,98,50,25,107" hai3="23,73,19,85,56,48,10,127,114,61,57,113,54"/><U78/><E35/><V14/><F120/><W119/><G73/><T86/><D109/><U83/><E36/><V94/><F135/><W100/><G127/><T18/><D71/><U63/><E112/><V52/><F107/><W6/><G119/><T34/><D115/><U131/><E104/><V17/><F5/><W59/><G100/><T62/><D74/><U132/><E122/><V133/><F133/><W80/><G114/><T123/><D93/><U101/><E101/><V26/><F26/><W4/><G113/><T92/><D92/><U47/><E47/><V128/><F128/><N who="1" m="49225" /><E132/><V82/><F82/><W9/><G61/><T130/><D123/><U84/><E124/><V7/><F7/><N who="3" m="2603" /><G9/><T126/><D126/><U88/><E91/><V95/><F95/><W75/><G10/><T3/><D3/><U65/><E108/><V87/><F60/><W121/><G75/><T29/><D130/><U97/><E97/><V69/><REACH who="2" step="1"/><F98/><REACH who="2" ten="284,278,193,235" step="2"/><W0/><G0/><T16/><D62/><U1/><E1/><V90/><F90/><N who="3" m="51495" /><G121/><T41/><D32/><U116/><E116/><V58/><F58/><W134/><G134/><T11/><D34/><U49/><E67/><V66/><F66/><W8/><G8/><AGARI ba="0,1" hai="8,14,17,25,31,33,45,50,52,68,69,87,89,94" machi="8" ten="30,7700,0" yaku="1,1,7,1,54,1,53,1" doraHai="53" doraHaiUra="51" who="2" fromWho="3" sc="284,0,278,0,193,87,235,-77" /><INIT seed="2,0,0,3,4,63" ten="284,278,280,158" oya="2" hai0="6,123,134,7,14,3,86,106,2,91,126,50,83" hai1="114,61,9,118,120,64,23,117,99,113,98,105,81" hai2="115,89,97,75,74,16,128,1,44,119,46,102,57" hai3="127,27,73,116,111,95,40,85,37,90,110,104,58"/><V30/><F119/><N who="1" m="45577" /><E23/><V32/><F115/><N who="1" m="44041" /><E9/><V20/><F128/><W88/><G116/><T124/><D123/><U13/><E13/><V112/><F112/><W69/><G127/><N who="0" m="48683" /><D106/><U34/><E34/><V108/><F108/><N who="3" m="41515" /><G69/><T38/><D38/><U70/><E81/><V55/><F1/><N who="0" m="10" /><D134/><U103/><E99/><V33/><F75/><W121/><G121/><AGARI ba="0,0" hai="61,64,70,98,103,105,120,121" m="44041,45577" machi="121" ten="40,2600,0" yaku="23,1,52,1" doraHai="63" who="1" fromWho="3" sc="284,0,278,26,280,0,158,-26" /><INIT seed="3,0,0,3,5,127" ten="284,304,280,132" oya="3" hai0="105,115,92,73,101,113,87,59,63,130,60,7,112" hai1="81,72,82,97,84,40,117,132,114,22,26,3,25" hai2="90,28,35,66,106,37,1,44,52,80,33,79,120" hai3="9,64,95,48,46,76,98,23,50,39,2,96,18"/><W10/><G39/><T19/><D73/><U70/><E114/><V55/><F120/><W5/><G64/><T103/><D7/><U126/><E3/><V36/><F106/><W111/><G76/><T49/><D105/><U41/><E70/><V15/><F1/><W129/><G111/><T27/><D101/><U102/><E126/><V104/><F104/><W17/><G50/><T123/><D123/><U85/><E72/><V89/><F66/><W67/><G67/><T30/><D19/><U62/><E62/><V42/><F37/><W32/><G32/><T135/><D135/><U134/><E97/><V110/><F110/><W8/><G98/><T68/><D68/><U109/><E102/><V4/><F90/><N who="3" m="55415" /><G2/><T69/><D69/><U58/><E58/><V118/><F89/><W45/><G5/><T16/><D49/><U11/><E11/><N who="3" m="4170" /><G129/><T38/><D130/><U121/><E121/><V53/><F118/><W24/><G48/><T128/><D38/><U122/><E122/><V94/><F4/><W34/><G34/><T21/><D63/><U107/><E107/><V13/><F33/><W71/><G71/><T133/><D133/><U83/><E109/><V119/><F119/><W43/><G43/><N who="1" m="16458" /><E117/><V29/><F35/><W86/><G86/><N who="1" m="33386" /><E22/><V20/><F20/><W100/><G100/><T56/><D128/><U125/><E125/><V0/><F0/><W47/><N who="3" m="4178" /><W31/><AGARI ba="0,0" hai="17,18,23,24,31,45,46,47" m="4178,55415" machi="31" ten="40,3900,0" yaku="4,1,8,1" doraHai="127" who="3" fromWho="3" sc="284,-13,304,-13,280,-13,132,39" /><INIT seed="3,1,0,1,5,108" ten="271,291,267,171" oya="3" hai0="122,131,74,87,102,46,101,93,132,53,45,13,33" hai1="63,66,127,121,22,91,62,34,31,80,120,100,68" hai2="32,59,42,23,97,29,5,73,48,47,55,28,128" hai3="44,40,92,6,109,37,117,95,86,21,57,79,60"/><W90/><G117/><T0/><D0/><U96/><E127/><V52/><F128/><W8/><G109/><T99/><D122/><U77/><E91/><V81/><F32/><W129/><G129/><T105/><D74/><U61/><E22/><V82/><F73/><W115/><G79/><T12/><D131/><U135/><E135/><V25/><F5/><W83/><G21/><T106/><D33/><U43/><E43/><V49/><F29/><W84/><G84/><T16/><D13/><U18/><E18/><V65/><F65/><W58/><G58/><T1/><D1/><U50/><E50/><V70/><F70/><W17/><G17/><T51/><D132/><U35/><E35/><V123/><F123/><W78/><G90/><T133/><D133/><U130/><E130/><V64/><F64/><W111/><G111/><T71/><D71/><U24/><E121/><V98/><REACH who="2" step="1"/><F42/><REACH who="2" ten="271,291,257,171" step="2"/><W119/><G119/><T10/><D102/><U107/><REACH who="1" step="1"/><E120/><REACH who="1" ten="271,281,257,171" step="2"/><V125/><F125/><W20/><G20/><T39/><D39/><U116/><E116/><V89/><F89/><W19/><G19/><T76/><D101/><U85/><AGARI ba="1,2" hai="24,31,34,61,62,63,66,68,77,80,85,96,100,107" machi="85" ten="20,12000,2" yaku="1,1,0,1,7,1,25,2,53,1" doraHai="108" doraHaiUra="26" who="1" fromWho="1" sc="271,-31,281,143,257,-31,171,-61" /><INIT seed="4,0,0,0,1,23" ten="240,424,226,110" oya="0" hai0="78,38,28,19,97,77,112,85,75,9,76,30,21" hai1="72,22,126,3,70,122,10,68,106,52,81,107,131" hai2="102,96,120,132,18,60,87,114,27,84,13,4,54" hai3="16,103,113,101,92,105,65,121,43,17,50,45,110"/><T115/><D38/><U46/><E122/><V67/><F120/><W127/><G121/><T20/><D75/><U117/><E117/><V124/><F114/><N who="0" m="43562" /><D9/><U49/><E126/><V47/><F124/><W2/><G110/><T82/><D97/><U130/><E22/><N who="0" m="8809" /><D19/><U0/><E10/><V64/><F27/><W32/><G2/><T40/><D40/><U128/><E3/><V29/><F29/><AGARI ba="0,0" hai="28,29,30,76,77,78,82,85" m="8809,43562" machi="29" ten="30,1500,0" yaku="15,1" doraHai="23" who="0" fromWho="2" sc="240,15,424,0,226,-15,110,0" /><INIT seed="4,1,0,1,5,20" ten="255,424,211,110" oya="0" hai0="8,100,44,117,9,54,17,79,41,28,77,127,123" hai1="68,25,87,49,74,73,30,21,85,11,78,90,14" hai2="103,39,33,134,69,63,75,120,121,35,115,82,26" hai3="58,5,113,99,114,18,118,2,52,129,27,97,51"/><T88/><D123/><U126/><E68/><V94/><F115/><N who="3" m="44043" /><G118/><T42/><D100/><U107/><E107/><V102/><F134/><W96/><G129/><T36/><D127/><U89/><E126/><V116/><F39/><W40/><G40/><N who="0" m="15467" /><D36/><U32/><E32/><V101/><F116/><W125/><G125/><T16/><D28/><U135/><E49/><V80/><F94/><W70/><G70/><T131/><D131/><U47/><E47/><V71/><F103/><W106/><G106/><T53/><D88/><U31/><E30/><V112/><F63/><W98/><N who="3" m="24576" /><DORA hai="67" /><W119/><G119/><T61/><D117/><U57/><E57/><V56/><F112/><W59/><G5/><T72/><D72/><U60/><E60/><V66/><F56/><N who="3" m="32799" /><G2/><T86/><D61/><U7/><E135/><V55/><F55/><N who="0" m="21002" /><D44/><U92/><E78/><N who="0" m="29705" /><D86/><U109/><E74/><V62/><F62/><W0/><G0/><T76/><N who="0" m="29713" /><T13/><DORA hai="38" /><D8/><U3/><E73/><V111/><F75/><W84/><G84/><T122/><D122/><U12/><E87/><V37/><F37/><W108/><G108/><T46/><D46/><U24/><E109/><V110/><F66/><W128/><G128/><T34/><D34/><U4/><E89/><V83/><REACH who="2" step="1"/><F82/><REACH who="2" ten="255,424,201,110" step="2"/><W81/><G81/><T15/><D9/><U130/><E130/><V124/><F124/><W91/><G91/><T45/><D45/><U22/><E11/><V43/><F43/><W65/><G65/><T93/><D93/><U1/><E92/><V132/><F132/><W29/><G29/><RYUUKYOKU ba="1,1" sc="255,10,424,-30,201,10,110,10" hai0="13,15,16,17" hai2="26,33,35,69,71,80,83,101,102,110,111,120,121" hai3="18,27,58,59" /><INIT seed="4,2,1,3,3,118" ten="265,394,211,120" oya="0" hai0="122,9,109,5,84,58,54,76,103,79,86,66,97" hai1="7,65,92,71,39,63,113,4,12,107,32,44,94" hai2="40,72,128,20,60,24,116,77,133,100,64,99,127" hai3="67,90,42,22,111,119,37,49,70,130,25,80,120"/><T85/><D109/><U91/><E107/><V59/><F116/><W35/><G119/><T106/><D66/><U68/><E32/><V27/><F127/><W28/><G111/><T0/><REACH who="0" step="1"/><D122/><REACH who="0" ten="255,394,211,120" step="2"/><U102/><E65/><V10/><F128/><W110/><G110/><T57/><D57/><U135/><E71/><V21/><F133/><W47/><G130/><T108/><D108/><U16/><E68/><V82/><F40/><W115/><G115/><T78/><D78/><U96/><E113/><V45/><F45/><W105/><G70/><T43/><D43/><U124/><E135/><V126/><F126/><W31/><G67/><T123/><D123/><U6/><E124/><V69/><F59/><W17/><G120/><T48/><AGARI ba="2,2" hai="0,5,9,48,54,58,76,79,84,85,86,97,103,106" machi="48" ten="30,3000,0" yaku="1,1,0,1,53,0" doraHai="118" doraHaiUra="89" who="0" fromWho="0" sc="255,56,394,-12,211,-12,120,-12" /><INIT seed="4,3,0,5,1,102" ten="311,382,199,108" oya="0" hai0="111,77,16,36,54,123,18,101,90,31,97,32,50" hai1="122,121,67,84,109,134,120,76,47,60,65,81,73" hai2="27,33,87,119,117,58,45,94,7,118,105,129,53" hai3="37,127,135,132,19,22,4,72,15,21,124,44,113"/><T126/><D123/><U5/><E109/><V12/><F129/><W78/><G72/><T25/><D111/><U64/><E134/><N who="3" m="51242" /><G78/><T131/><D131/><U62/><E5/><V14/><F45/><W83/><G83/><T28/><D126/><N who="3" m="48169" /><G37/><T92/><D77/><U93/><E47/><V3/><F105/><W114/><G44/><T128/><D128/><U63/><REACH who="1" step="1"/><E93/><REACH who="1" ten="311,372,199,108" step="2"/><V86/><F94/><W59/><G4/><T99/><D36/><U52/><E52/><V34/><F7/><W91/><G59/><T10/><D10/><U80/><E80/><V35/><F3/><W46/><G46/><T125/><D125/><U57/><E57/><V40/><F40/><W85/><G85/><AGARI ba="3,1" hai="60,62,63,64,65,67,73,76,81,84,85,120,121,122" machi="85" ten="50,6400,0" yaku="1,1,29,2,53,0" doraHai="102" doraHaiUra="133" who="1" fromWho="3" sc="311,0,372,83,199,0,108,-73" /><INIT seed="5,0,0,0,3,53" ten="311,455,199,35" oya="1" hai0="86,101,109,29,37,104,74,35,1,78,90,14,72" hai1="100,18,121,107,26,49,9,93,127,92,132,48,77" hai2="20,34,24,63,80,98,51,50,45,42,16,4,44" hai3="81,21,28,55,85,118,126,102,106,17,68,43,15"/><U134/><E121/><V36/><F36/><W116/><BYE who="2" /><G68/><T73/><D1/><U133/><E77/><UN n2="%E5%8D%97%E5%B8%9D%E5%8D%97%E6%B5%A6" /><V88/><F34/><W67/><G67/><T83/><D37/><U129/><E129/><V79/><F4/><W99/><G43/><T122/><D14/><U75/><E75/><N who="0" m="28745" /><D29/><U60/><E127/><V46/><F51/><N who="1" m="19529" /><E60/><V95/><REACH who="2" step="1"/><F63/><REACH who="2" ten="311,455,189,35" step="2"/><W54/><G126/><T96/><D35/><U12/><E134/><V120/><F120/><W31/><G55/><T135/><D135/><U84/><E133/><V70/><F70/><W2/><G54/><T56/><D122/><U113/><E132/><V124/><F124/><W8/><G2/><T61/><D61/><U103/><E113/><V57/><F57/><W112/><G112/><T114/><D114/><U7/><E7/><V27/><F27/><W22/><G31/><T10/><D56/><U89/><E26/><V131/><F131/><W30/><G30/><T71/><D71/><U119/><E119/><N who="3" m="45610" /><G28/><T117/><D117/><U3/><E3/><V33/><F33/><W105/><G105/><T111/><D111/><U128/><E107/><V65/><F65/><W69/><G69/><T62/><D62/><U23/><E128/><V41/><F41/><W115/><G115/><T6/><D109/><U38/><E38/><V39/><F39/><W125/><G125/><T47/><D47/><U108/><E108/><V19/><F19/><W0/><G0/><T130/><D130/><U32/><E32/><V59/><F59/><W64/><G64/><T87/><D104/><U82/><E18/><V11/><F11/><RYUUKYOKU ba="0,1" sc="311,-15,455,-15,189,15,35,15" hai2="16,20,24,42,44,45,46,50,79,80,88,95,98" hai3="8,15,17,21,22,81,85,99,102,106" /><INIT seed="6,1,1,5,4,62" ten="296,440,204,50" oya="2" hai0="131,39,94,109,129,101,75,54,135,124,32,19,1" hai1="74,76,84,14,113,67,104,36,55,89,53,112,133" hai2="18,102,105,65,11,68,17,6,35,126,13,15,77" hai3="34,103,4,5,96,71,91,58,85,29,12,119,61"/><V86/><F126/><W43/><G119/><T108/><D39/><U122/><E104/><V63/><F35/><W116/><G116/><T97/><D32/><U107/><E107/><V70/><F70/><W95/><G43/><T121/><D1/><U110/><E110/><N who="0" m="42601" /><D54/><U106/><E106/><V33/><F33/><W46/><G46/><T3/><D3/><U127/><E127/><V10/><F86/><W72/><G72/><T9/><D19/><U49/><E133/><V37/><F77/><W80/><G71/><T73/><D9/><U45/><E36/><V59/><F68/><W82/><G82/><T0/><D0/><U8/><E122/><V2/><F37/><W28/><G34/><T21/><D21/><U38/><E55/><V123/><F123/><W93/><G80/><T52/><D52/><U78/><E74/><N who="0" m="28169" /><D121/><U25/><E25/><V81/><F81/><W44/><G44/><T132/><D124/><U60/><E38/><V87/><F87/><W90/><G103/><T50/><D50/><U111/><E111/><V24/><F24/><W114/><G114/><T47/><D47/><U117/><E117/><V40/><F40/><W128/><G128/><AGARI ba="1,1" hai="94,97,101,128,129,131,132,135" m="28169,42601" machi="128" ten="40,5200,0" yaku="19,1,34,2" doraHai="62" who="0" fromWho="3" sc="296,65,440,0,204,0,50,-55" owari="361,16.1,440,54.0,204,-19.6,-5,-50.5" /></mjloggm>