<mjloggm ver="2.3"><GO type="169" lobby="0"/><UN n0="%E5%A4%A7%E5%9E%8B%E7%8A%AC" n1="%44%61%6C%69" n2="%E3%82%A2%E3%83%B3%E3%83%88%E3%83%AC%E3%83%BC%E3%82%B9" n3="%E6%B3%A2%E4%B9%83%E7%90%86" dan="16,17,16,16" rate="2106.15,2183.73,2079.45,2122.77" sx="M,M,M,M"/><TAIKYOKU oya="0"/><INIT seed="0,0,0,3,2,127" ten="250,250,250,250" oya="0" hai0="122,8,30,130,39,9,90,35,93,50,73,16,102" hai1="1,31,80,88,12,103,86,115,11,23,47,98,72" hai2="59,42,25,22,37,46,34,49,81,0,4,32,95" hai3="83,108,106,70,77,29,17,85,82,111,56,91,105"/><T84/><D122/><U128/><E1/><V36/><F36/><W69/><G29/><T120/><D39/><U94/><E115/><V71/><F71/><W61/><G17/><T38/><D38/><U112/><E112/><V53/><F95/><W67/><G69/><T97/><D120/><U92/><E72/><V107/><F107/><W100/><G70/><T129/><D73/><U7/><E128/><N who="0" m="49257" /><D16/><U135/><E135/><V76/><F22/><W21/><G21/><T109/><D109/><N who="3" m="42057" /><G100/><T118/><D118/><U54/><E54/><V14/><F25/><W27/><G27/><N who="0" m="18911" /><D50/><U87/><E31/><V74/><F14/><W124/><G124/><T110/><D110/><U114/><E114/><V78/><REACH who="2" step="1"/><F76/><REACH who="2" ten="250,250,240,250" step="2"/><W125/><G125/><T45/><D45/><U79/><E23/><V62/><F62/><W64/><G64/><T134/><D134/><U58/><E47/><V2/><F2/><W24/><G24/><T3/><D3/><U133/><E133/><V101/><F101/><W119/><G119/><T33/><D33/><U40/><E58/><V63/><F63/><W113/><G113/><T26/><D26/><U19/><E19/><V55/><F55/><W121/><G121/><T132/><D132/><U126/><E126/><V117/><F117/><W43/><G43/><AGARI ba="0,1" hai="7,11,12,40,43,79,80,86,87,88,92,94,98,103" machi="43" ten="40,2600,0" yaku="8,1,54,1" doraHai="127" who="1" fromWho="3" sc="250,0,250,36,240,0,250,-26" /><INIT seed="1,0,0,2,2,25" ten="250,286,240,224" oya="1" hai0="11,45,62,5,83,95,27,57,30,43,112,33,97" hai1="73,51,60,98,35,37,96,92,72,13,124,94,8" hai2="100,50,67,74,24,134,71,58,1,3,84,42,52" hai3="19,70,69,39,120,118,36,47,53,105,4,116,54"/><U111/><E37/><N who="3" m="14410" /><G105/><T91/><D112/><U103/><E35/><V32/><F74/><W20/><G4/><T9/><D83/><U31/><E124/><V77/><F42/><W17/><G20/><T48/><REACH who="0" step="1"/><D5/><REACH who="0" ten="240,286,240,224" step="2"/><U87/><E111/><V7/><F7/><W133/><G120/><T93/><D93/><U55/><E92/><V76/><F1/><W23/><G133/><T40/><D40/><U46/><E94/><V6/><F6/><W63/><G19/><T85/><D85/><U89/><E87/><V79/><F3/><W88/><G17/><T80/><D80/><U49/><E73/><V90/><F134/><W82/><G82/><T0/><D0/><U68/><E72/><V108/><F108/><W22/><G118/><T121/><D121/><U126/><E126/><V122/><F122/><W117/><G117/><T107/><D107/><U81/><E81/><V130/><F84/><W113/><G113/><T78/><D78/><U28/><E96/><V14/><F79/><W21/><G116/><T125/><D125/><U29/><E98/><V115/><F77/><W114/><G114/><T59/><D59/><U64/><E103/><V106/><F76/><W132/><G132/><T131/><D131/><U123/><E123/><V129/><F130/><W119/><G119/><T66/><AGARI ba="0,1" hai="9,11,27,30,33,43,45,48,57,62,66,91,95,97" machi="66" ten="20,5200,0" yaku="1,1,0,1,7,1,52,1,53,0" doraHai="25" doraHaiUra="15" who="0" fromWho="0" sc="240,62,286,-26,240,-13,224,-13" /><INIT seed="2,0,0,2,3,54" ten="302,260,227,211" oya="2" hai0="42,1,46,121,38,30,45,117,120,94,108,96,75" hai1="70,52,116,68,105,95,109,66,128,102,82,8,133" hai2="135,53,77,92,79,58,26,132,55,134,63,110,21" hai3="10,50,16,114,4,7,72,101,3,49,13,84,130"/><V40/><F40/><W43/><G72/><T51/><D108/><U5/><E116/><V35/><F35/><W119/><G119/><T112/><D117/><U57/><E109/><V122/><F122/><W22/><G114/><T123/><D112/><U104/><E128/><V56/><F92/><W107/><G130/><T62/><D75/><U85/><E133/><V39/><F39/><W67/><G107/><T60/><D30/><U19/><E104/><V87/><F87/><W61/><G101/><T69/><D1/><U29/><E105/><V28/><F110/><W37/><G4/><T6/><D6/><U90/><E29/><V27/><F27/><W18/><G18/><T129/><D69/><U88/><E102/><V14/><F14/><W89/><G43/><T131/><D131/><U80/><E19/><V0/><F0/><W111/><G37/><T126/><D126/><U83/><E66/><V48/><AGARI ba="0,0" hai="21,26,28,48,53,55,56,58,63,77,79,132,134,135" machi="48" ten="30,11700,0" yaku="0,1,20,1,52,2" doraHai="54" who="2" fromWho="2" sc="302,-39,260,-39,227,117,211,-39" /><INIT seed="2,1,0,4,3,98" ten="263,221,344,172" oya="2" hai0="57,75,89,84,21,1,124,51,107,37,67,91,111" hai1="100,127,14,54,123,30,10,45,22,19,73,63,49" hai2="88,112,32,8,46,34,82,41,133,69,106,80,39" hai3="115,64,18,108,12,7,129,105,118,53,3,93,9"/><V0/><F112/><W65/><G115/><T13/><D75/><U74/><E127/><V29/><F69/><W77/><G118/><T4/><D37/><U96/><E123/><V16/><F133/><W86/><G108/><T114/><D114/><U103/><E63/><V35/><F29/><W47/><G105/><T104/><D1/><U68/><E68/><V25/><F106/><W95/><G129/><T27/><D111/><U59/><E59/><V130/><F130/><W20/><G95/><T109/><D91/><U134/><E134/><V42/><F42/><W99/><G77/><T87/><D87/><U52/><E54/><V85/><F80/><W15/><G86/><T81/><D124/><U70/><E70/><V48/><F39/><W92/><G92/><T83/><D83/><U117/><E117/><V17/><REACH who="2" step="1"/><F25/><REACH who="2" ten="263,221,334,172" step="2"/><W119/><G119/><T23/><D27/><N who="1" m="16759" /><E74/><V132/><F132/><W125/><G125/><T94/><D109/><U38/><E73/><V71/><F71/><W79/><G79/><T101/><D107/><U116/><E38/><V26/><F26/><W62/><G3/><T102/><D104/><U120/><E116/><V66/><F66/><W44/><G65/><T128/><D128/><U31/><E120/><V97/><F97/><W113/><G64/><T5/><D67/><U11/><E31/><V2/><F2/><W78/><G78/><T121/><D121/><U40/><E96/><V56/><F56/><N who="3" m="35087" /><G113/><T135/><D135/><U76/><E76/><V61/><F61/><W131/><G131/><T43/><D81/><U24/><E24/><RYUUKYOKU ba="1,1" sc="263,-15,221,-15,334,15,172,15" hai2="0,8,16,17,32,34,35,41,46,48,82,85,88" hai3="7,9,12,15,18,20,44,47,93,99" /><INIT seed="2,2,1,0,5,16" ten="248,206,349,187" oya="2" hai0="76,57,27,95,38,79,55,104,46,6,110,26,78" hai1="2,50,84,24,118,71,102,30,41,85,74,3,43" hai2="130,59,77,22,89,120,45,60,48,54,100,106,33" hai3="8,56,88,66,15,35,109,4,107,29,34,68,80"/><V97/><F120/><W0/><G107/><T105/><D110/><U65/><E74/><V70/><F130/><W98/><G68/><T42/><D6/><U13/><E118/><V113/><F33/><W96/><G109/><T82/><D82/><U115/><E115/><V12/><F113/><W61/><G35/><T58/><D58/><U44/><E41/><V128/><F128/><W117/><G117/><T126/><D126/><U116/><E116/><V62/><F77/><W23/><G34/><T127/><D127/><U9/><E102/><V133/><F133/><W63/><G63/><T119/><D119/><U132/><E132/><V49/><F89/><W19/><REACH who="3" step="1"/><G29/><REACH who="3" ten="248,206,349,177" step="2"/><T37/><D105/><U53/><E71/><V121/><F70/><W14/><G14/><T94/><D104/><U81/><E3/><V28/><F121/><W122/><G122/><T21/><D26/><U134/><E2/><V111/><F111/><W5/><G5/><T131/><D131/><U91/><E134/><V99/><F12/><W39/><G39/><T11/><D38/><U1/><E1/><V72/><F28/><W103/><G103/><T129/><D129/><U64/><E24/><V67/><F106/><W90/><G90/><T69/><D69/><U36/><E30/><V20/><F100/><W40/><G40/><T31/><REACH who="0" step="1"/><D11/><REACH who="0" ten="238,206,349,177" step="2"/><U25/><E25/><V52/><F72/><W135/><G135/><T83/><D83/><N who="1" m="49567" /><E36/><V86/><F86/><AGARI ba="2,3" hai="0,4,8,15,19,23,56,61,66,80,86,88,96,98" machi="86" ten="40,5200,0" yaku="1,1,52,1,54,1,53,0" doraHai="16" doraHaiUra="47" who="3" fromWho="2" sc="238,0,206,0,349,-58,177,88" /><INIT seed="3,0,0,0,2,130" ten="238,206,291,265" oya="3" hai0="91,28,18,120,98,76,31,69,87,39,108,32,14" hai1="121,88,107,25,33,1,53,109,41,106,95,15,64" hai2="119,58,61,12,30,19,80,38,13,111,122,84,92" hai3="85,117,11,40,43,8,123,78,129,62,63,65,55"/><W126/><G123/><T6/><D120/><U52/><E121/><V116/><F119/><W24/><G129/><T127/><D69/><U94/><E1/><V68/><F68/><W26/><G117/><T125/><D39/><U9/><E109/><V113/><F38/><W115/><G115/><T45/><D6/><U44/><E64/><V133/><F122/><W36/><G36/><T128/><D128/><U67/><E67/><V104/><F104/><W77/><G65/><T4/><D4/><U16/><E106/><V27/><F111/><W5/><G5/><T83/><D108/><U37/><E107/><V70/><F70/><W47/><G85/><T103/><D76/><U48/><E95/><V99/><F116/><W134/><G47/><T35/><D45/><U17/><E37/><V82/><F133/><W23/><G23/><N who="0" m="11735" /><D32/><U21/><E33/><V132/><F132/><W72/><G72/><T73/><D73/><U29/><E29/><V10/><F12/><W66/><G66/><T7/><D7/><U105/><E105/><V110/><F84/><AGARI ba="0,0" hai="9,15,16,17,21,25,41,44,48,52,53,84,88,94" machi="84" ten="30,8000,1" yaku="7,1,8,1,54,3" doraHai="130" who="1" fromWho="2" sc="238,0,206,80,291,-80,265,0" /><INIT seed="4,0,0,0,4,130" ten="238,286,211,265" oya="0" hai0="127,129,81,7,28,22,14,26,115,4,105,84,107" hai1="117,33,43,31,37,25,65,61,108,93,18,15,45" hai2="19,109,3,80,120,114,17,8,35,118,10,51,101" hai3="21,79,75,11,128,52,133,77,57,104,113,125,60"/><T16/><D129/><U85/><E108/><V134/><F109/><W71/><G128/><T126/><D115/><U34/><E117/><V23/><F114/><W91/><G104/><T59/><D59/><U50/><E37/><V111/><F35/><W27/><G113/><T68/><D68/><U121/><E121/><V100/><F111/><W92/><G75/><T58/><D58/><U39/><E39/><V40/><F120/><W62/><G125/><N who="0" m="47627" /><D107/><U41/><E34/><V54/><F118/><W36/><G36/><T106/><D106/><U112/><E112/><V76/><F3/><W63/><G11/><N who="0" m="6239" /><D105/><U47/><E47/><V30/><F30/><W12/><G12/><T95/><D95/><U72/><E72/><V98/><F17/><N who="3" m="12719" /><G133/><T74/><D74/><U20/><E93/><V103/><F134/><W132/><G132/><T83/><D83/><U2/><E2/><V24/><F40/><W32/><G32/><T110/><D110/><U135/><E135/><V82/><F98/><N who="3" m="57631" /><G71/><T87/><D87/><U42/><E85/><N who="2" m="48263" /><F82/><W96/><G96/><T64/><D64/><U55/><E41/><V0/><F0/><W49/><AGARI ba="0,0" hai="49,52,57,60,62,63,77,79" m="57631,12719" machi="49" ten="30,2000,0" yaku="8,1,54,1" doraHai="130" who="3" fromWho="3" sc="238,-10,286,-5,211,-5,265,20" /><INIT seed="5,0,0,1,3,88" ten="228,281,206,285" oya="1" hai0="17,56,24,12,79,16,93,95,115,84,72,135,102" hai1="89,83,5,86,131,109,68,44,81,103,124,19,104" hai2="118,121,40,42,67,98,77,43,35,32,65,49,100" hai3="48,69,76,70,21,94,123,60,117,14,55,59,106"/><U119/><E119/><V33/><F121/><W1/><G1/><T37/><D37/><U23/><E68/><V10/><F118/><W28/><G106/><T73/><D115/><U26/><E131/><V132/><F132/><W108/><G123/><T122/><D122/><U25/><E124/><V6/><F49/><W8/><G117/><T46/><D135/><U45/><E109/><V80/><F80/><W101/><G76/><T31/><D46/><U27/><E5/><V97/><F77/><W128/><G128/><T38/><D38/><U105/><E104/><V51/><F51/><W0/><G0/><T116/><D73/><U62/><E105/><V85/><F85/><W63/><G108/><T126/><D72/><U114/><E114/><V129/><F129/><W2/><G2/><T57/><D126/><U134/><E134/><V3/><REACH who="2" step="1"/><F100/><REACH who="2" ten="228,281,196,285" step="2"/><W92/><G101/><T133/><D133/><U36/><E103/><V64/><AGARI ba="0,1" hai="3,6,10,32,33,35,40,42,43,64,65,67,97,98" machi="64" ten="40,8000,1" yaku="1,1,2,1,0,1,29,2,53,0" doraHai="88" doraHaiUra="111" who="2" fromWho="2" sc="228,-20,281,-40,196,90,285,-20" /><INIT seed="6,0,0,1,5,129" ten="208,241,286,265" oya="2" hai0="96,5,119,108,28,82,48,33,95,57,56,89,4" hai1="35,64,75,20,38,78,91,73,60,59,6,132,40" hai2="39,90,62,46,112,72,11,111,1,44,67,23,123" hai3="114,100,71,83,29,87,131,47,37,24,76,26,50"/><V117/><F117/><W42/><G131/><T88/><D108/><U0/><E35/><V55/><F123/><W31/><G71/><T80/><D119/><U17/><E91/><V122/><F122/><W125/><G125/><T135/><D33/><U15/><E78/><V94/><F72/><W84/><G114/><T113/><D28/><N who="3" m="10825" /><G37/><T68/><D68/><U116/><E116/><V107/><F107/><W104/><G104/><T52/><D113/><U127/><E127/><V61/><F112/><W118/><G118/><T98/><D135/><U66/><E66/><V49/><F111/><W102/><G87/><T14/><D57/><U105/><E105/><V18/><F1/><W19/><G19/><T133/><D133/><U53/><E132/><V86/><F11/><W25/><AGARI ba="0,0" hai="24,25,26,42,47,50,76,83,84,100,102" m="10825" machi="25" ten="30,1100,0" yaku="8,1" doraHai="129" who="3" fromWho="3" sc="208,-3,241,-3,286,-5,265,11" /><INIT seed="7,0,0,2,5,38" ten="205,238,281,276" oya="3" hai0="33,62,8,126,1,122,67,12,77,78,86,129,73" hai1="46,39,85,54,76,71,48,24,19,117,20,121,29" hai2="64,4,133,49,95,10,11,99,40,114,61,100,125" hai3="135,7,92,57,68,91,109,41,56,113,43,123,89"/><W128/><G123/><T81/><D122/><U18/><E71/><V106/><F114/><W119/><G119/><T42/><D33/><U21/><E121/><V55/><F133/><W115/><G135/><T13/><D126/><U75/><E75/><V26/><F125/><W80/><G68/><T94/><D129/><U131/><E131/><V63/><F106/><W30/><G128/><T44/><D1/><U53/><E117/><V5/><F26/><W45/><G45/><T82/><D94/><U74/><E74/><V23/><F23/><W88/><G80/><T112/><D8/><N who="2" m="3114" /><F64/><W22/><G7/><N who="2" m="2633" /><F55/><W98/><G109/><T35/><D35/><U104/><E39/><V17/><F17/><W101/><G115/><T36/><REACH who="0" step="1"/><D112/><REACH who="0" ten="195,238,281,276" step="2"/><U34/><E34/><V107/><F107/><W134/><G134/><T2/><D2/><U132/><E132/><V108/><F108/><W79/><G113/><T120/><D120/><U50/><E104/><V90/><F100/><W59/><G79/><T118/><D118/><U66/><E21/><V32/><F32/><W96/><G96/><T37/><D37/><U102/><E102/><V97/><F99/><W27/><AGARI ba="0,1" hai="22,27,30,41,43,56,57,59,88,89,91,92,98,101" machi="27" ten="40,12000,1" yaku="0,1,8,1,52,2,54,1" doraHai="38" who="3" fromWho="3" sc="195,-40,238,-40,281,-40,276,130" owari="155,-34.5,198,-20.2,241,4.1,406,50.6" /></mjloggm>