<mjloggm ver="2.3"><GO type="169" lobby="0"/><UN n0="%E5%B2%A9%E4%B8%8A%E9%80%9A%E3%82%8A" n1="%63%2E%63%2D%76%2E%76" n2="%E4%BF%9D%E8%82%B2%E5%A3%AB" n3="%68%61%79%61%74%6F%E2%98%86" dan="16,17,16,16" rate="2132.67,2221.43,2204.62,2053.35" sx="M,F,M,M"/><TAIKYOKU oya="0"/><INIT seed="0,0,0,1,5,82" ten="250,250,250,250" oya="0" hai0="35,104,111,51,36,17,38,99,4,70,2,84,126" hai1="55,105,65,77,100,134,102,1,25,34,131,59,42" hai2="128,86,68,49,88,3,18,31,98,116,85,54,41" hai3="43,26,123,21,73,14,101,124,133,53,97,79,130"/><T92/><D126/><U16/><E1/><V11/><F68/><W8/><G124/><T19/><D35/><U95/><E131/><V27/><F128/><W52/><G130/><T45/><D70/><U39/><E34/><V29/><F41/><W108/><G108/><T115/><D115/><U129/><E129/><V58/><F116/><W44/><G133/><T61/><D61/><U107/><E77/><V23/><F3/><W74/><G79/><T91/><D111/><U119/><E65/><V28/><F11/><W114/><G74/><T64/><D64/><U71/><E71/><V110/><F110/><W40/><G73/><T106/><D4/><U113/><E134/><V117/><F117/><W60/><G60/><T87/><D2/><U90/><E42/><V132/><F132/><W6/><G43/><T9/><D106/><U93/><E39/><V66/><F66/><W37/><G123/><T103/><D87/><U125/><E125/><V0/><F0/><W12/><G12/><T89/><D89/><U96/><E113/><V13/><F13/><W7/><G7/><T30/><D30/><U5/><E5/><V120/><F120/><W63/><G63/><T75/><D75/><U69/><E69/><V10/><F10/><W15/><G15/><N who="0" m="7407" /><D19/><U50/><E119/><V80/><F80/><W48/><G37/><T20/><D20/><N who="1" m="13447" /><E107/><V22/><F22/><W127/><G127/><T78/><D78/><U62/><E105/><V67/><F67/><W47/><G114/><T118/><D118/><U57/><E95/><AGARI ba="0,0" hai="18,23,27,28,29,31,49,54,58,85,86,88,95,98" machi="95" ten="40,8000,1" yaku="8,1,52,2,54,1" doraHai="82" who="2" fromWho="1" sc="250,0,250,-80,250,80,250,0" /><INIT seed="1,0,0,1,3,10" ten="250,170,330,250" oya="1" hai0="58,113,38,79,48,73,86,26,100,119,36,42,70" hai1="108,87,74,133,112,91,7,103,128,106,52,4,20" hai2="6,114,77,35,125,82,130,118,0,78,2,56,68" hai3="122,39,134,34,25,44,59,107,37,18,3,85,116"/><U129/><E112/><V47/><F68/><W40/><G122/><T111/><D100/><U50/><E74/><V94/><F35/><W127/><G107/><T88/><D119/><U29/><E133/><V45/><F56/><W131/><G3/><T21/><D113/><U63/><E63/><V115/><F94/><W24/><G134/><T97/><D70/><U81/><E108/><V53/><F53/><W61/><G39/><T123/><D111/><U110/><E110/><V102/><F82/><W95/><G34/><T96/><D123/><U55/><E55/><V41/><F102/><W64/><G131/><N who="1" m="50250" /><E29/><V80/><F130/><W124/><G116/><T98/><D73/><U67/><E67/><V49/><F118/><W12/><G85/><T32/><D32/><U99/><E20/><V75/><F115/><W57/><G95/><N who="0" m="56423" /><D38/><U28/><E28/><V31/><F31/><W72/><G72/><T104/><D36/><U1/><E1/><V16/><F114/><W19/><G64/><T8/><D104/><U5/><E5/><V101/><F6/><W43/><G37/><T89/><D8/><U13/><E13/><V54/><F0/><W62/><G12/><T30/><D79/><N who="2" m="30218" /><F2/><W90/><G25/><T84/><D26/><U105/><E105/><V76/><F76/><W117/><G24/><T120/><D30/><U65/><E65/><V15/><F75/><W27/><G27/><T14/><D14/><U11/><E11/><V121/><F121/><W71/><G117/><T135/><D135/><U60/><E60/><V69/><F15/><W46/><G71/><RYUUKYOKU ba="0,0" sc="250,-15,170,15,330,-15,250,15" hai1="4,7,50,52,81,87,91,99,103,106" hai3="18,19,40,43,44,46,57,59,61,62,90,124,127" /><INIT seed="1,1,0,4,0,107" ten="235,185,315,265" oya="1" hai0="104,125,41,84,72,42,29,63,80,106,114,20,23" hai1="32,15,74,124,59,75,30,31,5,88,44,3,133" hai2="89,130,117,127,13,126,66,26,81,101,121,9,16" hai3="10,38,11,70,54,90,82,53,40,100,51,17,22"/><U62/><E3/><V69/><F117/><W19/><G70/><T108/><D114/><U102/><E102/><V109/><F121/><W64/><G38/><T4/><D125/><N who="2" m="47626" /><F109/><W71/><G71/><T65/><D108/><U50/><E124/><V99/><F130/><W58/><G64/><T25/><D4/><U134/><E5/><V33/><F69/><W1/><G40/><T37/><D37/><U105/><E105/><N who="2" m="63679" /><F66/><W128/><G128/><T103/><D106/><U68/><E68/><V94/><F81/><W116/><G100/><T85/><D103/><U14/><E88/><V83/><F83/><W123/><G1/><T52/><D65/><N who="1" m="39135" /><E32/><V76/><F76/><W8/><G123/><T77/><D104/><U61/><E61/><V118/><F118/><W47/><G22/><T115/><D115/><U18/><E31/><N who="2" m="19703" /><F89/><W48/><G116/><T119/><D119/><U131/><E30/><V129/><F129/><W111/><G111/><T79/><D79/><U49/><E131/><V132/><F94/><W67/><G67/><T110/><D110/><U112/><E112/><V120/><F120/><W98/><G98/><T28/><D85/><AGARI ba="1,0" hai="8,10,11,17,19,47,48,51,53,54,58,82,85,90" machi="85" ten="40,1300,0" yaku="8,1" doraHai="107" who="3" fromWho="0" sc="235,-16,185,0,315,0,265,16" /><INIT seed="2,0,0,0,4,125" ten="219,185,315,281" oya="2" hai0="78,107,98,53,35,20,121,132,108,106,55,6,76" hai1="34,135,95,118,39,54,61,37,16,96,19,56,65" hai2="17,66,129,117,75,123,72,49,31,41,82,126,60" hai3="114,93,23,79,71,40,81,104,22,77,70,85,120"/><V43/><F117/><W30/><G104/><T52/><D35/><U25/><E135/><V44/><F123/><W119/><G119/><T101/><D121/><U134/><E134/><V59/><F126/><W127/><G127/><T116/><D132/><U8/><E118/><V28/><F129/><W7/><G120/><T73/><D116/><U74/><E74/><V21/><F41/><W14/><G40/><T94/><D108/><U27/><E34/><V9/><F9/><W80/><G93/><T45/><D6/><U36/><E65/><V57/><F72/><W103/><G103/><T83/><D78/><U124/><E124/><V86/><F57/><W122/><G114/><T62/><D20/><U97/><E97/><V128/><F128/><W102/><G102/><T51/><D62/><U12/><REACH who="1" step="1"/><E19/><REACH who="1" ten="219,175,315,281" step="2"/><V130/><F75/><W69/><G122/><T68/><REACH who="0" step="1"/><D68/><REACH who="0" ten="209,175,315,281" step="2"/><U38/><N who="1" m="9216" /><DORA hai="18" /><U15/><E15/><N who="2" m="9407" /><F130/><W112/><G69/><T87/><D87/><U42/><E42/><AGARI ba="0,2" hai="42,45,51,52,53,55,73,76,83,94,98,101,106,107" machi="42" ten="40,5200,0" yaku="1,1,54,1,53,1" doraHai="125,18" doraHaiUra="88,10" who="0" fromWho="1" sc="209,72,175,-52,315,0,281,0" /><INIT seed="3,0,0,0,2,98" ten="281,123,315,281" oya="3" hai0="76,45,53,89,37,3,66,110,74,120,41,118,2" hai1="23,30,90,80,46,113,10,21,105,55,109,115,134" hai2="47,83,58,60,65,102,133,7,42,72,81,1,85" hai3="86,35,25,59,104,16,71,28,124,79,36,57,126"/><W18/><G71/><T22/><D120/><U52/><E109/><V14/><F133/><W15/><G36/><T82/><D118/><U91/><E134/><V99/><F1/><W95/><G104/><T62/><D110/><U69/><E69/><V101/><F72/><W24/><G24/><T40/><D40/><U84/><E105/><V67/><F67/><W75/><G75/><T77/><D77/><U12/><E115/><V108/><F99/><W38/><G38/><T123/><D123/><U70/><E70/><V132/><F132/><W26/><G26/><T27/><D89/><U54/><E113/><V128/><F128/><W6/><G6/><T116/><D53/><U50/><E90/><V119/><F119/><W29/><G18/><T107/><D107/><U78/><E30/><V51/><F108/><W48/><G28/><T44/><D44/><U125/><E125/><N who="3" m="48234" /><G48/><T106/><D106/><U135/><E135/><V92/><F92/><W0/><G0/><T49/><D37/><U103/><E103/><N who="2" m="39435" /><F85/><W88/><G79/><T68/><D116/><U64/><E78/><V130/><F130/><W56/><G59/><T13/><D13/><U94/><E94/><V100/><N who="2" m="39443" /><V63/><DORA hai="131" /><F60/><W33/><G33/><T11/><D2/><U122/><E122/><V19/><F7/><W43/><G95/><T39/><D3/><U34/><E34/><V112/><F112/><W96/><G96/><T127/><D127/><U31/><E64/><V73/><F73/><W61/><G86/><T20/><D68/><U87/><E87/><V9/><AGARI ba="0,0" hai="9,14,19,42,47,51,58,63,65,81,83" m="39443" machi="9" ten="30,12000,2" yaku="5,1,8,1,52,4" doraHai="98,131" who="2" fromWho="2" sc="281,-30,123,-30,315,120,281,-60" /><INIT seed="4,0,0,4,2,97" ten="251,93,435,221" oya="0" hai0="133,20,31,90,37,79,47,1,116,122,74,43,63" hai1="52,16,81,58,68,64,11,119,134,51,53,22,118" hai2="86,105,98,106,69,87,128,83,110,33,131,70,25" hai3="124,35,66,10,49,130,78,114,135,72,65,17,19"/><T12/><D122/><U76/><E134/><V80/><F98/><W85/><G35/><T0/><D116/><U60/><E53/><V71/><F33/><W104/><G72/><T45/><D133/><U96/><E11/><V95/><F95/><W5/><G104/><N who="2" m="40041" /><F25/><W24/><G114/><T15/><D63/><U21/><E21/><V32/><F110/><W39/><G130/><N who="2" m="49705" /><F32/><W2/><G39/><T59/><D59/><U117/><E96/><V107/><F107/><W55/><G124/><T27/><D90/><U14/><REACH who="1" step="1"/><E119/><REACH who="1" ten="251,83,435,221" step="2"/><V82/><AGARI ba="0,1" hai="69,70,71,80,82,83,86,87" m="49705,40041" machi="82" ten="50,6400,0" yaku="28,2,19,1" doraHai="97" who="2" fromWho="2" sc="251,-32,83,-16,435,74,221,-16" /><INIT seed="5,0,0,5,0,88" ten="219,67,509,205" oya="1" hai0="114,86,127,94,33,40,57,0,100,52,101,13,26" hai1="93,18,12,10,121,122,85,95,15,35,64,45,2" hai2="25,96,128,60,4,130,70,102,110,111,22,54,118" hai3="98,134,32,78,91,132,61,63,59,37,28,7,125"/><U69/><E35/><V124/><F118/><W120/><G37/><T133/><D0/><U41/><E2/><V105/><F4/><W81/><G120/><T6/><D114/><U104/><E104/><V23/><F23/><W106/><G7/><T19/><D127/><U108/><E108/><V16/><F124/><W129/><G125/><T49/><D133/><U117/><E117/><V135/><F135/><W75/><G63/><T84/><D6/><U119/><E119/><V115/><F115/><W21/><G32/><T1/><D1/><U77/><E69/><V126/><F126/><W89/><G89/><N who="0" m="53543" /><D86/><U76/><E64/><N who="2" m="41223" /><F54/><W68/><G129/><AGARI ba="0,0" hai="16,22,25,96,102,105,110,111,128,129,130" m="41223" machi="129" ten="30,2000,0" yaku="19,1,54,1" doraHai="88" who="2" fromWho="3" sc="219,0,67,0,509,20,205,-20" /><INIT seed="6,0,0,2,2,28" ten="219,67,529,185" oya="2" hai0="24,94,19,89,64,119,130,56,114,45,118,93,36" hai1="50,106,75,128,47,46,76,73,7,38,124,95,16" hai2="97,117,58,133,26,102,68,129,107,131,9,21,80" hai3="86,120,104,116,74,135,8,112,67,48,37,23,82"/><V1/><F68/><W91/><G37/><T25/><D114/><U53/><E106/><V5/><F117/><W100/><G116/><T125/><D125/><U2/><E124/><V27/><F133/><W55/><G67/><T98/><D130/><N who="2" m="49674" /><F21/><W63/><G63/><T32/><D45/><U22/><E128/><V85/><F58/><W72/><G120/><T30/><D36/><U44/><E38/><V39/><F39/><W77/><G135/><T31/><D19/><U113/><E113/><V69/><F69/><W108/><G108/><T122/><D122/><U42/><E42/><V60/><F60/><W121/><G121/><T51/><D94/><U70/><E70/><V57/><F57/><W123/><G112/><T18/><D18/><U33/><E95/><V101/><F101/><W15/><G23/><T3/><D3/><U99/><E99/><V105/><F105/><W83/><G100/><T66/><D119/><U4/><E2/><V78/><AGARI ba="0,0" hai="1,5,9,26,27,78,80,85,97,102,107" m="49674" machi="78" ten="30,1500,0" yaku="19,1" doraHai="28" who="2" fromWho="2" sc="219,-5,67,-5,529,15,185,-5" /><INIT seed="6,1,0,4,1,62" ten="214,62,544,180" oya="2" hai0="61,29,102,16,37,54,70,78,134,43,55,28,126" hai1="129,13,51,110,85,96,66,3,103,12,79,5,88" hai2="9,21,27,31,72,50,22,2,93,113,132,49,124" hai3="45,41,76,59,46,4,135,67,56,58,95,89,77"/><V82/><F72/><W84/><G135/><T30/><D78/><N who="3" m="30313" /><G4/><T26/><D134/><U83/><E110/><V25/><F82/><W94/><G41/><T107/><D126/><U24/><E129/><V100/><F132/><W39/><G39/><T120/><D120/><U71/><E3/><V11/><F113/><W108/><G108/><T52/><D43/><U42/><E24/><V34/><F124/><W101/><G67/><T32/><D37/><U109/><E109/><V44/><F34/><W122/><G122/><T104/><D104/><U86/><E71/><V90/><F100/><W127/><G127/><T7/><D7/><U1/><E1/><V69/><F69/><W128/><G128/><T133/><D16/><U112/><E112/><V60/><F60/><W118/><G118/><T35/><D35/><U8/><E66/><V18/><F2/><W81/><G101/><T15/><D15/><U114/><E114/><V20/><F20/><W87/><G95/><T91/><D91/><AGARI ba="1,0" hai="45,46,56,58,59,81,84,87,89,91,94" m="30313" machi="91" ten="30,1000,0" yaku="8,1" doraHai="62" who="3" fromWho="0" sc="214,-13,62,0,544,0,180,13" /><INIT seed="7,0,0,2,5,15" ten="201,62,544,193" oya="3" hai0="118,114,84,67,25,16,58,85,8,66,81,23,24" hai1="20,124,111,27,21,93,48,95,112,86,110,64,12" hai2="54,109,46,108,90,22,57,39,26,122,56,116,1" hai3="91,82,14,59,133,131,31,30,79,80,0,29,126"/><W37/><G0/><T44/><D118/><U127/><E64/><V69/><F69/><W43/><G131/><T123/><D114/><U2/><E12/><V104/><F104/><W134/><G126/><T62/><D123/><U98/><E2/><V107/><F107/><W130/><G130/><T33/><D8/><U113/><E48/><V41/><F116/><W50/><G91/><T87/><D67/><U18/><E86/><V128/><F128/><W72/><G80/><T3/><D3/><U102/><E27/><V47/><F1/><W73/><G73/><T75/><D75/><U96/><REACH who="1" step="1"/><E102/><REACH who="1" ten="201,52,544,193" step="2"/><V89/><F122/><W117/><G14/><T101/><D101/><U53/><E53/><V132/><F109/><W6/><G50/><T28/><D44/><U45/><E45/><V32/><F108/><W100/><G100/><T51/><D51/><U19/><AGARI ba="0,1" hai="18,19,20,21,93,95,96,98,110,111,112,113,124,127" machi="19" ten="25,16000,3" yaku="1,1,0,1,22,2,52,2,53,2" doraHai="15" doraHaiUra="88" who="1" fromWho="1" sc="201,-40,52,170,544,-40,193,-80" owari="161,-23.9,222,2.2,504,60.4,113,-38.7" /></mjloggm>