<mjloggm ver="2.3"><GO type="169" lobby="0"/><UN n0="%E3%81%86%E3%81%9A%E3%82%89%E5%8D%B5%E3%83%95%E3%83%A9%E3%82%A4" n1="%4D%E6%9C%AC" n2="%E8%BF%B7%E3%82%8F%E3%81%9A%E6%8A%BC%E3%81%9B%E3%82%88" n3="%E9%B3%B4%E8%8C%B6" dan="16,16,17,16" rate="2045.39,2140.29,2234.02,2150.11" sx="M,M,M,M"/><TAIKYOKU oya="0"/><INIT seed="0,0,0,2,1,88" ten="250,250,250,250" oya="0" hai0="21,67,131,79,58,30,73,63,56,64,40,2,14" hai1="82,59,45,15,90,95,128,78,132,18,116,38,104" hai2="84,91,99,36,46,13,26,53,55,60,19,75,100" hai3="106,28,44,43,110,48,118,119,103,86,81,42,17"/><T11/><D131/><U135/><E116/><V7/><F75/><W6/><G28/><T51/><D2/><U105/><E128/><V71/><F7/><W5/><G110/><T50/><D73/><U41/><E59/><V134/><F26/><W80/><G17/><T31/><D79/><U20/><E82/><V52/><F134/><N who="1" m="51241" /><E78/><V76/><F76/><W121/><G48/><T123/><D123/><U29/><E29/><V108/><F108/><W97/><G44/><N who="0" m="25863" /><D21/><U0/><E0/><V126/><F126/><W77/><G121/><T111/><D111/><U68/><E68/><V129/><F36/><W47/><G77/><T124/><D124/><U39/><E39/><V49/><F129/><W109/><G109/><T69/><D69/><U1/><E1/><V101/><F71/><W65/><G119/><T115/><D115/><U89/><E89/><V4/><F101/><W57/><G103/><T66/><D31/><U113/><E113/><V16/><F60/><W114/><G114/><T33/><D30/><U117/><E117/><V94/><F4/><W3/><G3/><T37/><D37/><U61/><E61/><V62/><F62/><W25/><G6/><N who="0" m="3447" /><D33/><U107/><E107/><V24/><F24/><W32/><G25/><T92/><D58/><U98/><AGARI ba="0,0" hai="15,18,20,38,41,45,90,95,98,104,105" m="51241" machi="98" ten="30,2000,0" yaku="20,1,52,1" doraHai="88" who="1" fromWho="1" sc="250,-10,250,20,250,-5,250,-5" /><INIT seed="1,0,0,5,2,31" ten="240,270,245,245" oya="1" hai0="101,17,6,50,14,66,40,75,102,117,59,91,72" hai1="48,67,131,108,90,109,12,115,89,27,87,104,70" hai2="38,132,26,73,5,69,88,97,135,127,52,81,96" hai3="55,122,19,71,30,105,33,93,98,111,42,32,43"/><U51/><E115/><V28/><F69/><W34/><G122/><T23/><D117/><U65/><E104/><V56/><F38/><W8/><G105/><T83/><D6/><U2/><E2/><V4/><F73/><W130/><G30/><T64/><D75/><U22/><E12/><V134/><F96/><W84/><G71/><T49/><D49/><N who="1" m="19019" /><E131/><V54/><F127/><W110/><G55/><N who="2" m="21033" /><F56/><W79/><G130/><T82/><D59/><U124/><E70/><V46/><F46/><W58/><G58/><T114/><D114/><U36/><E36/><V80/><F81/><N who="3" m="47167" /><G19/><T128/><D128/><U94/><E124/><V68/><F68/><W86/><G86/><T74/><D74/><U120/><E120/><V121/><F121/><W11/><G42/><T57/><D72/><U85/><E109/><N who="3" m="41482" /><G43/><T103/><D57/><U53/><E53/><V118/><F118/><W78/><G78/><T9/><D40/><U41/><E41/><V119/><F119/><W113/><G113/><T29/><D50/><U10/><E10/><V116/><F116/><W92/><G92/><T100/><D9/><U18/><E108/><V1/><F1/><W106/><G106/><T15/><D82/><AGARI ba="0,0" hai="18,22,27,65,67,82,85,87,89,90,94" m="19019" machi="82" ten="30,1500,0" yaku="8,1" doraHai="31" who="1" fromWho="0" sc="240,-15,270,15,245,0,245,0" /><INIT seed="1,1,0,2,1,117" ten="225,285,245,245" oya="1" hai0="121,107,45,58,56,40,77,22,104,33,54,118,134" hai1="9,93,44,111,30,2,14,17,89,97,31,18,11" hai2="6,13,79,112,15,73,126,92,80,4,86,95,38" hai3="101,21,122,36,83,3,71,12,5,129,102,20,130"/><U61/><E111/><V35/><F35/><W7/><G71/><T114/><D33/><U128/><E128/><N who="3" m="49258" /><G36/><T70/><D70/><U25/><E2/><V119/><F119/><W120/><G3/><T113/><D118/><U76/><E76/><V41/><F126/><W74/><G83/><T100/><D77/><U37/><E61/><V1/><F4/><N who="3" m="1611" /><G74/><T51/><D100/><N who="3" m="38505" /><G12/><N who="2" m="4681" /><F86/><W52/><G52/><T82/><D82/><U19/><E11/><N who="2" m="2511" /><F112/><W98/><G98/><T32/><D114/><U96/><E96/><V69/><F69/><W103/><N who="3" m="38513" /><W63/><DORA hai="124" /><G63/><T42/><D113/><U88/><E37/><V131/><F131/><W68/><G68/><T125/><D54/><U26/><E44/><AGARI ba="1,0" hai="38,41,44,73,79,80,92,95" m="2511,4681" machi="44" ten="30,1000,0" yaku="25,1" doraHai="117,124" who="2" fromWho="1" sc="225,0,285,-13,245,13,245,0" /><INIT seed="2,0,0,5,3,32" ten="225,272,258,245" oya="2" hai0="125,110,71,103,31,92,12,56,58,52,81,124,79" hai1="68,78,18,10,62,1,26,49,72,54,89,113,100" hai2="123,88,2,60,59,57,46,109,91,102,133,5,73" hai3="50,127,15,130,128,66,38,16,40,53,8,74,67"/><V120/><F73/><W121/><G74/><T17/><D71/><U76/><E113/><V29/><F102/><W11/><G121/><T20/><D110/><U116/><E116/><V48/><F29/><W64/><G127/><T117/><D117/><U104/><E72/><V111/><F133/><W28/><G38/><T135/><D135/><U42/><E42/><V90/><F5/><W34/><G40/><T55/><D31/><U119/><E119/><V6/><F6/><W96/><G8/><T45/><D45/><U41/><E41/><V82/><F82/><W132/><G132/><T0/><D0/><U122/><E122/><N who="2" m="46635" /><F60/><W39/><G39/><T33/><D33/><U86/><E100/><V43/><F2/><W107/><G96/><N who="0" m="59783" /><D58/><U22/><E104/><V101/><F101/><W99/><G99/><T7/><D56/><U129/><E1/><V83/><F83/><W114/><G107/><T94/><D94/><U134/><E134/><V9/><F9/><W131/><G114/><T37/><D37/><U85/><E10/><V65/><F65/><W47/><REACH who="3" step="1"/><G67/><REACH who="3" ten="225,272,258,235" step="2"/><T63/><D125/><U84/><E84/><V25/><F111/><W19/><G19/><T51/><D124/><U105/><E86/><V98/><F98/><W106/><G106/><T93/><D7/><U23/><E105/><V44/><F109/><W13/><G13/><T77/><D12/><U27/><E85/><V4/><F4/><W80/><G80/><T112/><D81/><U115/><E115/><V14/><F14/><W24/><AGARI ba="0,1" hai="11,15,16,24,28,34,47,50,53,64,66,128,130,131" machi="24" ten="40,8000,1" yaku="1,1,0,1,19,1,54,1,53,1" doraHai="32" doraHaiUra="30" who="3" fromWho="3" sc="225,-20,272,-20,258,-40,235,90" /><INIT seed="3,0,0,0,3,1" ten="205,252,218,325" oya="3" hai0="52,4,85,45,41,40,84,134,97,25,129,95,99" hai1="88,118,60,98,92,128,89,121,104,28,18,83,81" hai2="105,119,10,44,117,2,16,72,23,50,93,68,71" hai3="15,74,110,107,106,43,61,78,132,19,9,87,94"/><W112/><G112/><T37/><D129/><U73/><E28/><V3/><F105/><W51/><G132/><T12/><D134/><U54/><E121/><V79/><F79/><W100/><G110/><T116/><D116/><U77/><E118/><V35/><F35/><W115/><G115/><T109/><D109/><U5/><E128/><V33/><F33/><W67/><G74/><T7/><D25/><U126/><E104/><V70/><F72/><W53/><G43/><N who="0" m="16459" /><D37/><U29/><E29/><V58/><F58/><W24/><G24/><T22/><D22/><U13/><E126/><V63/><F63/><W127/><G127/><T8/><D4/><U75/><E5/><V64/><F64/><W11/><G9/><T108/><D108/><U20/><E89/><V32/><F32/><W123/><G123/><T86/><D95/><U133/><E133/><V30/><F30/><W114/><G114/><T55/><D45/><U135/><E135/><V59/><F44/><N who="3" m="27879" /><G107/><T48/><D48/><U113/><E113/><V122/><F2/><W124/><G106/><T38/><D38/><U65/><E54/><AGARI ba="0,0" hai="7,8,12,52,54,55,84,85,86,97,99" m="16459" machi="54" ten="30,3900,0" yaku="8,1,52,1,54,1" doraHai="1" who="0" fromWho="1" sc="205,39,252,-39,218,0,325,0" /><INIT seed="4,0,0,5,0,39" ten="244,213,218,325" oya="0" hai0="1,51,31,33,38,126,93,118,36,109,69,105,104" hai1="114,44,29,73,63,32,113,19,15,21,97,60,11" hai2="125,127,40,12,4,134,91,10,45,95,122,67,6" hai3="27,119,128,13,99,46,26,62,28,130,132,70,81"/><T3/><D118/><U96/><E73/><V71/><F122/><W92/><G119/><T5/><D51/><U131/><E32/><V66/><F134/><W79/><G132/><T75/><D93/><U88/><E131/><N who="3" m="50218" /><G46/><T83/><D69/><U80/><E44/><V68/><F4/><W48/><G48/><T76/><D126/><N who="2" m="48138" /><F68/><W59/><G13/><T107/><D109/><U85/><E29/><V102/><F102/><N who="3" m="60775" /><G28/><T52/><D52/><U90/><E11/><V34/><F34/><W2/><G2/><N who="0" m="523" /><D5/><U43/><E97/><N who="2" m="57599" /><F71/><W41/><G41/><T0/><N who="0" m="531" /><T25/><AGARI ba="0,0" hai="25,31,33,36,38,75,76,83,104,105,107" m="531" machi="25" ten="50,9600,0" yaku="4,1,33,2" doraHai="39" who="0" fromWho="0" sc="244,96,213,-32,218,-32,325,-32" /><INIT seed="4,1,0,1,0,119" ten="340,181,186,293" oya="0" hai0="27,94,126,120,64,87,77,52,29,113,56,14,17" hai1="117,39,15,19,82,61,98,47,45,92,33,5,124" hai2="108,122,96,58,107,24,65,83,43,69,46,1,2" hai3="97,38,111,3,68,25,66,130,40,110,36,60,104"/><T62/><D120/><U20/><E117/><V76/><F58/><W9/><G130/><T63/><D113/><U26/><E124/><V54/><F54/><W114/><G114/><T131/><D126/><U35/><E35/><V112/><F108/><N who="3" m="41515" /><G25/><T118/><D118/><U57/><E39/><N who="3" m="14890" /><G40/><T18/><D131/><U53/><E82/><V133/><F24/><W70/><G70/><T127/><D127/><U0/><E0/><V8/><F43/><W12/><G12/><T125/><D125/><U128/><E128/><V109/><F69/><W51/><G51/><T129/><D129/><U11/><REACH who="1" step="1"/><E33/><REACH who="1" ten="340,171,186,293" step="2"/><V30/><F1/><W100/><G9/><T13/><D77/><U135/><E135/><V37/><F76/><W72/><G3/><T89/><D63/><U102/><AGARI ba="1,1" hai="5,11,15,19,20,26,45,47,53,57,61,92,98,102" machi="102" ten="20,5200,0" yaku="1,1,0,1,7,1,8,1,53,0" doraHai="119" doraHaiUra="86" who="1" fromWho="1" sc="340,-27,171,65,186,-14,293,-14" /><INIT seed="5,0,0,1,5,22" ten="313,236,172,279" oya="1" hai0="91,133,70,37,82,4,84,116,101,61,87,130,3" hai1="50,24,99,127,58,123,38,93,89,115,14,102,66" hai2="39,9,0,124,78,59,128,122,126,28,75,55,88" hai3="76,135,51,35,25,97,46,40,134,41,113,120,105"/><U118/><E118/><V10/><F39/><W56/><G120/><T15/><D3/><U32/><E123/><V29/><F122/><W30/><G113/><T94/><D116/><U60/><E38/><V34/><F78/><W31/><G76/><T57/><D70/><U96/><E115/><V6/><F75/><W33/><G56/><T110/><D110/><U106/><E127/><N who="2" m="48683" /><F128/><W65/><G65/><T48/><D37/><U67/><E50/><N who="2" m="31223" /><F34/><W100/><REACH who="3" step="1"/><G41/><REACH who="3" ten="313,236,172,269" step="2"/><T77/><D77/><U19/><E67/><V16/><F88/><W43/><G43/><T26/><D91/><U112/><E112/><V72/><F72/><W2/><G2/><T27/><D57/><U36/><E36/><V1/><F0/><W63/><G63/><T85/><D61/><U12/><REACH who="1" step="1"/><E19/><REACH who="1" ten="313,226,172,269" step="2"/><V53/><F53/><W131/><G131/><T119/><D130/><U68/><E68/><V104/><F16/><W62/><G62/><T49/><D49/><U109/><E109/><V52/><F52/><W80/><G80/><T81/><D82/><U17/><E17/><V20/><F1/><W98/><G98/><T69/><D81/><U47/><E47/><V107/><F6/><W121/><G121/><T7/><D4/><U74/><E74/><V11/><F29/><AGARI ba="0,2" hai="12,14,24,29,32,58,60,66,89,93,96,99,102,106" machi="29" ten="40,3900,0" yaku="1,1,52,1,53,0" doraHai="22" doraHaiUra="45" who="1" fromWho="2" sc="313,0,226,59,172,-39,269,0" /><INIT seed="5,1,0,2,4,73" ten="313,285,133,269" oya="1" hai0="24,43,103,31,124,65,41,98,6,46,42,126,121" hai1="16,129,11,84,135,27,1,14,47,99,26,68,48" hai2="0,30,67,21,85,83,102,127,52,113,80,29,91" hai3="60,111,131,36,8,88,89,70,9,122,51,132,15"/><U55/><E68/><V32/><F32/><W110/><G122/><T5/><D121/><U87/><E129/><V34/><F34/><W105/><G36/><T17/><D17/><U74/><E74/><V94/><F0/><W25/><G131/><T13/><D65/><U39/><E135/><V54/><F127/><N who="0" m="48682" /><D13/><U58/><E1/><V10/><F113/><W23/><G132/><T97/><D46/><U64/><E99/><N who="0" m="37897" /><D103/><U107/><E107/><V45/><F102/><W18/><G105/><T95/><D95/><U3/><E3/><V125/><F125/><W118/><G70/><T96/><D96/><U63/><REACH who="1" step="1"/><E39/><REACH who="1" ten="313,275,133,269" step="2"/><V116/><F116/><W117/><G118/><T57/><D57/><U123/><E123/><V130/><F130/><W81/><G117/><T77/><D77/><U19/><E19/><V76/><F76/><W75/><G18/><T28/><D28/><U20/><E20/><AGARI ba="1,1" hai="5,6,20,24,31,41,42,43" m="37897,48682" machi="20" ten="30,1000,0" yaku="18,1" doraHai="73" who="0" fromWho="1" sc="313,23,275,-13,133,0,269,0" /><INIT seed="6,0,0,0,1,76" ten="336,262,133,269" oya="2" hai0="64,68,79,74,1,129,103,72,65,10,126,18,6" hai1="35,93,108,5,118,111,67,45,58,102,135,66,23" hai2="28,96,123,104,8,92,34,133,31,7,49,57,63" hai3="43,24,80,128,101,99,87,89,122,62,30,119,19"/><V84/><F123/><W91/><G122/><T70/><D79/><U85/><E35/><V88/><F133/><W78/><G119/><T25/><D103/><U127/><E118/><V17/><F49/><W13/><G128/><T100/><D100/><U52/><E135/><V38/><F38/><W120/><G43/><T115/><D18/><U113/><E113/><V121/><F34/><W15/><G120/><T20/><D20/><U4/><E127/><V51/><F51/><W40/><G40/><T47/><D47/><U12/><E45/><V117/><F121/><W2/><G2/><T21/><D21/><U73/><E73/><V54/><F17/><W112/><G62/><N who="0" m="39959" /><D25/><U95/><E111/><V29/><F117/><W56/><G56/><T61/><D115/><U39/><E39/><V42/><F42/><W110/><G112/><T132/><D132/><U32/><E32/><V44/><F44/><W77/><G78/><T9/><D9/><U90/><E108/><V55/><F104/><W125/><G110/><T124/><D129/><U41/><E41/><V0/><REACH who="2" step="1"/><F84/><REACH who="2" ten="336,262,123,269" step="2"/><W46/><G46/><T86/><D86/><U59/><E85/><V106/><F106/><W53/><G87/><T81/><D74/><U16/><E16/><V97/><F97/><W131/><G19/><T134/><D134/><U11/><E5/><V26/><F26/><W22/><G131/><T27/><D27/><U71/><E4/><V33/><F33/><W14/><G24/><T109/><D109/><U37/><E37/><V116/><F116/><W60/><G99/><T82/><D72/><RYUUKYOKU ba="0,1" sc="336,15,262,-15,123,15,269,-15" hai0="1,6,10,61,65,70,81,82,124,126" hai2="0,7,8,28,29,31,54,55,57,63,88,92,96" /><INIT seed="6,1,1,0,4,59" ten="351,247,138,254" oya="2" hai0="35,130,122,63,38,83,37,4,95,105,117,17,75" hai1="48,70,64,41,116,93,53,44,99,61,126,19,110" hai2="18,118,111,65,109,82,98,47,77,15,29,112,36" hai3="11,51,128,129,9,14,57,2,24,120,106,101,21"/><V55/><F118/><W23/><G120/><T125/><D122/><U69/><E116/><V34/><F112/><W85/><G106/><T16/><D105/><U12/><E126/><V108/><F65/><W5/><G101/><T96/><D35/><U89/><E110/><V22/><F98/><W72/><G72/><T71/><D117/><U121/><E121/><V33/><F29/><W102/><G102/><T67/><D4/><U134/><E134/><V1/><F1/><W7/><G85/><T50/><D130/><N who="3" m="50281" /><G57/><T88/><D125/><U8/><REACH who="1" step="1"/><E41/><REACH who="1" ten="351,237,138,254" step="2"/><N who="2" m="22951" /><F55/><W43/><G43/><T45/><D67/><U115/><E115/><V62/><F62/><W0/><G51/><T58/><D50/><U123/><E123/><V6/><F6/><W60/><G60/><T76/><D63/><U100/><E100/><V119/><F119/><W66/><G66/><T79/><D38/><U94/><E94/><V10/><F10/><W80/><G80/><T27/><D83/><U40/><E40/><V42/><F42/><W52/><G52/><T132/><D37/><U90/><E90/><V13/><F82/><W127/><G127/><T20/><D88/><U26/><E26/><N who="2" m="14679" /><F77/><W87/><G0/><T68/><D79/><U25/><E25/><V28/><F33/><W103/><G24/><AGARI ba="1,2" hai="13,15,24,28,34,108,109,111" m="14679,22951" machi="24" ten="30,1500,0" yaku="10,1" doraHai="59" who="2" fromWho="3" sc="351,0,237,0,138,38,254,-18" /><INIT seed="6,2,0,4,4,111" ten="351,237,176,236" oya="2" hai0="40,130,44,6,30,114,127,117,62,54,116,24,45" hai1="69,26,105,4,100,108,23,128,87,39,73,13,36" hai2="17,65,31,85,122,20,46,72,99,0,64,123,112" hai3="86,91,110,113,106,25,79,75,133,55,52,16,53"/><V35/><F72/><W93/><G110/><T5/><D114/><U49/><E108/><V10/><F112/><W18/><G133/><T48/><D130/><U96/><E73/><V82/><F122/><W78/><G113/><T1/><D127/><U120/><E69/><V76/><F123/><W115/><G115/><T119/><D1/><U97/><E120/><V70/><F70/><W12/><G106/><T81/><D81/><U89/><E97/><V43/><F99/><W33/><G75/><T59/><D45/><U103/><E103/><V134/><F134/><W57/><G57/><T38/><D38/><U56/><E128/><V66/><F35/><AGARI ba="2,0" hai="5,6,24,30,35,40,44,48,54,59,62,116,117,119" machi="35" ten="40,1300,0" yaku="12,1" doraHai="111" who="0" fromWho="2" sc="351,19,237,0,176,-19,236,0" /><INIT seed="7,0,0,4,0,130" ten="370,237,157,236" oya="3" hai0="109,26,56,7,103,69,29,88,41,117,20,81,19" hai1="18,35,3,102,37,79,92,28,38,107,128,16,11" hai2="4,70,93,73,31,12,62,111,75,43,24,42,97" hai3="89,65,48,50,33,94,118,116,80,99,95,119,0"/><W15/><G0/><T125/><D69/><U32/><E107/><V63/><F111/><W129/><G129/><T91/><D109/><U113/><E128/><V74/><F12/><W30/><G65/><T83/><D103/><U47/><E79/><V67/><F63/><W72/><G33/><T40/><D117/><U21/><E102/><V17/><F17/><W87/><G30/><T124/><D56/><U36/><E47/><V6/><F6/><W121/><G121/><T71/><D71/><U66/><E66/><V59/><F4/><W127/><G127/><N who="0" m="48715" /><D19/><U108/><E108/><V86/><F86/><W120/><G120/><T45/><D7/><U8/><E3/><V22/><REACH who="2" step="1"/><F70/><REACH who="2" ten="370,237,147,236" step="2"/><W39/><G15/><T98/><D29/><U122/><E18/><V106/><F106/><W27/><G119/><T68/><D68/><U101/><E16/><V135/><F135/><W96/><G118/><T114/><D26/><U54/><E28/><V76/><F76/><N who="3" m="46471" /><G27/><T112/><D112/><U133/><E113/><V34/><F34/><W110/><G116/><T134/><D114/><U85/><E133/><V25/><F25/><W77/><G110/><T60/><D134/><U100/><E35/><V1/><F1/><W84/><G77/><T123/><D123/><U115/><E32/><V126/><F126/><W104/><G104/><T131/><D131/><U2/><E115/><V132/><F132/><W64/><G84/><T78/><D78/><U51/><E85/><V55/><F55/><W23/><G64/><T13/><D13/><U49/><E2/><V5/><F5/><RYUUKYOKU ba="0,1" sc="370,-10,237,-10,147,30,236,-10" hai2="22,24,31,42,43,59,62,67,73,74,75,93,97" owari="370,47.0,227,2.7,177,-32.3,226,-17.4" /></mjloggm>