<mjloggm ver="2.3"><GO type="169" lobby="0"/><UN n0="%E3%83%A9%E3%83%B3%E3%82%B0%E3%83%A9" n1="%E5%A4%A9%E6%89%8D%E9%BA%BB%E5%B0%86%E6%99%BA%E4%B9%83" n2="%E4%BA%BA%E5%93%81%E3%81%AA%E3%81%97" n3="%E4%B8%9E%E9%A3%9B" dan="16,16,17,16" rate="2075.24,2174.67,2206.74,2087.72" sx="M,M,M,M"/><TAIKYOKU oya="0"/><INIT seed="0,0,0,3,4,120" ten="250,250,250,250" oya="0" hai0="130,8,117,42,29,3,106,66,68,25,87,59,89" hai1="54,85,101,73,118,40,49,31,122,64,92,125,112" hai2="52,62,79,11,131,95,28,53,56,121,27,90,1" hai3="127,34,103,84,48,134,113,71,86,133,132,119,46"/><T100/><D117/><U126/><E73/><V17/><F131/><W124/><G34/><T75/><D75/><U80/><E122/><V72/><F121/><W91/><G119/><T39/><D130/><U108/><E118/><V36/><F36/><W77/><G113/><T123/><D59/><U67/><E40/><V88/><F72/><W32/><G32/><N who="0" m="20527" /><D87/><U47/><E31/><V14/><F79/><W10/><G71/><T15/><D89/><U107/><E107/><V81/><F81/><W104/><G77/><T12/><D42/><U0/><E0/><V33/><F1/><W61/><G61/><N who="0" m="40015" /><D123/><U44/><E44/><V115/><F115/><W35/><G35/><T51/><D51/><U57/><E47/><V70/><F70/><W116/><G116/><T82/><D82/><U105/><E92/><V5/><F5/><W102/><G84/><T45/><D45/><U21/><E112/><V41/><F41/><W76/><G76/><T55/><D55/><U37/><E85/><V63/><F95/><W13/><G104/><T23/><D23/><U93/><E21/><V4/><F17/><N who="3" m="8375" /><G48/><T20/><D20/><U110/><E105/><V96/><F96/><W38/><G46/><T111/><D39/><U30/><E37/><V7/><F7/><W18/><G38/><T99/><D111/><N who="1" m="42539" /><E80/><V83/><F83/><N who="3" m="49631" /><G18/><T69/><D3/><U2/><E2/><V74/><F74/><W97/><G97/><T129/><D129/><U78/><E78/><V43/><F43/><W114/><G114/><T22/><D106/><U6/><E93/><V109/><F109/><RYUUKYOKU ba="0,0" sc="250,-15,250,-15,250,15,250,15" hai2="4,11,14,27,28,33,52,53,56,62,63,88,90" hai3="102,103,124,127,132,133,134" /><INIT seed="1,1,0,3,4,102" ten="235,235,265,265" oya="1" hai0="11,0,29,88,101,38,93,76,73,81,62,70,71" hai1="108,3,98,26,25,52,20,80,110,123,116,83,114" hai2="58,120,66,31,34,15,50,97,4,91,69,44,12" hai3="113,7,19,126,79,112,90,54,41,106,72,47,37"/><U96/><E114/><V127/><F120/><W86/><G126/><T23/><D38/><U95/><E3/><V68/><F127/><W59/><G106/><T13/><D0/><U35/><E123/><V104/><F58/><W131/><G131/><T64/><D101/><U121/><E121/><V125/><F125/><W128/><G128/><T75/><D75/><U16/><E116/><V17/><F4/><W24/><G7/><T105/><D105/><U92/><E35/><V115/><F115/><W133/><G133/><T63/><D29/><U6/><E6/><V132/><F132/><W117/><G79/><T56/><D23/><U74/><E74/><V61/><F68/><W124/><G72/><T57/><D13/><U53/><E20/><V39/><F39/><W48/><G117/><T8/><D8/><U109/><E109/><V33/><F91/><W94/><G124/><T40/><D40/><U82/><E82/><V65/><F65/><W10/><REACH who="3" step="1"/><G24/><REACH who="3" ten="235,235,265,255" step="2"/><T51/><D11/><U77/><E77/><V129/><F129/><W60/><G60/><T21/><D21/><U32/><E32/><V22/><F12/><AGARI ba="1,1" hai="10,12,19,37,41,47,48,54,59,86,90,94,112,113" machi="12" ten="40,2600,0" yaku="1,1,53,1" doraHai="102" doraHaiUra="87" who="3" fromWho="2" sc="235,0,235,0,265,-29,255,39" /><INIT seed="2,0,0,5,5,44" ten="235,235,236,294" oya="2" hai0="54,69,81,55,102,59,115,110,111,16,39,131,99" hai1="27,22,21,104,107,7,112,130,101,123,11,84,12" hai2="118,43,97,68,93,75,8,45,74,95,66,42,26" hai3="85,87,61,80,73,82,62,133,53,36,72,17,1"/><V40/><F118/><W9/><G36/><T37/><D115/><U116/><E112/><V88/><F68/><W35/><G35/><T25/><D69/><U23/><E116/><V51/><F66/><W127/><G127/><T113/><D113/><U58/><E130/><V67/><F67/><W122/><G133/><T103/><D131/><U78/><E123/><V71/><F71/><W77/><G53/><T50/><D81/><U76/><E27/><V10/><F26/><W117/><G122/><T89/><D89/><U70/><E70/><V49/><F45/><W30/><G30/><T65/><D65/><U126/><E126/><V29/><F29/><W32/><G32/><T125/><D125/><U52/><E84/><N who="2" m="52359" /><F75/><W48/><G73/><T3/><D3/><U96/><REACH who="1" step="1"/><E107/><REACH who="1" ten="235,225,236,294" step="2"/><V109/><F109/><W64/><G117/><T86/><D111/><U2/><E2/><V63/><F74/><W38/><G1/><T94/><D110/><U0/><E0/><V60/><F8/><W34/><G9/><T119/><D119/><U47/><E47/><V28/><F10/><W105/><G105/><T56/><D86/><U91/><E91/><N who="2" m="55551" /><F28/><W18/><G72/><T128/><D128/><U83/><E83/><V4/><F4/><W132/><G80/><T33/><D33/><U92/><E92/><V14/><F14/><W20/><G82/><T98/><D25/><U135/><E135/><V129/><F129/><W114/><G132/><T124/><D124/><U57/><E57/><V15/><F15/><W106/><G34/><T5/><D56/><U120/><E120/><RYUUKYOKU ba="0,1" sc="235,-15,225,15,236,15,294,-15" hai1="7,11,12,21,22,23,52,58,76,78,96,101,104" hai2="40,42,43,49,51,60,63" /><INIT seed="2,1,1,5,1,41" ten="220,240,251,279" oya="2" hai0="5,107,67,2,89,47,80,71,120,38,119,105,13" hai1="118,78,116,4,86,6,115,125,34,62,87,55,58" hai2="91,98,54,23,111,88,51,10,112,121,92,25,99" hai3="18,73,56,40,24,20,90,82,59,68,124,94,3"/><V100/><F112/><W27/><G68/><T106/><D120/><U95/><E115/><V84/><F111/><W64/><G3/><T130/><D130/><U103/><E34/><V70/><F70/><W33/><G124/><T14/><D119/><U37/><E37/><V85/><F10/><W117/><G117/><T113/><D113/><U57/><E125/><V50/><F50/><W9/><G64/><T1/><D89/><N who="1" m="53687" /><E103/><V60/><F121/><W76/><G9/><T36/><D80/><N who="1" m="47511" /><E118/><V45/><F60/><W17/><G40/><T101/><D101/><U104/><E104/><V46/><F46/><W75/><G75/><T127/><D127/><U21/><E116/><V102/><F102/><W30/><REACH who="3" step="1"/><G17/><REACH who="3" ten="220,240,251,269" step="2"/><T114/><D114/><U74/><E74/><V129/><F129/><W0/><G0/><T49/><D71/><U66/><E21/><V77/><F77/><W110/><G110/><T126/><D126/><U123/><E123/><V52/><F54/><W134/><G134/><T61/><D1/><U22/><E22/><V39/><F39/><W29/><G29/><T44/><D2/><U7/><E7/><V32/><F32/><W12/><G12/><T31/><D31/><U128/><E128/><V69/><F69/><W108/><G108/><T8/><D14/><U135/><E135/><V53/><F53/><W93/><G93/><T63/><D67/><U42/><E42/><V79/><F79/><W19/><G19/><T72/><D72/><U43/><E43/><V48/><F52/><W133/><G133/><T132/><D132/><U35/><E35/><RYUUKYOKU ba="1,2" sc="220,-15,240,15,251,-15,269,15" hai1="4,6,55,57,58,62,66" hai3="18,20,24,27,30,33,56,59,73,76,82,90,94" /><INIT seed="3,2,2,4,0,10" ten="205,255,236,284" oya="3" hai0="43,32,78,71,96,48,98,111,72,57,127,27,90" hai1="55,29,16,70,126,31,13,38,22,14,80,26,28" hai2="125,41,68,130,61,11,69,109,0,74,110,75,8" hai3="89,59,76,121,53,83,34,21,106,117,131,103,135"/><W112/><G112/><T4/><D71/><U104/><E38/><V77/><F77/><W79/><G117/><T50/><D111/><U87/><E104/><V56/><F41/><W52/><G121/><T128/><D128/><U20/><E126/><V124/><F56/><W49/><G34/><T6/><D127/><N who="2" m="48714" /><F130/><W44/><G131/><T47/><D72/><N who="2" m="27690" /><F61/><W66/><G135/><T15/><D78/><N who="1" m="46487" /><E70/><N who="2" m="27243" /><F0/><W91/><G79/><T19/><D57/><U114/><E114/><V133/><F133/><W82/><G66/><T63/><D63/><U62/><E22/><V101/><F101/><W17/><G103/><T37/><D43/><U12/><E62/><V24/><F24/><W108/><G108/><AGARI ba="2,2" hai="8,11,108,109,110" m="27243,27690,48714" machi="108" ten="40,8000,1" yaku="28,2,14,1,18,1" doraHai="10" who="2" fromWho="3" sc="205,0,255,0,236,106,284,-86" /><INIT seed="4,0,0,0,2,42" ten="205,255,342,198" oya="0" hai0="118,107,88,78,8,28,101,40,93,33,14,109,110" hai1="11,2,19,111,62,25,96,26,126,82,0,112,129" hai2="38,85,98,60,108,39,114,94,125,134,67,32,15" hai3="102,83,133,122,55,24,41,87,77,52,113,89,16"/><T13/><D118/><U99/><E111/><N who="0" m="42505" /><D78/><U74/><E129/><V132/><F114/><W123/><G113/><T36/><D107/><U23/><E126/><V66/><F125/><W22/><G133/><N who="2" m="51305" /><F32/><W79/><G102/><T35/><D101/><U119/><E119/><V100/><F108/><W115/><G115/><T106/><D106/><U80/><E0/><V73/><F73/><W4/><G4/><N who="0" m="3207" /><D14/><N who="1" m="7647" /><E2/><V128/><F128/><W124/><G41/><T34/><D28/><U70/><E74/><V76/><F15/><W27/><G27/><T45/><D34/><U127/><E26/><V103/><F103/><W95/><G124/><T86/><AGARI ba="0,0" hai="33,35,36,40,45,86,88,93" m="3207,42505" machi="86" ten="30,6000,0" yaku="10,1,52,1,54,1" doraHai="42" who="0" fromWho="0" sc="205,60,255,-20,342,-20,198,-20" /><INIT seed="4,1,0,1,5,25" ten="265,235,322,178" oya="0" hai0="53,56,132,22,17,7,40,96,54,106,84,86,20" hai1="58,107,36,134,95,111,9,51,11,66,90,46,74" hai2="80,102,65,27,126,6,131,97,125,19,62,128,115" hai3="33,38,108,35,83,2,0,127,15,16,18,98,119"/><T23/><D132/><U45/><E107/><N who="2" m="63951" /><F6/><W121/><G38/><T61/><D7/><U123/><E111/><V100/><F19/><W104/><G108/><T92/><D106/><U122/><E74/><V75/><F115/><W105/><G83/><T8/><D40/><U129/><E134/><V85/><F27/><W94/><G119/><T110/><D110/><U79/><E79/><N who="2" m="44159" /><F100/><W82/><G82/><T135/><D135/><U120/><E36/><V71/><F85/><W99/><G127/><AGARI ba="1,0" hai="62,65,71,125,126,127,128,131" m="44159,63951" machi="127" ten="30,2000,0" yaku="18,1,23,1" doraHai="25" who="2" fromWho="3" sc="265,0,235,0,322,23,178,-23" /><INIT seed="5,0,0,2,2,52" ten="265,235,345,155" oya="1" hai0="100,96,21,67,61,95,99,58,9,82,14,41,107" hai1="77,5,19,59,11,15,104,72,68,110,16,69,8" hai2="24,125,86,119,13,4,93,133,57,55,32,120,33" hai3="25,128,44,85,74,103,118,46,43,3,87,22,17"/><U48/><E104/><V92/><F119/><W132/><G74/><T38/><D38/><U127/><E127/><V88/><F120/><W20/><G128/><T116/><D41/><U111/><E77/><V12/><F125/><W105/><G132/><T1/><D1/><U106/><E106/><V27/><F133/><W112/><G112/><T129/><D129/><U56/><E72/><V102/><F32/><W50/><G3/><T90/><D116/><U75/><E75/><V71/><F71/><W66/><G118/><T62/><D21/><U64/><E48/><N who="2" m="30951" /><F33/><W34/><G34/><T79/><D62/><U10/><E64/><V40/><F40/><W135/><G135/><T2/><D2/><U130/><E130/><V54/><F54/><W89/><G66/><T114/><D114/><U23/><E5/><V117/><F117/><W63/><G63/><T60/><D60/><U6/><E6/><V124/><F124/><W126/><G46/><T131/><D131/><U70/><E19/><V91/><F102/><W101/><G105/><T78/><REACH who="0" step="1"/><D82/><REACH who="0" ten="255,235,345,155" step="2"/><U113/><E113/><V29/><F29/><W108/><G126/><T45/><D45/><U76/><REACH who="1" step="1"/><E76/><REACH who="1" ten="255,225,345,155" step="2"/><V134/><F134/><W53/><G43/><T98/><D98/><U94/><E94/><V115/><F115/><W80/><G108/><AGARI ba="0,2" hai="8,10,11,15,16,23,56,59,68,69,70,108,110,111" machi="108" ten="50,24000,3" yaku="1,1,10,1,52,2,54,1,53,3" doraHai="52" doraHaiUra="122" who="1" fromWho="3" sc="255,0,225,260,345,0,155,-240" owari="255,-14.5,485,58.5,345,14.5,-85,-58.5" /></mjloggm>