<mjloggm ver="2.3"><GO type="169" lobby="0"/><UN n0="%E3%81%BB%E3%83%BC%E3%82%8A%E3%83%BC" n1="%72%65%62%6F%75%6E%64" n2="%E3%83%AD%E3%83%99%E3%83%AB%E3%82%BF%E3%81%95%E3%82%93%EF%BC%A0" n3="%31%35%2E%31%35%63%6D" dan="17,16,16,16" rate="2226.13,2110.30,2138.23,2127.97" sx="M,M,F,M"/><TAIKYOKU oya="0"/><INIT seed="0,0,0,0,1,39" ten="250,250,250,250" oya="0" hai0="123,129,4,31,57,122,32,23,96,104,6,75,91" hai1="18,93,35,108,105,120,65,44,87,83,62,3,54" hai2="2,103,82,130,17,111,99,1,22,25,24,127,64" hai3="36,21,48,124,63,88,15,12,11,115,38,134,78"/><T86/><D75/><U94/><E120/><V80/><F111/><W27/><G115/><T109/><D32/><U58/><E108/><V101/><F130/><W76/><G134/><T42/><D109/><U53/><E105/><V85/><F103/><W61/><G124/><T34/><D34/><U100/><E35/><V90/><F127/><W43/><G38/><T106/><D129/><U132/><E3/><V47/><F25/><W8/><G36/><T7/><D57/><U5/><E5/><V52/><F80/><W118/><G118/><T98/><D23/><U68/><E68/><V20/><F64/><W56/><G88/><T37/><D31/><U97/><E94/><V28/><F22/><W73/><G73/><T110/><D110/><U41/><E18/><V117/><F28/><W84/><G84/><T51/><D37/><U70/><E70/><V72/><F72/><W135/><G135/><T29/><D29/><U74/><E74/><V49/><REACH who="2" step="1"/><F117/><REACH who="2" ten="250,250,240,250" step="2"/><W60/><G21/><T77/><D123/><U113/><E132/><V45/><F45/><N who="3" m="25663" /><G27/><T16/><D122/><U55/><E113/><V89/><F89/><W69/><G69/><T81/><D91/><N who="1" m="51711" /><E65/><V26/><F26/><W14/><G56/><T66/><D66/><U46/><E46/><V121/><F121/><W133/><G133/><T131/><D131/><U92/><E100/><V114/><F114/><W128/><G128/><T10/><D106/><AGARI ba="0,1" hai="1,2,17,20,24,47,49,52,82,85,90,99,101,106" machi="106" ten="30,3900,0" yaku="1,1,7,1,54,1,53,0" doraHai="39" doraHaiUra="0" who="2" fromWho="0" sc="250,-39,250,0,240,49,250,0" /><INIT seed="1,0,0,2,4,113" ten="211,250,289,250" oya="1" hai0="31,63,22,99,74,69,124,41,4,17,78,68,102" hai1="128,111,134,48,117,10,39,87,116,21,29,19,42" hai2="60,57,2,133,79,100,64,9,36,16,103,119,90" hai3="93,30,52,12,121,77,23,105,51,84,6,83,110"/><U81/><E128/><V131/><F131/><W129/><G129/><T118/><D4/><U43/><E39/><V18/><F133/><W32/><G105/><T67/><D68/><U47/><E42/><V8/><F36/><W27/><G121/><T130/><D130/><U66/><E29/><V65/><F119/><W14/><G110/><T92/><D124/><U132/><E10/><V125/><F125/><W34/><G6/><T3/><D3/><U25/><E66/><V33/><F33/><W98/><G32/><T46/><D31/><U13/><E25/><V101/><F79/><W7/><G34/><T35/><D35/><U54/><E43/><V53/><F2/><W61/><G61/><T62/><D62/><U95/><E95/><V108/><F108/><W24/><G24/><T45/><D118/><U127/><E127/><V59/><F65/><W94/><G7/><T70/><D70/><U88/><E111/><V11/><REACH who="2" step="1"/><F90/><REACH who="2" ten="211,250,279,250" step="2"/><N who="3" m="55639" /><G93/><T71/><D78/><U76/><E76/><V115/><F115/><W5/><G5/><T37/><D74/><U26/><E13/><V56/><F56/><AGARI ba="0,1" hai="12,14,23,27,30,51,52,56,77,83,84" m="55639" machi="56" ten="30,2000,0" yaku="8,1,54,1" doraHai="113" who="3" fromWho="2" sc="211,0,250,0,279,-20,250,30" /><INIT seed="2,0,0,1,5,84" ten="211,250,259,280" oya="2" hai0="90,18,13,3,135,130,93,79,49,44,116,108,6" hai1="10,17,8,87,11,41,103,7,104,120,0,31,74" hai2="113,59,62,114,66,63,65,112,77,75,25,48,23" hai3="35,67,88,97,131,94,50,102,117,39,22,110,98"/><V56/><F75/><W38/><G35/><T91/><D108/><U64/><E74/><V27/><F77/><W89/><G117/><T71/><D71/><U36/><E31/><V127/><F127/><W37/><G110/><T4/><D3/><U61/><E120/><V100/><F100/><W72/><G72/><T99/><D116/><U57/><E104/><V47/><REACH who="2" step="1"/><F23/><REACH who="2" ten="211,250,249,280" step="2"/><W73/><G73/><T28/><D79/><U111/><E103/><V122/><F122/><W51/><G22/><N who="0" m="11599" /><D135/><U86/><E111/><V92/><F92/><W82/><G82/><T76/><D76/><U14/><E10/><V54/><AGARI ba="0,1" hai="25,27,47,48,54,56,59,62,63,65,66,112,113,114" machi="54" ten="30,6000,0" yaku="1,1,0,1,9,1,53,0" doraHai="84" doraHaiUra="115" who="2" fromWho="2" sc="211,-20,250,-20,249,70,280,-20" /><INIT seed="2,1,0,4,2,38" ten="191,230,319,260" oya="2" hai0="74,98,56,92,99,6,66,86,113,18,105,93,49" hai1="131,22,134,26,33,79,68,89,61,103,114,29,117" hai2="57,67,39,124,120,123,8,53,37,24,115,50,127" hai3="30,51,62,36,2,88,82,28,125,43,17,129,31"/><V44/><F8/><W70/><G2/><T42/><D74/><U77/><E114/><V60/><F24/><W107/><G107/><T21/><D113/><U35/><E117/><V133/><F115/><W19/><G36/><N who="2" m="13897" /><F133/><W55/><G125/><AGARI ba="1,0" hai="44,50,53,57,60,67,120,123,124,125,127" m="13897" machi="125" ten="30,5800,0" yaku="18,1,34,2" doraHai="38" who="2" fromWho="3" sc="191,0,230,0,319,61,260,-61" /><INIT seed="2,2,0,4,3,124" ten="191,230,380,199" oya="2" hai0="69,121,115,67,18,118,7,48,75,113,53,88,30" hai1="109,24,1,87,59,90,25,68,116,101,80,84,29" hai2="57,5,126,99,13,16,40,44,122,103,36,64,27" hai3="93,38,102,45,72,111,125,108,54,112,97,47,129"/><V58/><F126/><W74/><G125/><T131/><D75/><U96/><E109/><N who="3" m="42058" /><G112/><T39/><D39/><U8/><E116/><V35/><F122/><W82/><G38/><T6/><D121/><U134/><E68/><V66/><F5/><W98/><G54/><T92/><D30/><U61/><E134/><V104/><F27/><W133/><G133/><T77/><D77/><U51/><E51/><V62/><F35/><W100/><G47/><T23/><D118/><U33/><E25/><V56/><REACH who="2" step="1"/><F64/><REACH who="2" ten="191,230,370,199" step="2"/><W65/><G65/><T106/><D6/><U127/><E127/><V85/><F85/><W49/><G74/><T34/><D7/><U123/><E87/><V37/><F37/><W55/><G72/><T120/><D34/><U79/><E123/><V15/><F15/><W21/><G82/><T0/><D120/><U20/><E33/><V32/><F32/><W43/><G43/><T11/><D67/><U19/><E1/><V76/><F76/><W110/><G110/><T60/><D0/><U91/><E79/><V52/><F52/><W94/><G21/><AGARI ba="2,1" hai="13,16,21,36,40,44,56,57,58,62,66,99,103,104" machi="21" ten="30,5800,0" yaku="1,1,7,1,54,1,53,0" doraHai="124" doraHaiUra="107" who="2" fromWho="3" sc="191,0,230,0,370,74,199,-64" /><INIT seed="2,3,0,0,5,59" ten="191,230,444,135" oya="2" hai0="29,4,80,75,82,63,6,54,30,8,120,103,14" hai1="62,16,28,39,27,37,84,134,102,92,34,109,100" hai2="22,50,7,3,99,66,116,73,117,125,122,2,133" hai3="35,55,83,49,57,19,130,56,113,43,32,5,64"/><V11/><F73/><W115/><G5/><T33/><D120/><U101/><E109/><V31/><F122/><W111/><G111/><T112/><D112/><N who="3" m="43081" /><G130/><T76/><D33/><N who="3" m="12873" /><G43/><T69/><D103/><U86/><E134/><V77/><F2/><W78/><G19/><T106/><D106/><U23/><E37/><V128/><F128/><W58/><G64/><T85/><D4/><U1/><E39/><V21/><F66/><W129/><G129/><T15/><D15/><U71/><E1/><V95/><F133/><W96/><G96/><T105/><D105/><U51/><E51/><V48/><F48/><W13/><G13/><T88/><REACH who="0" step="1"/><D54/><REACH who="0" ten="181,230,444,135" step="2"/><U127/><E102/><V123/><F7/><W107/><G107/><T79/><D79/><U104/><E104/><V114/><F77/><W44/><G44/><T132/><D132/><U97/><E101/><V124/><F114/><W38/><G38/><T89/><D89/><U24/><E100/><V98/><F123/><W93/><G93/><T46/><D46/><U36/><E36/><V42/><F95/><W53/><G53/><T119/><D119/><U26/><E92/><V12/><F117/><W18/><G55/><T52/><D52/><U121/><E121/><V94/><F94/><W74/><G49/><T47/><D47/><U81/><E34/><V70/><F50/><W87/><G74/><T45/><D45/><U68/><E28/><V118/><F116/><W108/><G108/><T61/><D61/><U67/><E62/><V20/><F118/><W10/><G18/><T65/><AGARI ba="3,1" hai="6,8,14,29,30,63,65,69,75,76,80,82,85,88" machi="65" ten="30,8000,1" yaku="1,1,0,1,52,1,54,1,53,1" doraHai="59" doraHaiUra="0" who="0" fromWho="0" sc="181,99,230,-23,444,-43,135,-23" /><INIT seed="3,0,0,5,4,111" ten="280,207,401,112" oya="3" hai0="71,75,84,63,103,117,7,83,104,119,11,79,85" hai1="28,110,97,91,20,125,90,5,33,32,66,44,107" hai2="55,4,74,53,99,15,10,47,51,109,129,64,102" hai3="65,113,62,86,23,45,82,120,0,25,36,114,87"/><W19/><G120/><T89/><D84/><U88/><E110/><V30/><F109/><W1/><G1/><T49/><D49/><U56/><E125/><V115/><F129/><W73/><G0/><T58/><D71/><U77/><E5/><V54/><F74/><W6/><G6/><T126/><D126/><U92/><E77/><V59/><F30/><W132/><G73/><T22/><D22/><U121/><E121/><V96/><F115/><W42/><G132/><T95/><D104/><U81/><E44/><V100/><F64/><W131/><G131/><T37/><D103/><N who="2" m="39466" /><F59/><W80/><G87/><T34/><D37/><U98/><E81/><V122/><F122/><W24/><G24/><T128/><D34/><U133/><E133/><V93/><F93/><W18/><G18/><T50/><D50/><U41/><E107/><V112/><F112/><W14/><G25/><T76/><D76/><U21/><E41/><AGARI ba="0,0" hai="4,10,15,41,47,51,53,54,55,96,99" m="39466" machi="41" ten="30,1000,0" yaku="8,1" doraHai="111" who="2" fromWho="1" sc="280,0,207,-10,401,10,112,0" /><INIT seed="4,0,0,5,0,45" ten="280,197,411,112" oya="0" hai0="44,118,119,12,135,101,15,59,64,78,31,38,4" hai1="21,122,124,28,51,24,76,34,81,130,88,83,1" hai2="58,103,37,116,126,86,112,80,115,74,61,20,108" hai3="54,8,52,5,43,84,121,63,98,0,3,71,100"/><T97/><D135/><U79/><E122/><V117/><F126/><W109/><G109/><T62/><D78/><U41/><E1/><V50/><F37/><W94/><G121/><T110/><D110/><U26/><E124/><V99/><F74/><W27/><G3/><T39/><D31/><U102/><E102/><V47/><F20/><W65/><G43/><T105/><D39/><U85/><E130/><V66/><F108/><W42/><G42/><T6/><D38/><U113/><E113/><N who="2" m="43595" /><F50/><W56/><G71/><T107/><D107/><U82/><E41/><V67/><F47/><W91/><REACH who="3" step="1"/><G27/><REACH who="3" ten="280,197,411,102" step="2"/><T69/><D69/><U46/><E79/><N who="2" m="46367" /><F66/><W133/><G133/><T19/><D64/><U2/><E76/><V9/><F67/><W104/><AGARI ba="0,1" hai="0,5,8,52,54,56,63,65,84,91,94,98,100,104" machi="104" ten="20,5200,0" yaku="1,1,0,1,7,1,54,1,53,0" doraHai="45" doraHaiUra="36" who="3" fromWho="3" sc="280,-26,197,-13,411,-13,102,62" /><INIT seed="5,0,0,5,5,90" ten="254,184,398,164" oya="1" hai0="108,124,77,50,125,68,127,99,0,113,121,129,76" hai1="34,62,33,5,25,48,38,43,66,80,44,29,69" hai2="19,9,37,35,4,51,24,89,94,79,104,7,61" hai3="106,92,81,91,21,95,53,72,26,100,112,105,97"/><U16/><E5/><V78/><F37/><W134/><G112/><T30/><D0/><U131/><E131/><V75/><F104/><W93/><G134/><T32/><D68/><U111/><E111/><V85/><F35/><W20/><G20/><T101/><D108/><U45/><E80/><V120/><F75/><W27/><G27/><N who="0" m="18527" /><D113/><U63/><E63/><V52/><F61/><W18/><G106/><N who="0" m="63807" /><D129/><U133/><E133/><V54/><F54/><W36/><G36/><T41/><D121/><U96/><E96/><V64/><F64/><W55/><REACH who="3" step="1"/><G91/><REACH who="3" ten="254,184,398,154" step="2"/><T107/><D107/><U102/><E102/><V39/><F39/><W119/><G119/><T65/><D125/><U23/><REACH who="1" step="1"/><E29/><REACH who="1" ten="254,174,398,154" step="2"/><V56/><F120/><W12/><G12/><T103/><D103/><U109/><E109/><V71/><F4/><W31/><G31/><T98/><D127/><U132/><E132/><V59/><F7/><W83/><G83/><T13/><D124/><U126/><E126/><V60/><F60/><W17/><G17/><T2/><D98/><U118/><E118/><V8/><F19/><W130/><G130/><T47/><D77/><AGARI ba="0,2" hai="18,21,26,53,55,72,77,81,92,93,95,97,100,105" machi="77" ten="40,8000,1" yaku="1,1,52,3,53,0" doraHai="90" doraHaiUra="10" who="3" fromWho="0" sc="254,-80,174,0,398,0,154,100" /><INIT seed="6,0,0,1,2,109" ten="174,174,398,254" oya="2" hai0="2,97,76,56,126,85,117,116,78,6,115,46,132" hai1="62,27,88,92,53,43,127,71,57,112,106,124,83" hai2="101,87,131,69,125,72,89,17,111,100,22,16,77" hai3="26,28,15,82,19,119,18,91,99,133,73,75,81"/><V94/><F131/><W65/><G119/><N who="0" m="45643" /><D115/><U48/><E106/><V108/><F125/><N who="1" m="48201" /><E83/><N who="2" m="45479" /><F17/><W54/><G133/><T31/><D126/><U37/><E27/><N who="2" m="14791" /><F69/><W104/><G65/><T96/><D132/><U42/><E37/><V84/><F87/><W102/><G54/><T0/><D31/><U68/><E112/><V51/><F51/><W36/><G36/><T93/><D46/><N who="1" m="25687" /><E43/><V33/><F33/><W120/><G19/><T20/><D20/><U63/><E63/><V86/><F86/><AGARI ba="0,0" hai="53,57,62,68,71,86,88,92" m="25687,48201" machi="86" ten="30,2000,0" yaku="18,1,54,1" doraHai="109" who="1" fromWho="2" sc="174,0,174,20,398,-20,254,0" /><INIT seed="7,0,0,0,1,132" ten="174,194,378,254" oya="3" hai0="31,39,53,105,90,130,45,64,54,65,41,44,19" hai1="68,101,107,135,122,26,11,94,79,18,55,112,117" hai2="74,73,78,106,36,56,5,70,119,0,108,46,103" hai3="7,86,20,88,10,49,6,131,1,93,52,100,118"/><W127/><G118/><T82/><D105/><U99/><E122/><V58/><F58/><N who="3" m="33039" /><G100/><T116/><D116/><U59/><E117/><V97/><F70/><W72/><G72/><T125/><D31/><U128/><E135/><V16/><F103/><W60/><G60/><T37/><D130/><U121/><E121/><V63/><F106/><W124/><G7/><T4/><D4/><U34/><E68/><V98/><F63/><W96/><G96/><T91/><D19/><U85/><E128/><V133/><F98/><W62/><G62/><T113/><D82/><N who="1" m="47327" /><E34/><V111/><F97/><W71/><G71/><T35/><D35/><U129/><E112/><V83/><F5/><W61/><G61/><T84/><D113/><U57/><E129/><V66/><F74/><W104/><G131/><T92/><D125/><N who="3" m="48201" /><G20/><T33/><D33/><U38/><E99/><V14/><F73/><W51/><G51/><T25/><D25/><U89/><E26/><V75/><F75/><W102/><G102/><T8/><D8/><U110/><E101/><V47/><F119/><W24/><G24/><T81/><D81/><U69/><E107/><AGARI ba="0,0" hai="1,6,10,86,88,93,104,107" m="48201,33039" machi="107" ten="30,18000,2" yaku="18,1,52,3,54,2" doraHai="132" who="3" fromWho="1" sc="174,0,194,-180,378,0,254,180" owari="174,-22.6,14,-48.6,378,17.8,434,53.4" /></mjloggm>