<mjloggm ver="2.3"><GO type="169" lobby="0"/><UN n0="%E3%82%82%E3%81%BF%E3%81%95%E3%81%92" n1="%E2%97%8E%E3%82%88%E3%81%97%E2%97%8E" n2="%E3%81%BF%E3%81%8B%E3%82%93%EF%BC%A0%E3%82%8F%E3%81%8B%E3%82%81%E3%81%A6" n3="%E7%99%BE%E9%87%8E%E3%81%95%E3%82%93" dan="17,16,16,17" rate="2192.11,2134.47,2138.67,2198.07" sx="M,M,M,M"/><TAIKYOKU oya="0"/><INIT seed="0,0,0,3,1,52" ten="250,250,250,250" oya="0" hai0="97,0,3,132,4,92,102,7,50,16,31,87,51" hai1="135,9,71,25,116,32,53,134,60,85,80,82,107" hai2="126,129,66,38,72,127,20,104,58,93,81,84,124" hai3="21,86,64,6,13,26,122,90,70,40,18,28,79"/><T119/><D119/><U44/><E116/><V99/><F38/><W115/><G115/><T39/><D39/><U5/><E107/><V94/><F129/><W95/><G122/><T103/><D31/><N who="1" m="19567" /><E44/><V117/><F117/><W19/><G40/><T2/><D132/><N who="1" m="50731" /><E85/><V131/><F131/><W110/><G79/><T118/><D118/><U108/><E108/><V101/><F72/><W63/><G110/><T105/><D105/><U133/><N who="1" m="50739" /><U67/><DORA hai="114" /><E53/><V55/><F20/><W47/><G47/><T35/><D35/><U27/><E27/><V17/><F17/><W123/><G123/><T120/><D120/><U113/><E113/><V89/><REACH who="2" step="1"/><F66/><REACH who="2" ten="250,250,240,250" step="2"/><W22/><G19/><T46/><D4/><U34/><E34/><V48/><AGARI ba="0,1" hai="48,55,58,81,84,89,93,94,99,101,104,124,126,127" machi="48" ten="30,12000,2" yaku="1,1,2,1,0,1,18,1,52,1,53,1" doraHai="52,114" doraHaiUra="77,75" who="2" fromWho="2" sc="250,-60,250,-30,240,130,250,-30" /><INIT seed="1,0,0,1,2,96" ten="190,220,370,220" oya="1" hai0="109,44,2,63,133,129,98,54,99,84,14,51,47" hai1="127,35,42,112,18,3,135,120,108,77,121,11,88" hai2="4,103,43,46,21,10,122,123,12,79,37,113,71" hai3="28,66,39,83,48,7,36,132,78,34,80,24,26"/><U70/><E77/><V73/><F71/><W52/><G132/><T16/><D2/><U116/><E88/><V0/><F113/><W45/><G66/><T69/><D109/><U25/><E25/><V119/><F119/><W65/><G65/><T68/><D63/><U93/><E93/><V60/><F60/><W111/><G111/><T126/><D133/><U5/><E18/><N who="2" m="10439" /><F103/><W22/><G7/><T81/><D126/><U94/><E94/><V29/><F29/><W104/><G104/><T101/><D47/><U125/><E42/><V15/><F15/><W57/><G45/><T92/><D98/><U97/><E97/><V30/><F30/><W102/><G102/><T100/><D100/><U76/><E76/><V20/><F20/><W38/><REACH who="3" step="1"/><G78/><REACH who="3" ten="190,220,370,210" step="2"/><T95/><D68/><U75/><E5/><V90/><F90/><W72/><G72/><T13/><D69/><U67/><E67/><V110/><F110/><W40/><G40/><T27/><D129/><U115/><E115/><V107/><F107/><W124/><G124/><T62/><D101/><U86/><E125/><V1/><F1/><W134/><G134/><T130/><D130/><U32/><E121/><V59/><F59/><W85/><G85/><T89/><D84/><U41/><E86/><V105/><F105/><W53/><G53/><T128/><D54/><U131/><E41/><V9/><F9/><W31/><AGARI ba="0,1" hai="22,24,26,28,31,34,36,38,39,48,52,57,80,83" machi="31" ten="40,5200,0" yaku="1,1,0,1,54,1,53,0" doraHai="96" doraHaiUra="82" who="3" fromWho="3" sc="190,-13,220,-26,370,-13,210,62" /><INIT seed="2,0,0,0,4,71" ten="177,194,357,272" oya="2" hai0="109,15,10,121,35,83,42,61,97,108,39,9,111" hai1="23,75,78,70,13,130,72,17,69,22,46,26,53" hai2="38,132,41,92,67,80,21,28,74,62,24,33,117" hai3="44,65,125,60,82,58,126,3,100,88,95,27,90"/><V25/><F117/><W37/><G3/><T112/><D112/><U77/><E130/><V18/><F132/><W36/><G44/><T5/><D121/><U122/><E122/><V14/><F92/><W57/><G57/><T56/><D35/><U128/><E128/><V45/><F80/><W98/><G27/><T94/><D83/><U115/><E115/><V116/><F116/><W99/><G82/><T64/><D9/><U7/><E7/><V43/><F43/><W4/><G4/><T85/><D85/><U6/><E6/><V49/><F74/><W101/><G90/><T134/><D134/><U66/><E46/><V86/><F86/><W0/><G0/><T118/><D118/><U50/><E66/><V114/><F114/><W52/><G65/><T11/><D11/><U47/><E75/><V76/><F76/><W84/><G99/><T91/><REACH who="0" step="1"/><D42/><REACH who="0" ten="167,194,357,272" step="2"/><U93/><E72/><V79/><F79/><W51/><G84/><T124/><D124/><N who="3" m="47721" /><G60/><T48/><D48/><U81/><E78/><V16/><F49/><W119/><G119/><T31/><D31/><U73/><REACH who="1" step="1"/><E93/><REACH who="1" ten="167,184,357,272" step="2"/><V54/><F33/><W68/><G68/><T55/><D55/><U59/><E59/><V34/><F54/><W30/><G30/><AGARI ba="0,2" hai="13,17,22,23,26,30,47,50,53,69,70,73,77,81" machi="30" ten="30,2000,0" yaku="1,1,7,1,53,0" doraHai="71" doraHaiUra="103" who="1" fromWho="3" sc="167,0,184,40,357,0,272,-20" /><INIT seed="3,0,0,2,5,132" ten="167,224,357,252" oya="3" hai0="37,3,82,63,24,7,99,102,26,108,9,125,80" hai1="25,72,70,79,104,94,39,96,85,115,17,68,56" hai2="51,71,44,95,48,42,128,2,92,86,46,57,69" hai3="97,21,119,34,84,126,65,83,89,88,133,118,49"/><W1/><G34/><T10/><D37/><U28/><E39/><V90/><F2/><W114/><G114/><T131/><D131/><U87/><E115/><V121/><F128/><W36/><G36/><T67/><D108/><U47/><E47/><V112/><F112/><W60/><G1/><T77/><D10/><U19/><E56/><V124/><F124/><W61/><G133/><T81/><D77/><U35/><E104/><V117/><F117/><W45/><G126/><T101/><D125/><U109/><E72/><V4/><F4/><W22/><G61/><T11/><D11/><U134/><E109/><V62/><F121/><W91/><G118/><T8/><D8/><U78/><E134/><V23/><F23/><W58/><G119/><T29/><D29/><U130/><E130/><V107/><F107/><W100/><G100/><T27/><REACH who="0" step="1"/><D99/><REACH who="0" ten="157,224,357,252" step="2"/><U113/><E96/><V18/><F18/><W135/><G135/><T106/><D106/><U50/><E113/><V38/><F38/><W30/><G30/><T120/><D120/><U123/><E28/><V55/><REACH who="2" step="1"/><F95/><REACH who="2" ten="157,224,347,252" step="2"/><W41/><G97/><T110/><D110/><U59/><E94/><V0/><F0/><W12/><G22/><T40/><D40/><AGARI ba="0,2" hai="40,42,44,46,48,51,55,57,62,69,71,86,90,92" machi="40" ten="30,3900,0" yaku="1,1,7,1,9,1,53,0" doraHai="132" doraHaiUra="5" who="2" fromWho="0" sc="157,-39,224,0,347,59,252,0" /><INIT seed="4,0,0,1,1,127" ten="118,224,406,252" oya="0" hai0="68,80,91,107,16,50,51,52,73,112,22,98,53" hai1="126,123,113,115,114,133,108,70,58,69,90,66,37" hai2="94,119,111,72,117,20,31,41,34,88,60,32,55" hai3="24,97,23,118,99,104,120,134,27,79,47,3,83"/><T131/><D68/><N who="1" m="26219" /><E90/><V130/><F72/><W129/><G118/><N who="2" m="45065" /><F41/><W29/><G3/><T65/><D65/><U86/><E86/><N who="2" m="52503" /><F111/><W1/><G1/><T63/><D73/><U124/><E108/><V14/><F60/><W0/><G0/><T75/><D75/><U45/><E123/><V39/><F39/><W105/><G120/><T12/><D107/><U87/><E87/><V71/><F55/><W62/><G104/><T89/><D98/><U5/><E133/><V18/><F71/><W77/><G134/><T28/><D28/><U128/><E5/><V57/><F57/><W6/><G105/><T15/><D63/><N who="1" m="38263" /><E128/><V42/><F42/><AGARI ba="0,0" hai="37,42,45,113,114,115,124,126" m="38263,26219" machi="42" ten="40,8000,1" yaku="15,1,11,1,34,2" doraHai="127" who="1" fromWho="2" sc="118,0,224,80,406,-80,252,0" /><INIT seed="5,0,0,4,2,90" ten="118,304,326,252" oya="1" hai0="18,96,82,107,100,6,135,70,106,27,22,61,85" hai1="131,3,56,86,58,41,55,109,102,46,37,74,108" hai2="65,67,0,36,21,81,79,10,110,83,53,78,59" hai3="11,30,88,99,115,68,44,69,104,87,101,28,26"/><U121/><E74/><V134/><F36/><W127/><G127/><T48/><D135/><U51/><E3/><V20/><F134/><W97/><G115/><T117/><D117/><U2/><E2/><V57/><F0/><W64/><G97/><T84/><D6/><U19/><E102/><V112/><F53/><W133/><G133/><T38/><D38/><U129/><E19/><V16/><F10/><W89/><G89/><T80/><D48/><U73/><E86/><V113/><REACH who="2" step="1"/><F16/><REACH who="2" ten="118,304,316,252" step="2"/><W77/><G11/><T33/><D18/><U35/><E121/><V24/><F24/><W125/><G26/><T49/><D27/><U39/><E35/><V126/><F126/><W13/><G125/><T91/><D33/><U122/><E122/><V40/><F40/><W114/><G13/><T92/><D22/><U124/><E124/><V31/><F31/><W47/><G28/><T34/><D34/><U76/><E39/><V54/><F54/><W118/><G30/><T1/><D1/><U123/><E123/><V7/><F7/><W103/><G118/><T93/><D49/><U43/><E43/><V5/><F5/><W15/><G15/><T8/><D8/><U105/><E37/><V50/><F50/><W116/><G116/><T29/><D29/><U130/><E41/><V23/><F23/><W119/><G119/><T94/><D61/><U98/><E109/><AGARI ba="0,1" hai="20,21,57,59,65,67,78,79,81,83,109,110,112,113" machi="109" ten="25,3200,0" yaku="1,1,22,2,53,0" doraHai="90" doraHaiUra="14" who="2" fromWho="1" sc="118,0,304,-32,316,42,252,0" /><INIT seed="6,0,0,4,4,65" ten="118,272,358,252" oya="2" hai0="102,45,89,18,88,103,116,74,28,11,99,34,3" hai1="53,117,63,110,119,25,33,24,105,75,70,86,13" hai2="135,17,122,87,124,47,16,130,113,39,104,64,59" hai3="93,40,68,46,7,112,54,56,92,129,85,37,126"/><V22/><F122/><W51/><G129/><T120/><D120/><U80/><E110/><V114/><F130/><W79/><G126/><T12/><D116/><U69/><E75/><V1/><F1/><W10/><G112/><T67/><D3/><U42/><E105/><V66/><F104/><W96/><G68/><T2/><D2/><U21/><E42/><V91/><F124/><W31/><G31/><T5/><D5/><U0/><E0/><V72/><F72/><W127/><G127/><T27/><D74/><U121/><E121/><V115/><F135/><W57/><G57/><T36/><D103/><U128/><E128/><V49/><F39/><W100/><G79/><T4/><D4/><U48/><E13/><N who="2" m="9487" /><F17/><W90/><G7/><T8/><D8/><U97/><E33/><V6/><F59/><W73/><G10/><T125/><D125/><U43/><E117/><V107/><F6/><W30/><G30/><T52/><D67/><U71/><E119/><V35/><F35/><W38/><G73/><T9/><D9/><U60/><E21/><V44/><F107/><W20/><G20/><T77/><D77/><U108/><E24/><V133/><F133/><W61/><AGARI ba="0,0" hai="37,38,40,46,51,54,56,61,85,90,92,93,96,100" machi="61" ten="20,1500,0" yaku="0,1,7,1" doraHai="65" who="3" fromWho="3" sc="118,-4,272,-4,358,-7,252,15" /><INIT seed="7,0,0,4,3,2" ten="114,268,351,267" oya="3" hai0="39,98,116,52,115,86,0,59,125,36,33,9,56" hai1="114,111,50,94,54,87,41,30,57,22,99,66,84" hai2="31,130,7,3,82,35,74,65,75,14,121,92,117" hai3="44,61,69,95,102,85,133,107,112,126,105,132,32"/><W26/><G112/><T106/><D116/><U45/><E114/><V40/><F117/><W78/><G126/><T110/><D115/><U124/><E111/><V5/><F3/><W10/><G44/><T19/><D125/><U93/><E124/><V12/><F40/><W55/><G78/><T29/><D110/><U15/><E94/><V100/><F65/><W48/><G85/><T37/><D59/><U28/><E28/><V64/><F64/><W6/><G69/><T73/><D73/><U4/><E66/><V25/><F130/><W60/><G95/><T38/><N who="0" m="9216" /><DORA hai="90" /><T13/><D0/><U70/><E70/><V68/><F68/><W46/><G26/><T97/><D106/><U34/><E34/><V72/><F82/><W122/><G32/><T113/><D113/><U83/><E30/><V118/><F118/><W47/><G122/><T71/><D71/><U51/><E83/><V21/><F121/><W53/><G102/><T108/><D108/><U77/><E77/><V43/><F43/><W101/><G101/><T8/><D8/><N who="1" m="4487" /><E22/><V119/><F119/><W11/><G48/><T58/><D58/><U16/><E16/><V134/><F35/><W20/><G20/><T18/><D18/><U27/><E27/><V129/><F129/><W96/><G96/><T91/><D29/><U88/><AGARI ba="0,0" hai="41,45,50,51,54,57,84,87,88,93,99" m="4487" machi="88" ten="30,7900,0" yaku="8,1,52,2,54,1" doraHai="2,90" who="1" fromWho="1" sc="114,-20,268,79,351,-20,267,-39" owari="94,-40.6,347,44.7,331,13.1,228,-17.2" /></mjloggm>