<mjloggm ver="2.3"><GO type="169" lobby="0"/><UN n0="%E4%B8%83%E7%94%9F%E5%A4%95" n1="%E3%81%BE%E3%81%A1%E3%81%8A" n2="%E4%B8%8A%E6%B5%B7%E3%83%8B%E3%83%83%E3%82%AF" n3="%43%72%37" dan="16,16,16,18" rate="2098.71,2149.88,2174.78,2233.98" sx="M,M,M,M"/><TAIKYOKU oya="0"/><INIT seed="0,0,0,5,2,110" ten="250,250,250,250" oya="0" hai0="107,27,37,116,123,117,0,88,72,114,43,92,118" hai1="59,30,130,42,51,1,112,83,39,73,62,68,120" hai2="57,21,2,25,79,17,66,74,12,4,6,31,26" hai3="94,126,19,47,125,131,38,35,122,40,87,36,28"/><T3/><D123/><U121/><E1/><V100/><F74/><W48/><G122/><N who="1" m="47210" /><E30/><N who="2" m="17711" /><F79/><W18/><G131/><T20/><D107/><U89/><E89/><V128/><F100/><W34/><G87/><T61/><D72/><U111/><E83/><V134/><F66/><W44/><G94/><T23/><D61/><U67/><E73/><V14/><F57/><W70/><G70/><T85/><D114/><U5/><E5/><N who="2" m="2155" /><F128/><W95/><G28/><T53/><D53/><N who="1" m="32191" /><E130/><V76/><F134/><W106/><G95/><T99/><D99/><U63/><E111/><V69/><F69/><W84/><G84/><T135/><D135/><U9/><E9/><N who="2" m="6287" /><F76/><W115/><G48/><T71/><D71/><U7/><E63/><V133/><F133/><W65/><G65/><T78/><D78/><U98/><E98/><V13/><F2/><W50/><G50/><T109/><D109/><U119/><E39/><V10/><F10/><W41/><REACH who="3" step="1"/><G106/><REACH who="3" ten="250,250,250,240" step="2"/><T22/><REACH who="0" step="1"/><D27/><REACH who="0" ten="240,250,250,240" step="2"/><U11/><E68/><V56/><F56/><W104/><G104/><T32/><D32/><AGARI ba="0,2" hai="13,14,26,31,32" m="6287,2155,17711" machi="32" ten="30,8000,1" yaku="35,5" doraHai="110" who="2" fromWho="0" sc="240,-80,250,0,250,100,240,0" /><INIT seed="1,0,0,2,5,91" ten="160,250,350,240" oya="1" hai0="30,115,32,22,124,48,117,7,18,19,83,20,8" hai1="40,97,35,123,119,88,44,99,80,11,15,92,79" hai2="3,134,75,67,37,54,132,64,128,125,62,1,110" hai3="122,87,100,5,106,60,101,89,14,45,73,63,114"/><U129/><E119/><V111/><F75/><W12/><G122/><T86/><D117/><U51/><E129/><V58/><F128/><W56/><G114/><T10/><D115/><U82/><E35/><V25/><F25/><W26/><G73/><T57/><D124/><U49/><E123/><V16/><F125/><W53/><G106/><T121/><D32/><U102/><E51/><V108/><F16/><N who="0" m="6186" /><D121/><U74/><E82/><V130/><F130/><W78/><G78/><N who="0" m="46455" /><D7/><U104/><REACH who="1" step="1"/><E15/><REACH who="1" ten="160,240,350,240" step="2"/><V24/><F24/><W9/><G26/><N who="0" m="16711" /><D22/><U27/><E27/><V47/><F3/><W126/><G126/><T46/><D57/><U96/><E96/><V77/><F1/><W21/><G21/><T52/><AGARI ba="0,1" hai="8,10,46,48,52" m="16711,46455,6186" machi="52" ten="30,4000,0" yaku="8,1,54,2" doraHai="91" who="0" fromWho="0" sc="160,50,240,-20,350,-10,240,-10" /><INIT seed="2,0,0,4,2,12" ten="210,220,340,230" oya="2" hai0="122,74,53,38,114,19,9,79,52,109,102,39,135" hai1="29,94,108,21,124,51,34,87,33,121,59,44,91" hai2="75,83,130,90,112,32,134,128,57,35,110,58,77" hai3="72,88,27,48,1,63,10,45,80,118,133,41,93"/><V47/><F112/><W99/><G118/><T56/><D122/><U0/><E0/><V18/><F134/><W2/><G133/><T22/><D114/><U76/><E121/><V8/><F110/><W31/><G10/><T127/><D135/><U117/><E117/><V60/><F47/><W131/><G131/><N who="2" m="50217" /><F90/><W61/><G72/><T104/><D109/><U42/><E108/><V36/><F36/><W62/><REACH who="3" step="1"/><G80/><REACH who="3" ten="210,220,340,220" step="2"/><T132/><D9/><U98/><E124/><V67/><F83/><W82/><G82/><T111/><D111/><U17/><E76/><V20/><F8/><W11/><G11/><T129/><D127/><U105/><E34/><AGARI ba="0,1" hai="1,2,27,31,34,41,45,48,61,62,63,88,93,99" machi="34" ten="40,5200,0" yaku="1,1,54,1,53,1" doraHai="12" doraHaiUra="23" who="3" fromWho="1" sc="210,0,220,-52,340,0,220,62" /><INIT seed="3,0,0,5,4,130" ten="210,168,340,282" oya="3" hai0="99,126,61,45,88,16,44,82,64,132,89,98,38" hai1="27,15,8,1,30,70,40,35,4,75,53,66,95" hai2="62,43,104,10,113,122,124,110,115,2,100,90,121" hai3="7,86,93,111,63,109,57,85,60,26,5,14,18"/><W106/><G106/><T20/><D126/><U37/><E75/><V51/><F2/><W32/><G32/><T72/><D132/><U36/><E40/><V119/><F10/><W33/><G33/><T81/><D38/><U29/><E29/><V65/><F119/><W114/><G114/><N who="2" m="43529" /><F90/><N who="0" m="34922" /><D72/><U74/><E74/><V6/><F100/><W101/><G26/><N who="0" m="14599" /><D64/><U34/><E34/><V107/><F6/><N who="3" m="2059" /><G63/><T24/><D61/><U83/><E95/><V79/><F107/><W49/><G49/><T73/><D73/><U55/><E83/><N who="0" m="31753" /><D24/><U134/><E134/><V22/><F104/><W133/><G133/><T41/><D41/><U123/><E123/><V84/><F43/><W77/><G101/><T125/><D125/><U39/><E66/><V9/><F124/><W78/><G93/><T59/><D59/><U117/><E117/><V3/><F3/><W46/><G57/><T128/><D128/><U12/><REACH who="1" step="1"/><E70/><REACH who="1" ten="210,158,340,282" step="2"/><V91/><F65/><W102/><G102/><T19/><D19/><U28/><E28/><V118/><F118/><W31/><G31/><T108/><D108/><U92/><E92/><V50/><F110/><W52/><G111/><T11/><D11/><U69/><E69/><V0/><F9/><W76/><G109/><T25/><D25/><U58/><E58/><V129/><F122/><W56/><G46/><AGARI ba="0,1" hai="44,45,46,98,99" m="31753,14599,34922" machi="46" ten="30,3900,0" yaku="8,1,54,2" doraHai="130" who="0" fromWho="3" sc="210,49,158,0,340,0,282,-39" /><INIT seed="4,0,0,5,3,77" ten="259,158,340,243" oya="0" hai0="81,75,72,71,101,31,84,111,129,5,64,22,16" hai1="63,102,110,87,88,99,40,29,10,60,67,45,9" hai2="38,93,26,127,14,35,112,130,17,36,132,39,73" hai3="49,33,3,97,58,1,115,83,125,52,124,94,85"/><T113/><D113/><U41/><E110/><V118/><F112/><W69/><G33/><T32/><D111/><U86/><E29/><V76/><F130/><W120/><G69/><T59/><D71/><U128/><E128/><V108/><F108/><W21/><G120/><T30/><D5/><U12/><E86/><V0/><F0/><W57/><G21/><T65/><D101/><U80/><E67/><N who="0" m="25673" /><D75/><U42/><E45/><V54/><F73/><W105/><G105/><T37/><D37/><U28/><E28/><V123/><F38/><W103/><G58/><T50/><D72/><U98/><E10/><V116/><F39/><W34/><G34/><T92/><D92/><U121/><E121/><V6/><F36/><W7/><G115/><T107/><D107/><U135/><E135/><V100/><F132/><W109/><G109/><T89/><D32/><U15/><E15/><V8/><F118/><W119/><G119/><T2/><D2/><U53/><E53/><V47/><F35/><W126/><REACH who="3" step="1"/><G7/><REACH who="3" ten="259,158,340,233" step="2"/><T46/><D129/><U19/><REACH who="1" step="1"/><E99/><REACH who="1" ten="259,148,340,233" step="2"/><V90/><F116/><W4/><G4/><T20/><D20/><U55/><E55/><V106/><F123/><W79/><AGARI ba="0,2" hai="1,3,49,52,57,79,83,85,94,97,103,124,125,126" machi="79" ten="30,12000,2" yaku="1,1,0,1,18,1,52,1,54,1,53,1" doraHai="77" doraHaiUra="44" who="3" fromWho="3" sc="259,-60,148,-30,340,-30,233,140" /><INIT seed="5,0,0,2,2,30" ten="199,118,310,373" oya="1" hai0="87,86,44,102,78,127,128,115,67,12,63,100,31" hai1="25,70,123,92,2,107,54,73,64,40,131,20,11" hai2="61,95,104,47,27,116,88,17,113,28,14,34,13" hai3="105,103,106,66,91,94,55,68,74,124,111,15,89"/><U16/><E123/><V62/><F116/><W76/><G111/><T109/><D109/><U6/><E107/><V39/><F104/><N who="3" m="40043" /><G55/><T58/><D115/><U10/><E73/><V101/><F101/><W52/><G52/><T82/><D127/><U23/><E131/><V57/><F113/><W7/><G15/><T83/><D128/><U118/><E118/><V46/><F39/><W38/><G66/><T125/><D125/><U134/><E134/><V99/><F14/><W65/><G65/><T24/><D44/><U36/><E11/><V96/><F96/><N who="3" m="59799" /><G7/><T81/><D12/><U122/><E122/><V108/><F108/><W85/><G68/><T50/><D50/><U97/><E54/><V1/><F1/><W19/><G19/><T72/><D72/><U43/><E36/><V132/><F132/><W80/><G38/><T0/><D0/><U53/><E53/><V3/><F3/><W71/><G71/><T120/><D120/><U4/><E4/><V37/><F37/><W42/><G42/><T51/><D51/><U98/><E98/><V22/><F62/><W117/><G124/><T135/><D135/><U110/><E110/><V18/><F18/><W56/><G56/><T59/><D59/><U9/><E9/><V49/><F49/><W33/><G117/><T45/><D45/><U84/><E23/><V130/><F130/><W75/><G33/><T133/><D133/><U21/><E21/><V8/><F34/><W69/><G69/><T114/><D67/><AGARI ba="0,0" hai="8,13,17,22,27,28,46,47,57,61,67,88,95,99" machi="67" ten="30,3900,0" yaku="7,1,8,1,54,1" doraHai="30" who="2" fromWho="0" sc="199,-39,118,0,310,39,373,0" /><INIT seed="6,0,0,4,1,79" ten="160,118,349,373" oya="2" hai0="135,108,30,17,83,127,16,97,94,129,64,43,2" hai1="131,47,5,103,12,124,28,121,41,35,119,29,48" hai2="73,20,76,59,80,44,116,90,109,26,106,133,107" hai3="36,118,110,6,68,70,49,24,34,61,14,62,51"/><V88/><F116/><W122/><G110/><T71/><D108/><U89/><E119/><V91/><F109/><W134/><G118/><T10/><D127/><U4/><E124/><V3/><F3/><W115/><G122/><T67/><D129/><U74/><E131/><V72/><F133/><W125/><G125/><T96/><D30/><U39/><E121/><V57/><F73/><W45/><G34/><T25/><D43/><U85/><E74/><V98/><F44/><W19/><G24/><T130/><D135/><U54/><E103/><V113/><F113/><W117/><G6/><T100/><D71/><N who="3" m="27177" /><G19/><T69/><D69/><U65/><E65/><V87/><F72/><W9/><G9/><T78/><D130/><U11/><E5/><V81/><F107/><W37/><G14/><T114/><D114/><U84/><E84/><N who="2" m="48135" /><F106/><W128/><G51/><T27/><D97/><U111/><E35/><V104/><F104/><W42/><G128/><T32/><D2/><U53/><E111/><V101/><F101/><W55/><G117/><T82/><D32/><U13/><E13/><V56/><F98/><W132/><G115/><T15/><D25/><U46/><REACH who="1" step="1"/><E54/><REACH who="1" ten="160,108,349,373" step="2"/><V105/><F105/><W92/><G55/><T8/><D100/><U120/><E120/><V7/><F7/><W50/><G134/><T1/><D15/><U75/><E75/><V22/><F26/><W99/><G132/><T63/><D27/><U0/><E0/><V86/><F87/><W112/><G112/><T126/><D1/><U31/><E31/><V93/><F93/><W58/><G92/><RYUUKYOKU ba="0,1" sc="160,-15,108,15,349,15,373,-15" hai1="4,11,12,28,29,39,41,46,47,48,53,85,89" hai2="20,22,56,57,59,81,86,88,90,91" /><INIT seed="6,1,1,3,4,61" ten="145,123,364,358" oya="2" hai0="110,31,10,62,104,127,85,71,27,126,64,56,16" hai1="49,45,111,18,32,57,121,130,38,58,22,8,89" hai2="82,106,19,12,107,99,125,108,112,1,74,134,41" hai3="14,59,66,84,55,86,88,78,40,103,34,20,3"/><V72/><F1/><W94/><G34/><T83/><D104/><N who="2" m="39978" /><F12/><W6/><G3/><T53/><D110/><U26/><E111/><V114/><F19/><N who="3" m="10359" /><G103/><T81/><D10/><U0/><E38/><V113/><F41/><W48/><G6/><T133/><D133/><U131/><E121/><V33/><F33/><W77/><G40/><T132/><D132/><U36/><E36/><V119/><F108/><W54/><G66/><T96/><D96/><U29/><E89/><V122/><F134/><W4/><G4/><T50/><D16/><U124/><E124/><N who="0" m="47657" /><D85/><U5/><E58/><V102/><F125/><W67/><G67/><T68/><D68/><U91/><E91/><V73/><F122/><W42/><G42/><T35/><AGARI ba="1,1" hai="27,31,35,50,53,56,62,64,71,81,83" m="47657" machi="35" ten="30,2000,0" yaku="18,1,52,1" doraHai="61" who="0" fromWho="0" sc="145,33,123,-6,364,-11,358,-6" /><INIT seed="7,0,0,3,3,52" ten="178,117,353,352" oya="3" hai0="115,10,110,133,21,12,29,126,23,130,16,27,67" hai1="62,51,132,121,127,13,69,54,92,40,87,95,61" hai2="32,101,39,57,82,96,47,43,34,17,102,11,129" hai3="0,134,76,107,80,53,74,15,31,99,88,122,85"/><W25/><G122/><T104/><D104/><U66/><E121/><V89/><F129/><W59/><G0/><T131/><D110/><U42/><E127/><V75/><F102/><W81/><G134/><T20/><D126/><U45/><E132/><V33/><F33/><W79/><G15/><T55/><D133/><U91/><E13/><V7/><F17/><W4/><G4/><N who="0" m="3143" /><D67/><U5/><E5/><V83/><F83/><W86/><G99/><T72/><D72/><U124/><E124/><V46/><F46/><W65/><G107/><T105/><D105/><U100/><E100/><V19/><F19/><W28/><G65/><T125/><D125/><U58/><REACH who="1" step="1"/><E42/><REACH who="1" ten="178,107,353,352" step="2"/><V93/><F101/><W2/><G2/><T77/><D130/><U1/><E1/><V9/><F7/><W106/><G106/><T119/><D131/><U123/><E123/><V8/><F8/><W73/><G25/><T22/><D27/><U109/><E109/><V38/><F11/><W56/><G73/><T60/><D29/><U30/><E30/><V50/><F9/><W6/><G6/><T36/><D16/><U103/><E103/><V116/><F32/><W108/><G108/><T94/><D23/><U114/><E114/><V18/><F34/><W63/><G59/><T113/><D22/><U84/><E84/><V26/><F26/><W71/><G71/><T37/><D21/><U120/><E120/><V48/><F18/><W68/><G68/><T3/><D20/><U97/><E97/><V111/><F111/><W41/><G41/><T118/><D113/><U64/><E64/><RYUUKYOKU ba="0,1" sc="178,-15,107,15,353,-15,352,15" hai1="40,45,51,54,58,61,62,66,69,87,91,92,95" hai3="28,31,53,56,63,74,76,79,80,81,85,86,88" owari="163,-23.7,122,-37.8,338,13.8,377,47.7" /></mjloggm>