<mjloggm ver="2.3"><GO type="169" lobby="0"/><UN n0="%E4%B8%BB%E5%A9%A6%E3%81%A8%E3%81%97%E5%AD%90" n1="%E5%A4%A9%E6%89%8D%E9%BA%BB%E5%B0%86%E6%99%BA%E4%B9%83" n2="%E3%83%87%E3%83%A9%E3%82%B3%E3%83%83%E3%82%B3" n3="%E7%99%BE%E9%87%8E%E3%81%95%E3%82%93" dan="17,16,16,17" rate="2176.80,2174.34,2152.41,2196.30" sx="M,M,M,M"/><TAIKYOKU oya="0"/><INIT seed="0,0,0,0,1,104" ten="250,250,250,250" oya="0" hai0="128,20,28,73,7,13,115,70,9,76,95,98,56" hai1="101,82,127,24,12,67,36,32,39,121,71,134,80" hai2="105,122,129,18,109,37,49,97,112,46,132,8,5" hai3="35,25,66,41,40,65,29,30,94,72,26,100,47"/><T17/><D115/><U79/><E121/><V4/><F122/><W31/><G31/><T92/><D70/><U23/><E127/><V54/><F112/><W84/><G72/><T63/><D128/><U69/><E32/><V81/><F129/><W14/><G14/><T57/><D28/><U59/><E59/><V135/><F109/><W91/><G100/><T3/><D56/><U2/><E2/><V106/><F37/><W130/><G130/><T111/><D111/><U52/><E12/><N who="2" m="7431" /><F81/><W51/><REACH who="3" step="1"/><G41/><REACH who="3" ten="250,250,250,240" step="2"/><T33/><D33/><AGARI ba="0,1" hai="25,26,29,30,33,35,40,47,51,65,66,84,91,94" machi="33" ten="30,8000,1" yaku="1,1,2,1,7,1,9,1,53,1" doraHai="104" doraHaiUra="85" who="3" fromWho="0" sc="250,-80,250,0,250,0,240,90" /><INIT seed="1,0,0,2,1,94" ten="170,250,250,330" oya="1" hai0="11,107,26,132,78,68,121,71,48,123,10,116,97" hai1="25,57,23,76,96,37,5,101,127,129,47,95,128" hai2="122,119,125,31,65,111,110,12,106,38,120,55,40" hai3="66,34,13,114,135,27,85,82,9,45,75,52,87"/><U1/><E127/><V29/><F106/><W4/><G114/><T70/><D116/><U33/><E33/><V51/><F12/><W84/><G135/><T44/><D78/><U3/><E76/><V89/><F89/><W105/><G75/><T103/><D26/><U24/><E24/><V69/><F29/><W109/><G105/><T41/><REACH who="0" step="1"/><D132/><REACH who="0" ten="160,250,250,330" step="2"/><U49/><E25/><V42/><F119/><W102/><G27/><T14/><D14/><U104/><E1/><V108/><F31/><W98/><G13/><T74/><D74/><U124/><E3/><V18/><F125/><W83/><G34/><T32/><D32/><U64/><E124/><V35/><F35/><W50/><G109/><T30/><D30/><U131/><E131/><V72/><F72/><W115/><G115/><T86/><D86/><U130/><E129/><V15/><F15/><N who="3" m="5543" /><G83/><T91/><D91/><U81/><E130/><V19/><F19/><W28/><G82/><T100/><D100/><U20/><E128/><V79/><F18/><W36/><G28/><T8/><AGARI ba="0,1" hai="8,10,11,41,44,48,68,70,71,97,103,107,121,123" machi="8" ten="40,12000,2" yaku="1,1,0,1,52,1,53,3" doraHai="94" doraHaiUra="7" who="0" fromWho="0" sc="160,130,250,-60,250,-30,330,-30" /><INIT seed="2,0,0,0,1,119" ten="290,190,220,300" oya="2" hai0="88,132,135,45,102,46,117,76,85,50,11,30,113" hai1="1,90,84,36,22,58,130,71,31,0,100,15,111" hai2="96,10,5,49,70,8,33,104,123,44,51,89,109" hai3="86,80,55,59,56,7,93,87,32,77,39,81,35"/><V99/><F70/><W43/><G7/><T118/><D113/><U42/><E71/><V17/><F33/><W57/><G93/><T92/><D30/><U78/><E78/><V134/><F134/><N who="0" m="51242" /><D11/><U106/><E111/><V61/><F109/><W3/><G3/><T116/><D102/><U12/><E42/><V115/><F115/><W25/><G25/><T34/><D34/><U52/><E36/><V98/><F104/><W64/><G64/><T26/><D26/><U54/><E54/><V107/><F107/><W66/><G66/><T60/><D60/><U101/><E130/><V47/><F61/><W41/><G39/><T83/><D50/><U62/><E1/><V23/><F89/><W21/><G21/><T103/><D103/><N who="1" m="39499" /><E0/><V29/><F29/><W38/><G38/><T53/><D53/><U18/><E106/><V14/><F123/><W108/><G108/><T97/><AGARI ba="0,0" hai="45,46,76,83,85,88,92,97,116,117,118" m="51242" machi="97" ten="40,5200,0" yaku="12,1,20,1,54,1" doraHai="119" who="0" fromWho="0" sc="290,52,190,-13,220,-26,300,-13" /><INIT seed="3,0,0,1,3,134" ten="342,177,194,287" oya="3" hai0="34,9,81,51,16,83,92,2,113,11,91,49,46" hai1="4,78,108,71,6,42,1,89,14,0,112,59,56" hai2="132,129,130,53,97,50,67,55,94,30,84,32,86" hai3="121,74,19,7,43,17,39,135,90,45,75,21,106"/><W65/><G121/><T57/><D34/><U13/><E71/><V73/><F73/><W28/><G135/><T105/><D105/><U26/><E78/><V82/><F132/><W33/><G106/><T47/><D57/><U125/><E42/><V115/><F115/><W35/><G28/><T70/><D70/><U116/><E116/><V123/><F123/><W31/><G31/><T64/><D64/><U101/><E89/><V104/><F67/><W63/><G19/><T114/><D92/><U37/><E37/><V10/><F10/><W27/><G7/><T110/><D2/><U98/><E98/><V25/><F104/><W24/><G24/><T69/><D69/><U96/><E96/><V93/><F93/><W107/><G107/><T29/><D29/><U103/><E26/><V88/><F86/><W58/><G75/><T22/><D110/><U66/><E66/><V36/><F36/><W99/><G74/><T77/><D77/><U52/><E112/><V44/><REACH who="2" step="1"/><F55/><REACH who="2" ten="342,177,184,287" step="2"/><W127/><G65/><T109/><D113/><U124/><E108/><V40/><F40/><W54/><G33/><T118/><D109/><U48/><E48/><V12/><F12/><W131/><G35/><T23/><D114/><U38/><E38/><V102/><AGARI ba="0,1" hai="25,30,32,44,50,53,82,84,88,94,97,102,129,130" machi="102" ten="30,4000,0" yaku="1,1,0,1,54,1,53,0" doraHai="134" doraHaiUra="62" who="2" fromWho="2" sc="342,-10,177,-10,184,50,287,-20" /><INIT seed="4,0,0,1,4,17" ten="332,167,234,267" oya="0" hai0="90,41,62,87,114,33,105,37,22,110,81,47,80" hai1="95,125,29,32,69,52,51,56,84,8,134,124,106" hai2="102,27,86,123,7,73,97,113,16,89,94,75,103" hai3="10,121,46,128,9,49,2,65,12,133,45,99,59"/><T66/><D114/><U78/><E106/><V82/><F123/><W135/><G121/><T122/><D122/><U28/><E69/><V63/><F113/><W116/><G116/><T77/><D33/><U68/><E68/><V117/><F7/><W92/><G128/><T39/><D105/><U0/><E134/><N who="3" m="51210" /><G2/><T54/><D54/><U20/><E32/><V55/><F117/><W23/><G65/><T14/><D110/><U76/><E29/><V130/><F130/><W70/><G70/><T44/><D62/><U50/><E50/><V34/><F34/><W38/><G38/><T74/><D66/><U71/><E71/><V42/><F42/><W88/><G59/><T36/><D47/><N who="3" m="17929" /><G49/><T104/><D104/><U25/><E0/><V15/><F63/><W83/><G83/><T19/><AGARI ba="0,0" hai="14,19,22,36,37,39,41,44,74,77,80,81,87,90" machi="19" ten="30,3000,0" yaku="0,1,52,1" doraHai="17" who="0" fromWho="0" sc="332,30,167,-10,234,-10,267,-10" /><INIT seed="4,1,0,5,4,62" ten="362,157,224,257" oya="0" hai0="101,95,116,106,117,46,39,14,31,114,109,26,111" hai1="133,12,18,87,3,97,96,35,70,16,81,55,17" hai2="120,64,90,43,19,38,63,119,53,121,56,66,108" hai3="104,30,11,128,23,25,127,124,110,51,52,65,4"/><T2/><D95/><U113/><E3/><V88/><F108/><N who="0" m="41546" /><D14/><U103/><E133/><V41/><F119/><W49/><G110/><T42/><D2/><U58/><E70/><V134/><F134/><W112/><G104/><T91/><D91/><N who="2" m="34858" /><F38/><W83/><G112/><T123/><D123/><U126/><E35/><V135/><F135/><W6/><G128/><T20/><D114/><U13/><E126/><N who="3" m="48170" /><G83/><T94/><D106/><U32/><E32/><V130/><F130/><W77/><G77/><T85/><D85/><U69/><E69/><V21/><F121/><W44/><G51/><T67/><D94/><U107/><E97/><V99/><F120/><W74/><G74/><T82/><D82/><U102/><E102/><V100/><F100/><W78/><G78/><T80/><D80/><U68/><E68/><V1/><F1/><W15/><G6/><T118/><D101/><U125/><E113/><V47/><F99/><W132/><G132/><T93/><D93/><U28/><E125/><V0/><F0/><W105/><G105/><T86/><D86/><U50/><REACH who="1" step="1"/><E28/><REACH who="1" ten="362,147,224,257" step="2"/><V37/><F37/><W5/><G30/><T40/><D118/><U36/><E36/><V75/><F75/><W89/><G89/><AGARI ba="1,1" hai="12,13,16,17,18,50,55,58,81,87,89,96,103,107" machi="89" ten="40,5200,0" yaku="1,1,54,1,53,1" doraHai="62" doraHaiUra="92" who="1" fromWho="3" sc="362,0,147,65,224,0,257,-55" /><INIT seed="5,0,0,0,2,48" ten="362,212,224,202" oya="1" hai0="8,76,126,97,58,83,67,89,34,118,131,95,60" hai1="103,40,100,94,96,111,80,14,82,10,86,42,43" hai2="74,92,72,106,11,7,31,21,112,23,88,71,130" hai3="64,70,37,46,120,44,25,99,102,98,135,87,78"/><U133/><E133/><V121/><F121/><W12/><G120/><T17/><D131/><U30/><E111/><V22/><F71/><W38/><G135/><T13/><D126/><U59/><E30/><V124/><F106/><W2/><G2/><T51/><D34/><U27/><E27/><V4/><F130/><W77/><G25/><T109/><D109/><U122/><E122/><V39/><F39/><W57/><G70/><T134/><D134/><U73/><E73/><V125/><F31/><W129/><G129/><T53/><D118/><U41/><N who="1" m="10240" /><DORA hai="65" /><U33/><E33/><V66/><F66/><W69/><G69/><T110/><D110/><U62/><E100/><V45/><F45/><W55/><G64/><T113/><D113/><U6/><REACH who="1" step="1"/><E86/><REACH who="1" ten="362,202,224,202" step="2"/><N who="2" m="52247" /><F74/><W116/><G87/><N who="0" m="48615" /><D67/><AGARI ba="0,1" hai="6,10,14,59,62,67,80,82,94,96,103" m="10240" machi="67" ten="50,9600,0" yaku="1,1,8,1,53,1" doraHai="48,65" doraHaiUra="56,47" who="1" fromWho="0" sc="362,-96,202,106,224,0,202,0" /><INIT seed="5,1,0,4,4,69" ten="266,308,224,202" oya="1" hai0="5,27,0,30,23,94,132,84,1,37,129,104,9" hai1="102,111,61,80,29,83,35,68,25,65,7,105,19" hai2="43,58,125,116,96,78,6,26,76,134,98,53,45" hai3="55,71,101,54,123,20,95,15,79,70,34,64,120"/><U63/><E7/><V28/><F116/><W56/><G34/><T77/><D104/><U16/><E111/><V90/><F134/><W44/><G79/><T107/><D107/><U75/><E63/><V11/><F125/><W36/><G101/><T67/><D132/><U52/><E52/><N who="3" m="20010" /><G95/><T130/><D67/><U10/><E10/><V112/><F112/><W3/><G15/><N who="0" m="5551" /><D37/><U126/><E126/><V46/><F78/><W113/><G20/><T59/><D59/><U48/><E48/><V93/><F76/><W115/><G3/><T41/><D41/><U32/><E32/><V86/><F98/><W40/><G56/><T89/><D77/><N who="1" m="44095" /><E83/><V131/><F96/><AGARI ba="1,0" hai="16,19,25,29,35,61,65,68,96,102,105" m="44095" machi="96" ten="30,2900,0" yaku="25,1,54,1" doraHai="69" who="1" fromWho="2" sc="266,0,308,32,224,-32,202,0" /><INIT seed="5,2,0,0,5,80" ten="266,340,192,202" oya="1" hai0="65,49,66,12,131,0,52,37,90,88,51,3,32" hai1="19,81,42,5,48,54,46,106,10,117,17,64,59" hai2="50,128,102,60,68,116,111,103,56,8,126,21,25" hai3="14,15,118,120,62,101,82,9,129,61,108,39,97"/><U41/><E106/><V74/><F111/><W134/><G108/><T47/><D37/><U33/><E33/><V96/><F116/><W110/><G110/><T114/><D32/><U86/><E64/><N who="0" m="24681" /><D0/><U24/><E117/><V22/><F74/><W57/><G118/><T79/><D3/><U112/><E112/><V107/><F68/><W100/><G120/><T28/><D131/><U75/><E75/><V78/><F128/><W26/><G39/><T135/><D135/><U1/><E24/><V23/><F78/><W85/><G129/><T83/><D28/><U29/><E29/><V20/><F126/><W73/><G73/><T130/><D130/><U44/><E44/><V109/><F8/><W132/><G26/><T7/><D51/><U98/><E98/><V84/><F50/><W31/><G31/><T87/><D114/><U123/><E123/><V125/><F125/><W30/><G30/><T16/><D7/><U92/><E92/><V94/><F109/><W4/><G15/><T6/><D6/><U77/><REACH who="1" step="1"/><E42/><REACH who="1" ten="266,330,192,202" step="2"/><V72/><F72/><W11/><G134/><T71/><D71/><U89/><E89/><N who="2" m="53543" /><F96/><W99/><G132/><T63/><D63/><AGARI ba="2,1" hai="1,5,10,17,19,41,46,48,54,59,63,77,81,86" machi="63" ten="30,12000,1" yaku="1,1,7,1,52,1,53,2" doraHai="80" doraHaiUra="13" who="1" fromWho="0" sc="266,-126,330,136,192,0,202,0" /><INIT seed="5,3,0,5,3,79" ten="140,466,192,202" oya="1" hai0="113,57,22,69,25,61,115,43,28,54,3,111,31" hai1="103,35,2,125,131,65,42,107,58,55,114,8,98" hai2="116,130,47,30,84,62,64,67,83,119,51,80,94" hai3="24,66,52,34,93,6,72,73,87,129,112,135,45"/><U74/><E35/><V109/><F109/><W20/><G34/><T53/><D111/><U92/><E74/><V90/><F130/><W10/><G112/><N who="0" m="43083" /><D3/><U37/><E114/><V32/><F32/><W96/><G129/><T68/><D43/><U88/><E131/><V39/><F39/><W85/><G135/><T21/><D53/><U11/><E2/><V26/><F119/><W121/><G121/><T17/><D31/><U120/><E120/><V81/><F116/><W132/><G132/><T16/><D17/><U14/><E65/><N who="2" m="25163" /><F62/><W4/><G66/><T40/><D40/><U75/><E75/><V38/><F38/><W117/><G73/><T127/><D127/><U49/><E125/><V100/><F30/><N who="3" m="17671" /><G72/><T7/><D7/><N who="3" m="2601" /><G10/><T0/><D0/><U48/><E37/><V1/><F1/><W105/><G105/><T126/><D126/><U124/><E124/><V104/><F104/><W82/><G117/><T78/><D78/><U41/><E49/><V122/><F122/><W9/><G9/><T12/><AGARI ba="3,0" hai="12,16,21,22,25,28,54,57,61,68,69" m="43083" machi="12" ten="30,2000,0" yaku="15,1,54,1" doraHai="79" who="0" fromWho="0" sc="140,29,466,-13,192,-8,202,-8" /><INIT seed="6,0,0,3,5,103" ten="169,453,184,194" oya="2" hai0="114,65,24,82,54,56,100,115,116,73,87,26,55" hai1="33,124,48,62,78,132,135,34,61,21,127,2,66" hai2="69,11,50,1,39,7,94,64,96,117,119,22,53" hai3="121,80,17,36,68,104,6,89,20,0,98,75,110"/><V84/><F39/><W5/><G121/><T76/><D116/><U108/><E108/><V47/><F84/><W18/><G110/><T130/><D130/><U83/><E2/><V107/><F107/><W122/><G122/><T125/><D125/><N who="1" m="48203" /><E48/><V14/><F64/><W15/><G68/><T52/><D100/><U123/><E21/><V27/><F69/><W101/><G36/><T128/><D73/><N who="1" m="43471" /><E62/><V79/><F79/><W8/><G0/><T133/><D133/><N who="1" m="51275" /><E123/><V59/><F1/><W106/><G75/><T30/><D128/><U19/><E19/><V9/><F9/><W126/><G126/><T46/><D46/><U70/><AGARI ba="0,0" hai="33,34,61,66,70" m="51275,43471,48203" machi="70" ten="30,4000,0" yaku="18,1,20,1,23,1" doraHai="103" who="1" fromWho="1" sc="169,-10,453,40,184,-20,194,-10" /><INIT seed="7,0,0,3,3,14" ten="159,493,164,184" oya="3" hai0="19,75,119,33,30,34,28,63,40,41,96,130,93" hai1="69,12,8,7,27,99,18,51,111,134,0,133,105" hai2="26,114,9,68,57,95,77,118,47,22,67,29,43" hai3="13,62,102,98,54,25,65,101,76,100,112,108,78"/><W132/><G112/><T5/><D119/><U52/><E111/><V127/><F118/><W104/><G132/><N who="1" m="50794" /><E69/><V21/><F114/><W113/><G113/><T124/><D130/><U11/><E27/><V46/><F68/><W15/><G108/><T23/><D75/><U49/><E52/><V66/><F127/><W91/><G54/><T97/><D124/><U61/><E61/><V116/><F116/><W115/><G115/><T20/><D5/><U129/><E129/><V64/><F57/><W103/><G25/><N who="0" m="16423" /><D33/><U53/><E53/><V24/><F43/><N who="0" m="16458" /><D34/><U94/><E105/><V88/><F9/><W89/><G62/><T106/><D106/><U6/><E7/><V122/><F122/><W92/><G65/><T50/><D30/><U36/><E36/><V109/><F109/><W90/><G104/><T56/><D50/><U31/><E31/><N who="2" m="17807" /><F77/><AGARI ba="0,0" hai="13,15,76,77,78,89,90,91,92,98,100,101,102,103" machi="77" ten="40,2000,0" yaku="8,1" doraHai="14" who="3" fromWho="2" sc="159,0,493,0,164,-20,184,20" /><INIT seed="7,1,0,1,0,22" ten="159,493,144,204" oya="3" hai0="21,32,77,60,80,120,102,52,69,132,124,25,103" hai1="101,56,44,6,111,98,127,65,10,45,109,134,75" hai2="38,91,86,3,79,46,2,43,61,17,35,83,121" hai3="97,78,41,66,135,71,62,115,33,104,58,73,31"/><W117/><G117/><T16/><D120/><U87/><E75/><V118/><F118/><W100/><G115/><T92/><D132/><U114/><E134/><V96/><F121/><W88/><G135/><T30/><D124/><U106/><E127/><V7/><F35/><W5/><G5/><T18/><D92/><U126/><E126/><V81/><F7/><W8/><G8/><T24/><D18/><U119/><E119/><V99/><F17/><W85/><G41/><T15/><D15/><U19/><E19/><V89/><F61/><W28/><G58/><T70/><D70/><U72/><E72/><V4/><F4/><W14/><G14/><T27/><D27/><U20/><E20/><V123/><F123/><W130/><G130/><T13/><D13/><U116/><E87/><V90/><REACH who="2" step="1"/><F83/><REACH who="2" ten="159,493,134,204" step="2"/><W76/><G33/><T23/><D32/><U67/><E114/><V54/><F54/><W0/><G31/><T55/><D55/><U26/><E116/><V11/><F11/><W47/><G28/><T48/><D60/><U95/><E10/><V122/><F122/><W128/><G62/><T40/><D40/><U39/><E6/><V1/><AGARI ba="1,1" hai="1,2,3,38,43,46,79,81,86,89,90,91,96,99" machi="1" ten="40,2700,0" yaku="1,1,0,1,53,0" doraHai="22" doraHaiUra="105" who="2" fromWho="2" sc="159,-8,493,-8,134,40,204,-14" owari="151,-34.9,485,58.5,174,-22.6,190,-1.0" /></mjloggm>