<mjloggm ver="2.3"><GO type="169" lobby="0"/><UN n0="%E9%81%85%E5%88%BB%E3%81%AE%E3%83%97%E3%83%AA%E3%83%B3%E3%82%B9%E2%99%AA" n1="%6A%79%75%6E%6F%68" n2="%4E%55%44%41" n3="%E3%83%97%E3%83%AC%E3%82%B9%E3%83%97" dan="16,18,17,16" rate="2159.61,2241.21,2165.96,2194.77" sx="F,M,M,M"/><TAIKYOKU oya="0"/><INIT seed="0,0,0,2,2,117" ten="250,250,250,250" oya="0" hai0="36,66,129,135,52,118,45,42,106,58,8,5,10" hai1="19,123,31,49,93,87,13,120,41,124,84,56,88" hai2="63,113,65,97,76,127,75,130,133,95,26,77,22" hai3="40,125,107,85,6,34,110,0,91,2,29,59,23"/><T82/><D118/><U46/><E124/><V3/><F113/><W79/><G110/><T92/><D106/><U62/><E31/><V103/><F127/><W9/><G107/><T47/><D129/><U108/><E84/><V61/><F130/><W112/><G125/><T90/><D135/><U96/><E96/><V57/><F133/><W37/><G79/><T104/><D104/><U73/><E73/><V43/><F3/><W70/><G70/><T17/><D82/><U102/><E102/><V94/><F75/><W72/><G72/><T53/><D17/><U39/><E39/><V114/><F114/><W80/><G2/><T60/><D47/><U18/><E18/><V44/><F63/><W50/><G34/><T67/><D53/><U35/><E35/><V121/><F121/><W71/><G71/><T74/><D74/><U98/><E98/><V86/><F86/><W30/><G37/><T25/><D25/><U105/><E105/><V100/><F100/><W55/><G112/><T115/><D115/><U32/><E32/><V126/><F94/><W33/><G33/><T7/><D10/><U28/><E28/><N who="2" m="17495" /><F126/><W21/><G40/><T15/><REACH who="0" step="1"/><D7/><REACH who="0" ten="240,250,250,250" step="2"/><U132/><E132/><V99/><F99/><AGARI ba="0,1" hai="5,8,15,36,42,45,52,58,60,66,67,90,92,99" machi="99" ten="30,11600,0" yaku="1,1,2,1,7,1,54,1,53,0" doraHai="117" doraHaiUra="20" who="0" fromWho="2" sc="240,126,250,0,250,-116,250,0" /><INIT seed="0,1,0,5,1,93" ten="366,250,134,250" oya="0" hai0="100,41,119,39,73,90,76,129,69,112,108,25,125" hai1="24,42,18,15,98,38,95,118,13,4,34,131,71" hai2="22,83,114,109,6,3,44,37,135,81,20,115,105" hai3="57,126,113,123,64,97,63,104,0,61,19,21,17"/><T5/><D112/><U92/><E71/><V94/><F105/><W80/><G113/><T59/><D119/><U45/><E118/><V55/><F109/><W54/><G126/><T111/><D69/><U67/><E67/><V52/><F135/><W43/><G0/><T32/><D125/><U84/><E131/><V120/><F120/><W9/><G43/><T58/><D129/><U1/><E1/><V35/><F35/><W7/><G123/><T75/><D100/><U130/><E130/><V28/><F94/><W51/><G80/><T79/><D5/><U10/><E84/><V2/><F6/><W86/><G86/><T88/><D41/><U133/><E133/><V31/><REACH who="2" step="1"/><F44/><REACH who="2" ten="366,250,124,250" step="2"/><W26/><G104/><T60/><D32/><U99/><E92/><V121/><F121/><W102/><G7/><T117/><D117/><U12/><E95/><V124/><F124/><W62/><G64/><T77/><D111/><U70/><E70/><V87/><F87/><W11/><G102/><T134/><D108/><U8/><REACH who="1" step="1"/><E15/><REACH who="1" ten="366,240,124,250" step="2"/><V23/><F23/><W128/><G128/><T89/><D134/><U103/><E103/><V122/><F122/><W48/><G26/><T132/><D25/><U110/><E110/><V78/><F78/><W101/><G101/><T82/><D132/><U40/><E40/><V96/><F96/><W36/><G97/><T30/><D79/><U65/><E65/><V66/><F66/><W46/><G54/><T16/><D77/><U27/><E27/><V106/><F106/><W33/><G33/><T29/><D76/><U49/><E49/><RYUUKYOKU ba="1,2" sc="366,-15,240,15,124,15,250,-15" hai1="4,8,10,12,13,18,24,34,38,42,45,98,99" hai2="2,3,20,22,28,31,37,52,55,81,83,114,115" /><INIT seed="1,2,2,3,5,42" ten="351,255,139,235" oya="1" hai0="54,127,11,45,31,38,132,25,77,12,59,87,6" hai1="125,69,107,114,20,41,79,97,80,61,15,90,19" hai2="111,37,108,88,51,70,73,101,44,104,71,47,93" hai3="68,49,58,46,98,119,14,86,4,40,67,84,0"/><U134/><E114/><V65/><F73/><W120/><G120/><T72/><D127/><U131/><E125/><V110/><F101/><W78/><G119/><T55/><D132/><U99/><E134/><V36/><F104/><W66/><G68/><N who="2" m="26153" /><F65/><W96/><G0/><T106/><D106/><U43/><E131/><V13/><F13/><W83/><G84/><T27/><D72/><U94/><E69/><V95/><F95/><W16/><G4/><T102/><D102/><U53/><E61/><V117/><F117/><W34/><G34/><T21/><D27/><U82/><E53/><N who="2" m="29927" /><F47/><W121/><G121/><T105/><D105/><U100/><REACH who="1" step="1"/><E82/><REACH who="1" ten="351,245,139,235" step="2"/><V85/><AGARI ba="2,3" hai="36,37,85,88,93,108,110,111" m="29927,26153" machi="85" ten="40,5200,0" yaku="14,1,52,1,54,1" doraHai="42" who="2" fromWho="2" sc="351,-15,245,-28,139,88,235,-15" /><INIT seed="2,0,0,0,1,18" ten="336,217,227,220" oya="2" hai0="12,71,61,4,62,81,123,67,109,32,51,88,45" hai1="8,127,96,6,83,34,74,10,70,50,134,100,78" hai2="2,11,30,36,133,38,52,89,49,118,115,104,107" hai3="129,116,3,41,44,69,39,64,112,122,53,46,25"/><V105/><F115/><W85/><G3/><T103/><D123/><U80/><E127/><V101/><F118/><W14/><G116/><T106/><D109/><U121/><E121/><V20/><F101/><W13/><G122/><T90/><D32/><U5/><E134/><V120/><F120/><W23/><G129/><T77/><D62/><U63/><E80/><V72/><F72/><W125/><G125/><T91/><D103/><U57/><E34/><V94/><F133/><W93/><G112/><T40/><D106/><U43/><E70/><V114/><F114/><W54/><G64/><T21/><D4/><U55/><E5/><V132/><F132/><W42/><G69/><T48/><D48/><U86/><E74/><V117/><F117/><W113/><G113/><T119/><D119/><U95/><REACH who="1" step="1"/><E6/><REACH who="1" ten="336,207,227,220" step="2"/><V82/><F82/><W7/><G7/><T59/><D71/><U29/><E29/><V66/><F2/><W76/><G76/><T68/><D68/><U84/><E84/><V9/><F9/><W28/><G85/><N who="0" m="50223" /><D77/><U87/><E87/><V110/><F11/><W58/><G93/><T37/><D37/><U108/><E108/><V124/><F110/><W126/><G126/><T73/><D73/><U79/><E79/><V111/><F111/><W16/><G28/><T98/><D98/><U47/><AGARI ba="0,1" hai="8,10,43,47,50,55,57,63,78,83,86,95,96,100" machi="47" ten="30,7900,0" yaku="1,1,0,1,8,1,53,1" doraHai="18" doraHaiUra="75" who="1" fromWho="1" sc="336,-20,207,89,227,-39,220,-20" /><INIT seed="3,0,0,2,2,134" ten="316,296,188,200" oya="3" hai0="68,90,28,66,10,71,26,14,106,98,86,39,7" hai1="27,60,125,47,87,67,29,77,59,103,13,80,93" hai2="8,55,112,119,82,75,31,12,76,99,0,128,104" hai3="42,38,32,88,81,92,83,131,113,85,3,115,96"/><W56/><G3/><T61/><D39/><U45/><E125/><V46/><F112/><N who="3" m="43083" /><G32/><T74/><D74/><U4/><E4/><V122/><F119/><W97/><G56/><T72/><D72/><U53/><E13/><V118/><F118/><W129/><G42/><T2/><D71/><U121/><E121/><V79/><F122/><W20/><G20/><T50/><D50/><U52/><E47/><V130/><F31/><W51/><G51/><T89/><D2/><U65/><E65/><V108/><F0/><W48/><G48/><T36/><D36/><U133/><E45/><V102/><F108/><W107/><G38/><T63/><D86/><U30/><E133/><V21/><F21/><W84/><G107/><T110/><D63/><U57/><E57/><V44/><F55/><N who="1" m="21065" /><E27/><V15/><F15/><W35/><G35/><N who="0" m="20887" /><D110/><U120/><E120/><V16/><REACH who="2" step="1"/><F79/><REACH who="2" ten="316,296,178,200" step="2"/><N who="3" m="46143" /><G97/><AGARI ba="0,1" hai="29,30,59,60,67,77,80,87,93,97,103" m="21065" machi="97" ten="30,2000,0" yaku="8,1,54,1" doraHai="134" who="1" fromWho="3" sc="316,0,296,30,178,0,200,-20" /><INIT seed="4,0,0,0,4,2" ten="316,326,178,180" oya="0" hai0="101,60,19,0,102,66,92,117,43,72,39,44,30" hai1="130,53,14,133,129,119,80,100,42,114,118,15,12" hai2="47,73,135,122,81,106,107,54,95,59,27,67,9" hai3="74,26,96,40,36,8,86,125,124,10,131,62,41"/><T105/><D117/><N who="1" m="44555" /><E53/><V71/><F122/><W85/><G74/><T84/><D72/><U113/><E80/><V83/><F135/><W91/><G131/><N who="1" m="50186" /><E42/><V49/><F27/><W5/><G26/><T13/><D105/><U46/><E46/><V75/><F95/><W97/><G62/><T65/><D0/><U61/><E61/><V108/><F108/><W115/><G91/><T45/><D30/><U52/><E52/><V110/><F110/><W93/><G93/><T11/><D45/><U98/><E98/><V126/><F71/><W116/><G116/><T17/><D17/><U132/><E100/><V111/><F111/><W76/><G76/><T128/><D128/><U109/><E109/><V57/><F54/><W31/><G31/><T48/><D39/><U51/><E51/><V55/><F55/><W20/><G20/><T63/><D63/><U1/><E1/><V112/><F47/><W56/><G36/><T4/><D19/><U28/><E28/><V25/><F49/><W33/><G33/><T35/><D35/><U134/><AGARI ba="0,0" hai="12,14,15,113,114,132,133,134" m="50186,44555" machi="134" ten="50,12000,2" yaku="28,2,20,1,19,1,34,2" doraHai="2" who="1" fromWho="1" sc="316,-60,326,120,178,-30,180,-30" /><INIT seed="5,0,0,5,4,127" ten="256,446,148,150" oya="1" hai0="12,126,49,31,128,68,116,53,107,78,59,48,131" hai1="50,35,101,28,1,117,71,5,57,89,22,110,98" hai2="32,7,80,34,111,23,39,115,8,4,90,97,41" hai3="54,129,92,62,106,99,20,88,73,69,120,121,30"/><U76/><E71/><V63/><F111/><W42/><G73/><T37/><D107/><U11/><E117/><V135/><F135/><W24/><G42/><T19/><D116/><U29/><E35/><V123/><F123/><W87/><G129/><N who="0" m="49739" /><D126/><U91/><E76/><V21/><F115/><W119/><G119/><T13/><D37/><U52/><E110/><V56/><F41/><W0/><G0/><T84/><D68/><U124/><E124/><V118/><F118/><W72/><G72/><T113/><D113/><U94/><E22/><V27/><F39/><W105/><G105/><T16/><D31/><U36/><E36/><V15/><F7/><W112/><G112/><T6/><D49/><U108/><E108/><V79/><F97/><W114/><G114/><T40/><D40/><U133/><E133/><V83/><F90/><W93/><G106/><T47/><D47/><U58/><E58/><V132/><F132/><W2/><G2/><T33/><D33/><U67/><E67/><V82/><F79/><W102/><G69/><T85/><D6/><U17/><E17/><N who="0" m="6729" /><D78/><U75/><E75/><V77/><F77/><W96/><G120/><T95/><D95/><U38/><E38/><V61/><F34/><W14/><G121/><T51/><D51/><U66/><E28/><N who="2" m="19487" /><F56/><N who="3" m="35095" /><G99/><T100/><D100/><U125/><E29/><V65/><F61/><W64/><G14/><AGARI ba="0,0" hai="12,13,14,48,53,59,84,85" m="6729,49739" machi="14" ten="30,8000,1" yaku="19,1,52,3,54,1" doraHai="127" who="0" fromWho="3" sc="256,80,446,0,148,0,150,-80" /><INIT seed="6,0,0,2,5,92" ten="336,446,148,70" oya="2" hai0="75,119,102,40,19,57,114,65,28,97,10,83,120" hai1="25,101,99,56,127,98,73,78,47,45,125,104,60" hai2="82,74,77,18,24,109,124,110,21,26,91,23,126" hai3="54,3,9,15,31,108,66,121,11,36,27,62,69"/><V100/><F91/><W43/><G121/><T1/><D120/><U50/><E25/><V42/><F42/><W79/><G108/><N who="2" m="41577" /><F100/><W22/><G79/><T87/><D75/><U16/><E98/><V90/><F90/><W72/><G72/><T94/><D114/><U39/><E39/><V48/><F48/><W67/><G67/><T111/><D111/><U106/><E106/><V134/><F134/><W96/><G3/><T71/><D119/><U8/><E78/><V68/><F68/><W131/><G131/><T132/><D132/><U88/><E88/><V38/><F38/><W58/><G15/><T105/><D28/><AGARI ba="0,0" hai="18,21,23,24,26,28,74,77,82,124,126" m="41577" machi="28" ten="30,1500,0" yaku="10,1" doraHai="92" who="2" fromWho="0" sc="336,-15,446,0,148,15,70,0" /><INIT seed="6,1,0,2,3,43" ten="321,446,163,70" oya="2" hai0="23,80,128,4,27,78,72,2,71,21,34,19,94" hai1="69,112,121,16,24,57,122,85,135,15,30,97,60" hai2="126,99,103,7,120,68,87,0,111,108,8,50,66" hai3="92,58,11,75,38,41,81,28,14,104,113,47,84"/><V35/><F120/><N who="1" m="46185" /><E112/><V89/><F126/><W88/><G104/><T63/><D128/><U102/><E135/><V101/><F35/><W29/><G113/><T56/><D71/><U118/><E69/><V44/><F66/><W82/><G58/><T54/><D34/><U98/><E118/><V127/><F127/><W45/><G75/><T105/><D105/><U9/><E85/><V130/><F130/><W64/><G64/><T90/><D2/><U106/><E98/><V100/><F99/><W52/><G29/><T61/><D4/><U67/><E30/><V48/><F68/><W37/><G28/><T5/><D5/><U31/><E31/><V116/><F116/><W134/><G134/><T125/><D23/><U86/><E86/><V132/><F50/><W129/><G129/><T22/><D22/><U17/><E24/><V93/><REACH who="2" step="1"/><F132/><REACH who="2" ten="321,446,153,70" step="2"/><W3/><G3/><T6/><D125/><U110/><E67/><V40/><AGARI ba="1,1" hai="0,7,8,40,44,48,87,89,93,100,101,103,108,111" machi="40" ten="30,11700,0" yaku="1,1,2,1,0,1,52,1,53,0" doraHai="43" doraHaiUra="53" who="2" fromWho="2" sc="321,-40,446,-40,153,130,70,-40" /><INIT seed="6,2,0,0,3,112" ten="281,406,283,30" oya="2" hai0="100,24,106,67,95,121,56,65,13,55,0,91,119" hai1="5,107,90,4,9,33,39,61,97,99,34,15,123" hai2="124,37,48,7,60,14,19,135,116,25,54,108,98" hai3="62,125,89,51,83,113,132,84,26,93,96,109,87"/><V45/><F37/><W81/><G62/><T10/><D121/><U126/><E39/><V52/><F124/><W133/><G51/><T21/><D0/><U73/><E73/><V68/><F135/><N who="3" m="51787" /><G26/><T43/><D43/><U44/><E44/><V102/><F108/><W2/><G2/><T38/><D38/><U63/><E107/><V103/><F116/><W53/><G53/><T94/><D106/><U70/><E70/><V105/><F102/><N who="3" m="60687" /><G109/><T88/><D119/><U115/><E61/><V104/><F7/><W76/><G125/><T28/><D100/><U42/><E63/><V36/><F36/><W49/><G49/><N who="0" m="30831" /><D95/><U79/><E42/><V75/><F105/><W29/><G29/><T101/><D101/><U64/><E5/><V74/><F25/><W85/><G113/><T18/><D91/><U11/><E90/><V59/><REACH who="2" step="1"/><F68/><REACH who="2" ten="281,406,273,30" step="2"/><W50/><G50/><T32/><D32/><U16/><E34/><V78/><F78/><W118/><G118/><T131/><D131/><U31/><E79/><V122/><F122/><W127/><G127/><T57/><D57/><U40/><E126/><V69/><F69/><W134/><N who="3" m="51795" /><W1/><DORA hai="80" /><G1/><T46/><D46/><U128/><E123/><V82/><F82/><W47/><G47/><T22/><D22/><AGARI ba="2,1" hai="14,19,22,45,48,52,54,59,60,74,75,98,103,104" machi="22" ten="30,5800,0" yaku="1,1,7,1,54,1,53,0" doraHai="112,80" doraHaiUra="111,30" who="2" fromWho="0" sc="281,-64,406,0,273,74,30,0" /><INIT seed="6,3,0,1,0,39" ten="217,406,347,30" oya="2" hai0="135,30,82,89,29,14,104,134,94,19,113,110,81" hai1="0,23,11,99,97,93,119,91,95,43,7,65,33" hai2="103,12,84,128,60,102,87,47,32,131,133,74,42" hai3="67,26,6,40,15,54,105,118,69,79,68,112,115"/><V10/><F74/><W24/><G105/><T28/><D110/><U13/><E119/><V57/><F32/><W127/><G118/><T59/><D104/><U2/><E33/><V5/><F133/><N who="0" m="50698" /><D59/><U16/><E65/><V62/><F84/><W48/><G127/><T88/><D113/><N who="3" m="43593" /><G79/><T111/><D111/><U121/><E121/><V78/><F102/><W63/><G69/><T120/><D120/><U52/><E43/><V86/><F103/><W122/><G122/><T21/><D89/><U51/><E0/><V61/><F57/><N who="3" m="32967" /><G6/><T45/><D45/><U96/><E95/><V35/><F35/><W37/><G15/><T27/><D14/><U9/><E9/><V108/><F108/><W72/><G72/><T109/><D109/><U41/><E41/><V3/><F3/><W18/><G18/><T20/><D20/><U1/><E1/><V107/><F107/><W85/><G85/><AGARI ba="3,0" hai="19,21,27,28,29,30,81,82,85,88,94" m="50698" machi="85" ten="30,2000,0" yaku="20,1,54,1" doraHai="39" who="0" fromWho="3" sc="217,29,406,0,347,0,30,-29" /><INIT seed="7,0,0,2,1,83" ten="246,406,347,1" oya="3" hai0="132,50,88,4,2,56,44,129,39,31,130,18,78" hai1="26,24,55,15,10,69,37,84,96,54,133,104,60" hai2="134,103,121,22,76,111,5,48,20,105,67,13,119" hai3="49,6,89,77,19,53,127,123,73,46,126,43,97"/><W33/><G123/><T124/><D78/><U38/><E133/><V100/><F119/><W65/><G33/><T128/><D132/><U35/><E84/><V75/><F134/><W71/><G6/><T113/><D124/><N who="3" m="47657" /><G73/><T82/><D113/><U11/><E11/><V7/><F105/><W79/><G19/><T27/><D18/><U14/><E14/><V62/><F111/><W80/><G43/><T93/><D82/><U81/><E81/><V64/><F75/><W45/><G45/><T109/><D109/><U102/><E38/><V51/><F121/><W36/><G36/><T135/><D135/><U91/><E37/><V0/><F0/><W110/><G110/><T3/><D56/><U122/><E122/><V92/><F92/><N who="3" m="56463" /><G80/><T70/><D70/><U106/><E91/><V95/><F95/><W40/><G40/><T131/><D4/><N who="1" m="3527" /><E106/><V9/><F76/><N who="3" m="29259" /><G65/><T90/><D39/><U29/><E24/><V99/><F9/><W115/><G71/><T116/><D116/><U34/><E34/><V16/><F13/><W32/><G32/><N who="0" m="20607" /><D131/><U86/><E86/><V114/><F114/><AGARI ba="0,0" hai="46,49,53,114,115" m="29259,56463,47657" machi="114" ten="30,1500,0" yaku="18,1" doraHai="83" who="3" fromWho="2" sc="246,0,406,0,347,-15,1,15" /><INIT seed="7,1,0,4,2,106" ten="246,406,332,16" oya="3" hai0="60,131,11,17,116,52,56,36,107,41,63,38,48" hai1="115,125,135,134,126,100,21,109,43,89,15,65,54" hai2="124,110,46,42,98,30,24,8,88,97,22,74,45" hai3="101,20,79,53,117,80,58,84,94,18,133,128,87"/><W70/><G70/><T32/><D32/><U75/><E115/><V85/><F110/><W7/><G117/><T112/><D107/><U130/><E109/><V121/><F124/><N who="1" m="47721" /><E130/><V37/><F121/><W59/><G128/><T47/><D131/><U5/><E75/><V81/><F8/><W67/><G133/><T111/><D111/><U76/><E76/><V86/><F74/><W123/><G123/><T91/><D91/><U114/><E114/><V25/><F46/><W3/><G3/><T78/><D78/><U82/><E100/><V83/><REACH who="2" step="1"/><F25/><REACH who="2" ten="246,406,322,16" step="2"/><W1/><G1/><T35/><D35/><U12/><E134/><V127/><F127/><W122/><G122/><T40/><D17/><U55/><E135/><V44/><F44/><W64/><G7/><T29/><D29/><U0/><E0/><V66/><F66/><N who="3" m="25131" /><G53/><N who="0" m="29855" /><D11/><N who="1" m="4207" /><E65/><V31/><F31/><W71/><G71/><T104/><D104/><U92/><E43/><N who="0" m="16457" /><D112/><U73/><E73/><V26/><F26/><N who="3" m="14615" /><G87/><T23/><D23/><U108/><E108/><V90/><AGARI ba="1,1" hai="22,24,30,37,42,45,81,83,85,86,88,90,97,98" machi="90" ten="20,8000,1" yaku="1,1,0,1,7,1,9,1,54,1,53,0" doraHai="106" doraHaiUra="118" who="2" fromWho="2" sc="246,-21,406,-21,322,93,16,-41" owari="225,-17.5,385,18.5,415,51.5,-25,-52.5" /></mjloggm>