<mjloggm ver="2.3"><GO type="169" lobby="0"/><UN n0="%6D%79%6D%65%6C%6F%58%58" n1="%E3%82%A2%E3%83%B3%E3%83%88%E3%83%AC%E3%83%BC%E3%82%B9" n2="%E3%81%97%E3%82%87%E3%81%BC%E3%82%93%EF%BD%8E" n3="%E3%81%8B%E3%82%81%E3%81%98%E3%82%8D%E3%81%86" dan="17,16,17,16" rate="2214.87,2062.10,2247.28,2155.84" sx="F,M,M,M"/><TAIKYOKU oya="0"/><INIT seed="0,0,0,1,0,118" ten="250,250,250,250" oya="0" hai0="47,133,94,22,104,84,57,55,36,126,5,135,102" hai1="95,90,12,43,120,121,50,29,6,53,112,16,107" hai2="123,42,30,97,38,132,9,18,2,92,59,81,78" hai3="87,3,122,56,70,28,41,88,25,111,11,19,64"/><T26/><D104/><U114/><E107/><V21/><F132/><W45/><G111/><T80/><D126/><U35/><E43/><V103/><F30/><W96/><G70/><T101/><D5/><U39/><E39/><V75/><F59/><W134/><G134/><N who="0" m="51211" /><D47/><U69/><E69/><V117/><F117/><W37/><G96/><T115/><D36/><U127/><E29/><V105/><F21/><W54/><G64/><T23/><D23/><N who="1" m="11655" /><E35/><V20/><F20/><W125/><G125/><T106/><D106/><U32/><E32/><V62/><F62/><W71/><G71/><T4/><D4/><U79/><E79/><V67/><F67/><W124/><G124/><T17/><D94/><U49/><E6/><N who="2" m="1239" /><F18/><W98/><G98/><T33/><D33/><U34/><E34/><V8/><F8/><W72/><G3/><T74/><D74/><U66/><E66/><V109/><F92/><W85/><G72/><T119/><D119/><U108/><E108/><V10/><F10/><W51/><G85/><T48/><D115/><N who="1" m="44075" /><E127/><V128/><F109/><W40/><G40/><T1/><D1/><U44/><E49/><V52/><F42/><W68/><G28/><T7/><D7/><U110/><E110/><V113/><F38/><W61/><G25/><T14/><D26/><U0/><E0/><V63/><F113/><W58/><G37/><T82/><D82/><U60/><E60/><V129/><F63/><W65/><G61/><T27/><D27/><U24/><E24/><V86/><F75/><W83/><G83/><T46/><D57/><U116/><E116/><RYUUKYOKU ba="0,0" sc="250,15,250,15,250,-15,250,-15" hai0="14,17,22,46,48,55,80,84,101,102" hai1="44,50,53,90,95,120,121" /><INIT seed="0,1,0,1,2,60" ten="265,265,235,235" oya="0" hai0="62,104,134,39,112,77,44,122,100,17,71,28,127" hai1="98,81,115,30,91,68,124,85,119,75,106,131,105" hai2="135,108,11,2,8,23,10,130,61,101,37,45,65" hai3="7,73,42,95,34,80,93,38,125,12,43,72,114"/><T66/><D112/><U41/><E30/><V123/><F123/><W87/><G34/><T118/><D122/><U110/><E41/><V13/><F108/><W50/><G38/><T74/><D118/><U120/><E68/><V58/><F130/><W83/><G114/><T5/><D127/><U97/><E120/><V1/><F135/><W78/><G125/><T94/><D134/><U31/><E31/><V14/><F101/><W48/><G12/><T33/><D5/><U27/><E27/><V59/><F37/><W99/><G7/><T9/><D94/><U67/><E115/><V25/><F45/><W0/><G0/><T84/><D84/><U132/><E132/><V109/><F109/><W96/><REACH who="3" step="1"/><G87/><REACH who="3" ten="265,265,235,225" step="2"/><T32/><D32/><U18/><E124/><V16/><F1/><W36/><G36/><T116/><D116/><U54/><E119/><V53/><REACH who="2" step="1"/><F2/><REACH who="2" ten="265,265,225,225" step="2"/><W70/><G70/><T82/><D39/><U128/><E110/><V15/><F15/><W129/><G129/><T35/><D35/><U47/><E128/><V57/><F57/><W22/><G22/><T89/><D71/><U52/><E131/><V107/><F107/><W90/><G90/><T56/><D89/><U102/><E105/><V121/><F121/><W76/><AGARI ba="1,2" hai="42,43,48,50,72,73,76,78,80,83,93,95,96,99" machi="76" ten="25,6400,0" yaku="1,1,0,1,22,2,53,0" doraHai="60" doraHaiUra="49" who="3" fromWho="3" sc="265,-33,265,-17,225,-17,225,87" /><INIT seed="1,0,0,2,1,2" ten="232,248,208,312" oya="1" hai0="18,79,46,59,61,76,20,82,113,65,99,9,87" hai1="83,30,81,131,73,51,31,97,110,125,69,53,40" hai2="21,119,100,112,58,28,95,55,29,17,49,39,101" hai3="92,90,24,27,63,102,94,135,123,88,106,127,122"/><U91/><E69/><V8/><F119/><W117/><G117/><T48/><D113/><U41/><E131/><V43/><F112/><W109/><G109/><T45/><D99/><U93/><E125/><V124/><F124/><W75/><G75/><T111/><D111/><U78/><E110/><V89/><F39/><W130/><G127/><T37/><D37/><U60/><E60/><V10/><F43/><W96/><G63/><T71/><D9/><U126/><E83/><V132/><F132/><W38/><G38/><T129/><D129/><U12/><E126/><V33/><F33/><W11/><G130/><T6/><D6/><U7/><E40/><V3/><F28/><W62/><G62/><T44/><D71/><U70/><E41/><V54/><F29/><W64/><G64/><T52/><REACH who="0" step="1"/><D79/><REACH who="0" ten="222,248,208,312" step="2"/><U121/><E70/><V103/><F3/><W5/><G135/><T56/><D56/><U22/><E121/><V23/><F8/><W4/><G11/><T42/><D42/><U67/><E7/><V128/><F128/><W1/><G96/><T36/><D36/><U114/><E114/><V133/><F133/><W85/><G1/><T32/><D32/><U66/><E97/><N who="2" m="57583" /><F54/><W57/><G106/><T68/><D68/><U108/><E108/><V105/><F105/><W84/><G102/><T26/><AGARI ba="0,1" hai="18,20,26,44,45,46,48,52,59,61,65,76,82,87" machi="26" ten="20,8000,1" yaku="1,1,0,1,7,1,8,1,54,1,53,0" doraHai="2" doraHaiUra="0" who="0" fromWho="0" sc="222,90,248,-40,208,-20,312,-20" /><INIT seed="2,0,0,4,0,83" ten="312,208,188,292" oya="2" hai0="5,90,41,0,53,131,4,39,104,74,129,49,10" hai1="93,126,21,121,60,57,120,22,102,70,45,55,86" hai2="35,29,94,130,134,3,47,48,14,30,111,77,107" hai3="127,71,62,18,92,50,43,95,118,99,110,128,20"/><V117/><F117/><W33/><G118/><T114/><D114/><U36/><E126/><V46/><F107/><W80/><G33/><T9/><D104/><U31/><E70/><V91/><F3/><W64/><G127/><T103/><D103/><U135/><E135/><V85/><F134/><W16/><G110/><T37/><D74/><U122/><E31/><V105/><F105/><W25/><G128/><N who="0" m="49227" /><D41/><N who="1" m="22695" /><E102/><V11/><F130/><W59/><G80/><T34/><D34/><U116/><E116/><V98/><F46/><N who="3" m="25951" /><G71/><T6/><D90/><AGARI ba="0,0" hai="21,22,55,57,60,86,90,93,120,121,122" m="22695" machi="90" ten="30,2000,0" yaku="13,1,52,1" doraHai="83" who="1" fromWho="0" sc="312,-20,208,20,188,0,292,0" /><INIT seed="3,0,0,1,0,45" ten="292,228,188,292" oya="3" hai0="54,126,12,31,79,42,49,7,20,51,32,61,21" hai1="47,77,92,134,135,72,67,86,102,25,96,34,133" hai2="105,55,119,17,13,123,4,107,3,74,16,114,129" hai3="73,57,84,0,11,83,130,128,117,41,6,19,93"/><W27/><G117/><T10/><D126/><U115/><E67/><V70/><F114/><W63/><G73/><T18/><D42/><U59/><E59/><V43/><F119/><W116/><G116/><T30/><D32/><U35/><E115/><V112/><F70/><W132/><G93/><T75/><D75/><U122/><E122/><V97/><F74/><W80/><G41/><T56/><D79/><U106/><E25/><V120/><F112/><W5/><G5/><T23/><D18/><U36/><E36/><V71/><F71/><W69/><G69/><T94/><D94/><U87/><E47/><V111/><F111/><W65/><G132/><T64/><D64/><U76/><E34/><V121/><F129/><N who="3" m="49771" /><G84/><N who="1" m="32298" /><E35/><V118/><F118/><W113/><G113/><T22/><N who="0" m="5120" /><DORA hai="52" /><T60/><D60/><U1/><E1/><V100/><F3/><W44/><G19/><N who="2" m="7241" /><F43/><W95/><G27/><T101/><D101/><N who="1" m="62759" /><E72/><V53/><F105/><W50/><G95/><T58/><D58/><U91/><E102/><V2/><F2/><W104/><G104/><T26/><D26/><U40/><E40/><V33/><F33/><W81/><G44/><T66/><D66/><U125/><E125/><V46/><F46/><W98/><G98/><AGARI ba="0,0" hai="76,77,91,92,98,133,134,135" m="62759,32298" machi="98" ten="30,3900,0" yaku="20,1,34,2" doraHai="45,52" who="1" fromWho="3" sc="292,0,228,39,188,0,292,-39" /><INIT seed="4,0,0,2,5,51" ten="292,267,188,253" oya="0" hai0="122,100,102,95,39,92,24,18,32,29,135,62,89" hai1="114,7,116,40,60,83,127,26,70,49,68,80,118" hai2="90,6,78,129,12,1,117,74,64,103,104,48,86" hai3="72,21,20,23,15,97,47,98,69,94,67,59,124"/><T27/><D122/><U79/><E83/><N who="2" m="45527" /><F12/><W30/><G72/><T76/><D39/><U4/><E26/><V88/><F64/><W61/><G124/><T55/><D76/><U28/><E28/><V99/><F6/><W128/><G128/><T19/><D135/><U38/><E127/><V91/><F48/><W133/><G133/><T10/><D95/><U131/><E38/><V85/><F1/><W17/><G69/><T43/><D43/><U125/><E125/><V73/><F129/><W0/><G0/><T132/><D132/><U41/><E131/><V106/><F117/><W31/><G97/><T54/><D92/><U42/><E49/><V5/><F5/><W3/><G3/><T58/><D89/><U13/><E4/><V108/><F108/><W37/><G47/><T130/><D130/><U87/><E114/><V93/><F73/><W107/><G107/><AGARI ba="0,0" hai="85,86,88,90,91,93,99,103,104,106,107" m="45527" machi="107" ten="30,12000,2" yaku="35,5,54,1" doraHai="51" who="2" fromWho="3" sc="292,0,267,0,188,120,253,-120" /><INIT seed="5,0,0,2,0,45" ten="292,267,308,133" oya="1" hai0="37,5,82,111,121,80,81,49,103,114,75,113,31" hai1="30,92,23,43,79,29,95,6,85,18,42,125,116" hai2="12,63,40,128,87,60,54,46,91,94,89,61,21" hai3="38,74,47,14,99,67,59,104,48,120,90,51,117"/><U27/><E125/><V93/><F128/><W122/><G74/><T119/><D37/><U19/><E116/><V68/><F68/><W1/><G1/><T44/><D119/><U70/><E70/><V53/><F12/><W0/><G0/><T115/><D111/><U4/><E79/><V110/><F21/><W72/><G72/><T71/><D71/><U58/><E58/><V3/><F3/><W62/><G117/><T28/><D75/><U56/><E56/><V41/><F110/><W7/><G38/><T15/><D103/><U33/><E85/><V34/><F34/><W105/><G105/><T16/><D5/><U86/><E86/><V78/><F78/><W106/><G106/><T100/><D100/><U73/><E73/><V101/><F101/><W2/><G2/><T97/><D97/><U132/><E33/><V76/><F76/><W13/><G104/><T109/><D121/><U24/><REACH who="1" step="1"/><E23/><REACH who="1" ten="292,257,308,133" step="2"/><V65/><F87/><W88/><G120/><T124/><D124/><U129/><E129/><V98/><F98/><W84/><G122/><T133/><D109/><U35/><E35/><V36/><F65/><W11/><G99/><T135/><D135/><AGARI ba="0,1" hai="4,6,18,19,24,27,29,30,42,43,92,95,132,135" machi="135" ten="25,12000,1" yaku="1,1,22,2,53,2" doraHai="45" doraHaiUra="131" who="1" fromWho="0" sc="292,-120,257,130,308,0,133,0" /><INIT seed="5,1,0,3,3,127" ten="172,387,308,133" oya="1" hai0="64,87,53,18,41,134,36,102,37,135,5,42,94" hai1="103,122,77,113,49,88,78,46,16,43,106,80,40" hai2="124,128,33,68,65,1,25,63,73,123,45,110,29" hai3="112,57,74,90,0,104,9,111,121,85,44,129,119"/><U96/><E122/><V100/><F110/><W98/><G111/><T13/><D5/><U27/><E113/><V101/><F123/><W79/><G121/><T7/><D7/><U117/><E117/><V107/><F124/><W38/><G119/><T95/><D64/><U69/><E69/><V17/><F1/><W21/><G112/><T32/><D32/><U125/><E125/><V61/><F73/><W26/><G57/><T39/><D53/><U20/><REACH who="1" step="1"/><E40/><REACH who="1" ten="172,377,308,133" step="2"/><V118/><F68/><W55/><G0/><T84/><D42/><U67/><E67/><V114/><F65/><W93/><G55/><T99/><D41/><U62/><E62/><V6/><F61/><W130/><G44/><T54/><D54/><U12/><E12/><V82/><F63/><W66/><G66/><T108/><D108/><U51/><E51/><V31/><F45/><W92/><G38/><T3/><D3/><U86/><AGARI ba="1,1" hai="16,20,27,43,46,49,77,78,80,86,88,96,103,106" machi="86" ten="30,11700,0" yaku="1,1,0,1,54,2,53,0" doraHai="127" doraHaiUra="4" who="1" fromWho="1" sc="172,-40,377,130,308,-40,133,-40" /><INIT seed="5,2,0,2,1,125" ten="132,507,268,93" oya="1" hai0="106,55,65,52,96,39,66,1,47,35,135,19,59" hai1="129,102,26,79,127,94,132,97,92,85,24,37,5" hai2="32,121,30,83,82,17,28,63,36,130,75,109,71" hai3="74,27,40,4,14,38,22,81,25,70,20,78,100"/><U134/><E37/><V48/><F17/><W73/><G70/><T126/><D1/><U95/><E5/><V80/><F75/><W116/><G116/><T87/><D35/><U88/><E24/><V16/><F109/><W77/><G100/><T117/><D117/><U11/><E11/><V105/><F121/><W50/><G38/><T44/><D106/><N who="1" m="63823" /><E26/><V67/><F105/><W46/><G77/><T122/><D96/><U45/><E45/><V56/><F36/><W3/><G74/><T0/><D0/><U69/><E69/><V8/><F32/><W21/><G3/><T112/><D39/><U76/><E127/><V7/><F7/><W120/><G120/><T133/><D126/><U107/><E107/><V118/><F118/><W10/><AGARI ba="2,0" hai="4,10,14,20,21,22,25,27,40,46,50,73,78,81" machi="10" ten="30,1100,0" yaku="0,1" doraHai="125" who="3" fromWho="3" sc="132,-5,507,-7,268,-5,93,17" /><INIT seed="6,0,0,5,4,51" ten="127,500,263,110" oya="2" hai0="29,9,45,36,20,22,12,117,91,98,72,13,105" hai1="76,63,53,112,4,48,131,32,56,103,79,8,104" hai2="5,82,34,65,134,130,100,52,85,27,133,24,1" hai3="28,68,0,129,58,78,38,17,119,31,101,87,46"/><V43/><F43/><W64/><G119/><T106/><D72/><U30/><E131/><V19/><F65/><W88/><G0/><T132/><D36/><U89/><E112/><V110/><F130/><W73/><G129/><T92/><D117/><U21/><E32/><V33/><F100/><W124/><G124/><T41/><D132/><N who="2" m="50794" /><F110/><W66/><G68/><T2/><D2/><U50/><E89/><V122/><F122/><W95/><G101/><T80/><D80/><U97/><E76/><V60/><F5/><W47/><G73/><T74/><D74/><U37/><E79/><N who="2" m="46303" /><F1/><W135/><G78/><T81/><D81/><U39/><E39/><V16/><F33/><W96/><G135/><T125/><D125/><U121/><E37/><V15/><F34/><W62/><G38/><T109/><D109/><U107/><E107/><V54/><F60/><W59/><G96/><T113/><D106/><U11/><E121/><V77/><F77/><W99/><G99/><T94/><D105/><U84/><E84/><V6/><F6/><W71/><G71/><T35/><D113/><U126/><E126/><V25/><F19/><W10/><G31/><T18/><D35/><U123/><E123/><V128/><F128/><W55/><G28/><T114/><D114/><U70/><E70/><V118/><F118/><W57/><G66/><T14/><D29/><U49/><E4/><V90/><F90/><W44/><G64/><T7/><D98/><U40/><E40/><V108/><F108/><W127/><G127/><T26/><D7/><U67/><E67/><V111/><F16/><RYUUKYOKU ba="0,0" sc="127,-15,500,15,263,-15,110,15" hai1="8,11,21,30,48,49,50,53,56,63,97,103,104" hai3="10,17,44,46,47,55,57,58,59,62,87,88,95" /><INIT seed="7,1,0,0,4,34" ten="112,515,248,125" oya="3" hai0="40,132,119,103,73,100,24,70,92,105,124,58,67" hai1="62,50,37,10,118,87,85,43,60,72,133,134,113" hai2="96,2,111,8,121,15,39,117,17,46,16,31,71" hai3="49,56,61,116,76,125,81,106,90,19,53,9,94"/><W63/><G125/><T1/><D119/><U59/><E72/><V123/><F111/><W22/><G106/><T110/><D110/><U64/><E118/><V101/><F117/><W38/><G38/><T97/><D124/><U3/><E37/><V88/><F71/><W108/><G108/><T131/><D132/><U27/><E113/><V11/><F31/><W20/><G116/><T102/><D131/><U69/><E27/><V51/><F88/><W52/><G9/><T95/><D70/><U128/><E3/><V80/><F80/><W135/><G135/><N who="1" m="51722" /><E87/><V45/><F39/><W120/><G120/><N who="2" m="46153" /><F51/><W5/><G5/><T98/><D73/><U65/><E85/><V122/><F122/><W77/><G81/><T75/><D75/><U44/><E10/><V7/><F17/><W4/><G4/><T23/><D1/><U91/><E91/><V30/><F30/><W0/><G0/><T36/><D36/><U104/><E104/><AGARI ba="1,0" hai="2,7,8,11,15,16,45,46,96,101,104" m="46153" machi="104" ten="30,3900,0" yaku="13,1,52,1,54,1" doraHai="34" who="2" fromWho="1" sc="112,0,515,-42,248,42,125,0" owari="112,-38.8,473,57.3,290,9.0,125,-27.5" /></mjloggm>