<mjloggm ver="2.3"><GO type="169" lobby="0"/><UN n0="%E3%83%95%E3%82%AF%E3%83%AD%E3%82%A6%E3%82%B5%E3%83%B3" n1="%6B%61%74%65%72%69%6E%61" n2="%E3%81%BE%E3%81%88%E3%81%9F" n3="%E7%88%86%E7%89%8C%E3%82%A6%E3%82%B7%E3%82%B8%E3%83%9E%E3%81%8F%E3%82%93" dan="17,17,17,16" rate="2199.73,2235.98,2170.99,2102.75" sx="M,M,F,M"/><TAIKYOKU oya="0"/><INIT seed="0,0,0,2,2,70" ten="250,250,250,250" oya="0" hai0="35,15,4,13,9,6,7,17,5,96,85,57,132" hai1="117,89,64,0,123,49,92,131,94,1,76,60,41" hai2="21,73,109,95,43,23,81,112,18,102,107,8,103" hai3="63,86,72,29,59,75,50,11,122,46,93,30,125"/><T36/><D132/><U82/><E117/><V53/><F109/><W62/><G125/><T32/><D85/><U27/><E123/><V113/><F107/><W54/><G122/><T98/><D57/><U83/><E27/><V90/><F8/><W91/><G63/><T48/><D48/><U31/><E31/><V3/><F3/><W77/><G75/><T52/><D52/><U128/><E89/><V74/><F53/><W84/><G72/><T45/><D98/><U105/><E105/><V34/><F34/><N who="0" m="12842" /><D45/><U2/><E49/><V16/><F95/><N who="1" m="36393" /><E76/><V97/><F97/><W22/><G11/><N who="0" m="4327" /><D36/><U67/><E41/><V129/><F90/><W68/><G68/><T80/><D80/><N who="1" m="30763" /><E60/><V79/><F79/><W133/><G133/><T39/><D39/><U69/><E69/><V61/><F81/><N who="3" m="47151" /><G22/><N who="0" m="11583" /><D96/><U65/><AGARI ba="0,0" hai="0,1,2,64,65,67,128,131" m="30763,36393" machi="65" ten="40,2700,0" yaku="28,2" doraHai="70" who="1" fromWho="1" sc="250,-13,250,27,250,-7,250,-7" /><INIT seed="1,0,0,5,4,2" ten="237,277,243,243" oya="1" hai0="26,24,112,43,56,61,100,102,67,93,41,44,57" hai1="122,36,52,34,90,62,70,5,40,59,104,51,48" hai2="131,75,113,0,46,116,39,18,31,135,47,95,3" hai3="85,106,105,80,124,101,99,25,108,103,45,33,128"/><U20/><E122/><V42/><F116/><W72/><G108/><T109/><D112/><U96/><E34/><V78/><F113/><W114/><G114/><T6/><D109/><U69/><E36/><V66/><F66/><W29/><G124/><T54/><D93/><U21/><E21/><V79/><F131/><W19/><G128/><T125/><D125/><U65/><E69/><V119/><F119/><W58/><G72/><T89/><D89/><U63/><E40/><N who="0" m="15433" /><D44/><U81/><E20/><V17/><F135/><W91/><G45/><T53/><D6/><U4/><E81/><V117/><F95/><W127/><G127/><T30/><D67/><U68/><E68/><V92/><F92/><W83/><G83/><T107/><D107/><U37/><E90/><V94/><F94/><W118/><G118/><T15/><D15/><U35/><E35/><V129/><F42/><W76/><G76/><T126/><D30/><U23/><E23/><V28/><F117/><W82/><G82/><T71/><D71/><U10/><E37/><V123/><F39/><W8/><G105/><T98/><D98/><U115/><E115/><V12/><F12/><N who="3" m="7559" /><G99/><T111/><D111/><U134/><E134/><V50/><F129/><W38/><G106/><T121/><D121/><U1/><REACH who="1" step="1"/><E5/><REACH who="1" ten="237,267,243,243" step="2"/><V49/><F123/><W77/><G38/><T120/><D120/><U55/><E55/><V110/><F110/><W32/><G32/><T9/><D126/><U97/><E97/><V14/><F75/><W73/><G73/><T16/><D54/><U84/><E84/><V132/><F132/><RYUUKYOKU ba="0,1" sc="237,-15,267,15,243,15,243,-15" hai1="1,4,10,48,51,52,59,62,63,65,70,96,104" hai2="0,3,14,17,18,28,31,46,47,49,50,78,79" /><INIT seed="1,1,1,4,5,76" ten="222,282,258,228" oya="1" hai0="8,44,70,93,104,122,9,54,59,99,49,86,95" hai1="68,107,94,5,43,52,18,131,40,53,13,51,10" hai2="2,126,16,67,46,35,135,98,57,55,69,96,61" hai3="45,3,125,116,25,11,117,90,58,23,80,31,24"/><U120/><E107/><V100/><F135/><W74/><G125/><T12/><D122/><U75/><E120/><V89/><F126/><W27/><G45/><T134/><D70/><U103/><E68/><V56/><F35/><W121/><G121/><T22/><D134/><U64/><E64/><V48/><F2/><W129/><G129/><T36/><D104/><U91/><E75/><V79/><F98/><W60/><G3/><T130/><D130/><U77/><E77/><V33/><F33/><W92/><G11/><T29/><D36/><U28/><E28/><V112/><F112/><W37/><G37/><T47/><D29/><U115/><E115/><V133/><F133/><W81/><G74/><T97/><D22/><U41/><E103/><V1/><F1/><W128/><G128/><T65/><D65/><U108/><E108/><V111/><F111/><W123/><G123/><T30/><D30/><U113/><E113/><V127/><F89/><W50/><G50/><T66/><D66/><U26/><E51/><V71/><F71/><W82/><G117/><T4/><D8/><U0/><E131/><V85/><F127/><W17/><G31/><T38/><D86/><N who="1" m="52599" /><E0/><V21/><F85/><N who="3" m="52303" /><G116/><T7/><D38/><U72/><E72/><V110/><F79/><W20/><G20/><AGARI ba="1,1" hai="5,10,13,18,20,26,40,41,43,52,53" m="52599" machi="20" ten="30,2900,0" yaku="8,1,54,1" doraHai="76" who="1" fromWho="3" sc="222,0,282,42,258,0,228,-32" /><INIT seed="1,2,0,2,2,63" ten="222,324,258,196" oya="1" hai0="14,54,60,112,132,36,70,40,105,24,0,27,127" hai1="32,95,98,9,99,61,52,83,85,73,34,30,90" hai2="38,1,120,135,65,58,26,93,76,133,43,115,128" hai3="116,47,87,119,22,130,106,42,108,68,81,131,46"/><U20/><E73/><V74/><F120/><W28/><G106/><T59/><D0/><U6/><E20/><V55/><F1/><W44/><G68/><T79/><D112/><U35/><E30/><V18/><F115/><W7/><G7/><T110/><D105/><U45/><E98/><V48/><F128/><N who="3" m="49195" /><G108/><T51/><D110/><U125/><E125/><V103/><F76/><N who="3" m="46503" /><G42/><T13/><D132/><U41/><E41/><V84/><F74/><W56/><G56/><T17/><D79/><U3/><E45/><V101/><F38/><W21/><G28/><T123/><D123/><U33/><N who="1" m="8192" /><DORA hai="37" /><U16/><E16/><V109/><F43/><W129/><N who="3" m="49203" /><W111/><DORA hai="107" /><G111/><T67/><D127/><U53/><REACH who="1" step="1"/><E61/><REACH who="1" ten="222,314,258,196" step="2"/><V126/><F126/><W77/><G77/><AGARI ba="2,1" hai="3,6,9,52,53,77,83,85,90,95,99" m="8192" machi="77" ten="70,18000,2" yaku="1,1,2,1,54,1,53,4" doraHai="63,37,107" doraHaiUra="50,91,82" who="1" fromWho="3" sc="222,0,314,196,258,0,196,-186" /><INIT seed="1,3,0,5,2,61" ten="222,510,258,10" oya="1" hai0="77,115,19,55,71,90,26,117,133,3,100,30,59" hai1="64,21,54,23,60,13,131,44,62,116,63,111,56" hai2="17,69,86,37,108,35,125,80,51,42,14,104,8" hai3="66,49,113,10,74,18,124,105,45,102,87,106,92"/><U93/><E116/><V20/><F35/><W82/><G113/><T118/><D115/><U135/><E131/><V72/><F72/><W81/><G124/><T46/><D71/><U101/><E135/><V129/><F37/><W103/><G74/><T76/><D3/><U94/><E111/><V29/><F104/><W27/><G106/><T70/><D70/><U57/><E101/><V121/><F69/><W32/><G105/><T89/><D133/><U52/><E13/><V53/><F129/><W48/><G32/><T38/><D100/><U36/><E36/><V97/><F97/><W50/><G45/><T31/><D46/><U39/><E39/><V91/><F108/><W120/><G120/><T43/><D43/><U7/><E7/><V6/><F125/><W130/><G130/><T99/><D38/><U9/><E9/><V73/><F73/><W84/><G10/><T112/><D112/><U119/><E119/><V83/><F29/><N who="0" m="10762" /><D118/><U58/><E44/><N who="2" m="27879" /><F42/><W1/><G1/><T24/><D99/><U25/><E23/><V134/><F134/><W34/><G34/><T28/><D19/><AGARI ba="3,0" hai="19,21,25,52,54,56,57,58,60,62,63,64,93,94" machi="19" ten="30,12000,1" yaku="7,1,9,1,8,1,52,1,54,1" doraHai="61" who="1" fromWho="0" sc="222,-129,510,129,258,0,10,0" /><INIT seed="1,4,0,0,0,105" ten="93,639,258,10" oya="1" hai0="113,7,62,60,76,120,109,55,15,64,28,90,8" hai1="18,4,108,26,36,72,42,1,118,133,106,97,53" hai2="104,9,73,70,66,45,115,67,54,65,21,77,100" hai3="69,27,16,117,58,41,49,6,74,79,99,14,75"/><U95/><E118/><V0/><F21/><W84/><G69/><T37/><D113/><U17/><E106/><V85/><F85/><W80/><G117/><T20/><D37/><U110/><E133/><V59/><F59/><W48/><G99/><T102/><D109/><N who="1" m="42091" /><E72/><V96/><F54/><W122/><G122/><T56/><D76/><U50/><E42/><V25/><F66/><W130/><G130/><T134/><D102/><N who="1" m="60735" /><E36/><V86/><F73/><W44/><G27/><N who="0" m="16487" /><D134/><U31/><E4/><V19/><F25/><W131/><G131/><T128/><D120/><U68/><E1/><V51/><F0/><W127/><G127/><T33/><D33/><N who="1" m="20727" /><E68/><V93/><F70/><W35/><G35/><T43/><D43/><U132/><E132/><V94/><F104/><W82/><G82/><T107/><D107/><U63/><E63/><V83/><F115/><W91/><G91/><T78/><D90/><U103/><E103/><V124/><F124/><W22/><REACH who="3" step="1"/><G6/><REACH who="3" ten="93,639,258,0" step="2"/><N who="0" m="3479" /><D128/><U57/><AGARI ba="4,1" hai="17,18,50,53,57" m="20727,60735,42091" machi="57" ten="30,3000,0" yaku="14,1,10,1" doraHai="105" who="1" fromWho="1" sc="93,-14,639,52,258,-14,0,-14" owari="79,-32.1,691,79.1,244,4.4,-14,-51.4" /></mjloggm>