<mjloggm ver="2.3"><GO type="169" lobby="0"/><UN n0="%4D%41%43%4F%54%4F" n1="%E3%83%87%E3%83%A9%E3%82%B3%E3%83%83%E3%82%B3" n2="%58%E7%8C%AB" n3="%4E%55%44%41" dan="16,16,16,17" rate="2059.49,2143.52,2079.45,2171.15" sx="F,M,M,M"/><TAIKYOKU oya="0"/><INIT seed="0,0,0,5,0,78" ten="250,250,250,250" oya="0" hai0="29,35,50,111,109,44,117,128,134,61,16,88,99" hai1="32,100,58,27,73,40,116,93,122,103,28,90,4" hai2="96,57,106,79,101,67,65,38,15,71,83,62,10" hai3="112,66,63,22,98,55,115,119,130,60,34,104,30"/><T42/><D117/><U121/><E116/><V89/><F38/><W49/><G119/><T94/><D128/><U84/><E4/><V124/><F124/><W5/><G130/><T46/><D134/><U82/><E40/><V48/><F89/><W53/><G22/><T37/><D61/><U43/><E43/><V41/><F71/><N who="3" m="42439" /><G5/><T72/><D72/><U80/><E58/><V120/><F120/><W21/><G21/><T132/><D132/><U76/><REACH who="1" step="1"/><E93/><REACH who="1" ten="250,240,250,250" step="2"/><V52/><F41/><W81/><G115/><T105/><D105/><U25/><E25/><V69/><F69/><W86/><G112/><T26/><D46/><U75/><E75/><V6/><REACH who="2" step="1"/><F62/><REACH who="2" ten="250,240,240,250" step="2"/><W92/><G63/><T3/><D37/><U51/><E51/><V20/><F20/><W56/><G49/><T85/><D50/><U33/><E33/><V129/><F129/><W95/><G34/><T68/><D42/><U9/><E9/><V11/><F11/><W102/><G56/><T59/><D59/><U17/><E17/><V45/><F45/><W64/><G30/><T125/><D16/><U131/><E131/><V0/><F0/><W126/><G126/><T108/><D125/><U14/><E14/><V24/><F24/><W7/><G7/><T113/><D3/><U12/><E12/><V39/><F39/><W2/><G2/><T97/><D113/><U74/><E74/><AGARI ba="0,2" hai="6,10,15,48,52,57,65,67,74,79,83,96,101,106" machi="74" ten="30,7700,0" yaku="1,1,7,1,52,1,54,1,53,0" doraHai="78" doraHaiUra="87" who="2" fromWho="1" sc="250,0,240,-77,240,97,250,0" /><INIT seed="1,0,0,1,2,47" ten="250,163,337,250" oya="1" hai0="77,28,115,56,36,2,55,123,93,66,63,131,44" hai1="100,119,65,27,122,98,126,11,64,72,132,16,7" hai2="40,22,120,84,13,17,5,15,133,39,1,37,41" hai3="69,101,8,108,91,92,0,52,54,105,34,94,20"/><U129/><E119/><V114/><F120/><W71/><G34/><T124/><D2/><U59/><E122/><V32/><F1/><W29/><G105/><T70/><D123/><U10/><E72/><V58/><F32/><W117/><G117/><T3/><D3/><U103/><E132/><V74/><F74/><W106/><G106/><T26/><D115/><U38/><E38/><V57/><F133/><W35/><G35/><T53/><D131/><U130/><E126/><V88/><F114/><W68/><G108/><T42/><D124/><U24/><E59/><N who="2" m="22539" /><F39/><W104/><G104/><T62/><D77/><U107/><E107/><V60/><F60/><W116/><G116/><T121/><D121/><U43/><E98/><V99/><F99/><W109/><G101/><T75/><D93/><U85/><E85/><V89/><F37/><W21/><G109/><T50/><D75/><U61/><E61/><V51/><F89/><W113/><G113/><T128/><D128/><U76/><E76/><V110/><F110/><W33/><G33/><T79/><D79/><U81/><E7/><V30/><F30/><W82/><G82/><T31/><D26/><U111/><E111/><V87/><F87/><N who="3" m="52351" /><G94/><T95/><D95/><U19/><REACH who="1" step="1"/><E81/><REACH who="1" ten="250,153,337,250" step="2"/><N who="2" m="49167" /><F5/><W45/><G69/><T46/><AGARI ba="0,1" hai="28,31,36,42,44,46,50,53,55,56,62,63,66,70" machi="46" ten="20,2700,0" yaku="0,1,7,1,52,1" doraHai="47" who="0" fromWho="0" sc="250,37,153,-13,337,-7,250,-7" /><INIT seed="2,0,0,0,1,98" ten="287,140,330,243" oya="2" hai0="27,125,105,24,16,13,63,118,54,49,116,132,14" hai1="69,101,12,19,96,53,1,84,131,76,51,57,66" hai2="55,0,120,2,11,94,48,113,43,10,40,29,56" hai3="86,30,135,74,44,62,22,89,128,90,26,6,123"/><V28/><F120/><W133/><G123/><T73/><D73/><U58/><E131/><V25/><F113/><W114/><G74/><T110/><D110/><U34/><E1/><V92/><F0/><W50/><G128/><T121/><D121/><U117/><E117/><N who="0" m="45161" /><D132/><N who="3" m="50761" /><G114/><T4/><D63/><U119/><E119/><V64/><F64/><W39/><G39/><T127/><D105/><U65/><E34/><V72/><F72/><W21/><G6/><T68/><D68/><U124/><E124/><N who="0" m="47689" /><D14/><U32/><E32/><V122/><F122/><W106/><G106/><T52/><D4/><U59/><E84/><V23/><F2/><W18/><G86/><T67/><D67/><U35/><E35/><V60/><F60/><W111/><G62/><T5/><D5/><U115/><E115/><V88/><F10/><W75/><G111/><T83/><D83/><U112/><E112/><V91/><F11/><W9/><G9/><N who="0" m="6191" /><D54/><U100/><E69/><V8/><F8/><W134/><G75/><T80/><D80/><U20/><E96/><N who="2" m="57351" /><F40/><N who="3" m="24839" /><G134/><T79/><D79/><U87/><E66/><V104/><F43/><W15/><AGARI ba="0,0" hai="15,18,21,22,26,30,89,90" m="24839,50761" machi="15" ten="30,1100,0" yaku="20,1" doraHai="98" who="3" fromWho="3" sc="287,-3,140,-3,330,-5,243,11" /><INIT seed="3,0,0,1,5,15" ten="284,137,325,254" oya="3" hai0="122,125,39,126,56,84,3,42,111,17,73,128,4" hai1="134,66,95,61,102,20,113,92,115,68,89,18,106" hai2="60,55,133,87,121,38,40,135,116,77,58,16,63" hai3="31,98,127,129,108,71,59,103,34,37,80,96,47"/><W83/><G129/><T29/><D122/><U46/><E134/><N who="2" m="51211" /><F116/><W105/><G127/><T44/><D73/><U49/><E106/><V36/><F121/><W6/><G71/><T70/><D70/><U118/><E102/><V82/><F40/><W5/><G108/><T43/><D43/><U97/><E95/><V9/><F63/><W11/><G96/><T114/><D111/><U110/><E110/><V57/><F57/><W10/><G59/><T109/><D109/><U14/><REACH who="1" step="1"/><E118/><REACH who="1" ten="284,127,325,254" step="2"/><V45/><F45/><W62/><G103/><T124/><D124/><U72/><E72/><V131/><F131/><W86/><G105/><T74/><D128/><U26/><E26/><V76/><F76/><W1/><G83/><T53/><D74/><U90/><E90/><V93/><F93/><W67/><G80/><T0/><D125/><U91/><E91/><V2/><F2/><W51/><G1/><T30/><D0/><U35/><E35/><V28/><F28/><W12/><G31/><T88/><D30/><U21/><E21/><V104/><F104/><W48/><G34/><T112/><D29/><U13/><E13/><AGARI ba="0,1" hai="9,13,16,36,38,55,58,60,77,82,87" m="51211" machi="13" ten="30,3900,0" yaku="20,1,52,1,54,1" doraHai="15" who="2" fromWho="1" sc="284,0,127,-39,325,49,254,0" /><INIT seed="4,0,0,5,2,50" ten="284,88,374,254" oya="0" hai0="127,11,17,16,39,125,12,124,32,86,128,65,22" hai1="9,19,25,82,23,118,24,41,37,61,59,120,58" hai2="51,74,77,126,108,119,84,63,55,79,111,93,95" hai3="129,56,67,4,110,8,54,135,98,87,85,38,48"/><T122/><D39/><U134/><E118/><V31/><F63/><W44/><G110/><T35/><D65/><U83/><E120/><V76/><F31/><W88/><G129/><T96/><D122/><U116/><E116/><V57/><F119/><W101/><G135/><T104/><D86/><U36/><E134/><V64/><F74/><W100/><G85/><T66/><D66/><U42/><E9/><V0/><F0/><W43/><G98/><T20/><D128/><U6/><E6/><V94/><F64/><W80/><REACH who="3" step="1"/><G67/><REACH who="3" ten="284,88,374,244" step="2"/><T15/><D96/><U75/><E75/><V45/><F84/><W73/><G73/><T34/><D104/><U53/><E61/><V71/><F126/><W81/><G81/><T105/><D105/><U130/><E130/><V78/><F71/><W26/><G26/><T7/><D125/><U68/><E68/><V89/><F111/><W109/><G109/><T115/><D115/><U47/><E83/><V30/><F108/><W10/><G10/><T103/><D103/><U72/><E82/><V99/><F99/><W70/><G70/><T117/><D117/><U102/><E72/><V18/><F95/><W97/><G97/><T112/><D112/><U121/><E102/><V13/><F94/><W28/><G28/><T132/><D132/><U46/><E121/><V14/><F30/><W33/><G33/><T27/><AGARI ba="0,1" hai="7,11,12,15,16,17,20,22,27,32,34,35,124,127" machi="27" ten="40,12000,1" yaku="0,1,34,3,54,1" doraHai="50" who="0" fromWho="0" sc="284,130,88,-40,374,-40,244,-40" /><INIT seed="4,1,0,1,4,49" ten="414,48,334,204" oya="0" hai0="118,40,107,45,134,114,131,53,130,3,100,67,18" hai1="84,15,105,61,83,126,90,82,79,102,39,72,81" hai2="74,71,129,88,70,27,52,47,99,60,50,13,57" hai3="113,121,25,29,119,26,6,63,94,98,16,2,93"/><T46/><D118/><U55/><E39/><V59/><F74/><W108/><G119/><T97/><D3/><U89/><E15/><V92/><F129/><N who="0" m="49162" /><D114/><U7/><E7/><V0/><F0/><W22/><G108/><T66/><D134/><U125/><E55/><V48/><F13/><W68/><G113/><T117/><D117/><U128/><E61/><V43/><F27/><W54/><G121/><T91/><D91/><U65/><E65/><AGARI ba="1,0" hai="43,47,48,50,52,57,59,60,65,70,71,88,92,99" machi="65" ten="30,7700,0" yaku="7,1,52,1,54,2" doraHai="49" who="2" fromWho="1" sc="414,0,48,-80,334,80,204,0" owari="414,51.4,-32,-53.2,414,21.4,204,-19.6" /></mjloggm>