<mjloggm ver="2.3"><GO type="169" lobby="0"/><UN n0="%E3%81%88%E3%81%84%E3%81%8D%E3%81%A1%40%35%6D%66" n1="%6F%6C%69%76%65%72" n2="%E6%9C%AC%E5%AE%B6%E3%81%8B%E3%81%BE%E3%81%A9%E3%82%84" n3="%E3%83%8F%E3%82%BF%E3%83%A2%E3%83%88%E3%83%92%E3%83%AD" dan="17,16,16,17" rate="2214.42,2051.39,2120.63,2157.50" sx="M,M,M,M"/><TAIKYOKU oya="0"/><INIT seed="0,0,0,3,5,121" ten="250,250,250,250" oya="0" hai0="84,128,133,62,120,38,116,20,79,6,30,19,106" hai1="93,8,70,115,88,25,17,63,101,21,87,52,55" hai2="26,135,102,83,76,49,60,125,126,34,24,54,15" hai3="104,66,27,10,73,28,103,85,71,11,65,64,78"/><T29/><D120/><U107/><E115/><V41/><F135/><W68/><G73/><T1/><D116/><U37/><E37/><V50/><F102/><W97/><G78/><T117/><D117/><U47/><E107/><V75/><F15/><W0/><G85/><T39/><D106/><U5/><E101/><V89/><F89/><W31/><G0/><T13/><D133/><U43/><E70/><V124/><F34/><W33/><REACH who="3" step="1"/><G31/><REACH who="3" ten="250,250,250,240" step="2"/><T80/><D30/><U23/><E87/><V81/><F81/><W12/><G12/><T110/><D29/><U42/><E93/><V2/><F2/><W130/><G130/><T67/><D128/><U69/><E43/><V48/><F41/><W56/><G56/><AGARI ba="0,1" hai="24,26,48,49,50,54,56,60,75,76,83,124,125,126" machi="56" ten="50,1600,0" yaku="18,1" doraHai="121" who="2" fromWho="3" sc="250,0,250,0,250,26,240,-16" /><INIT seed="1,0,0,5,4,85" ten="250,250,276,224" oya="1" hai0="110,23,36,49,17,0,116,71,75,5,25,32,79" hai1="47,41,55,66,91,12,13,105,24,20,101,28,104" hai2="73,99,44,95,88,78,62,8,86,109,16,30,128" hai3="27,33,18,102,134,31,127,97,19,39,22,26,38"/><U46/><E66/><V37/><F109/><W11/><G127/><T94/><D36/><U64/><E64/><V50/><F128/><W10/><G134/><T52/><D116/><U98/><E105/><V130/><F130/><W132/><G132/><T68/><D110/><U87/><E55/><V118/><F118/><W122/><G122/><T58/><D75/><U59/><E59/><V53/><F73/><W93/><G11/><T45/><D79/><U80/><REACH who="1" step="1"/><E47/><REACH who="1" ten="250,240,276,224" step="2"/><V90/><F78/><W70/><G70/><T63/><D68/><U83/><E83/><N who="2" m="49247" /><F37/><AGARI ba="0,1" hai="12,13,20,24,28,37,41,46,80,87,91,98,101,104" machi="37" ten="30,5800,0" yaku="1,1,7,1,52,1,53,0" doraHai="85" doraHaiUra="117" who="1" fromWho="2" sc="250,0,240,68,276,-58,224,0" /><INIT seed="1,1,0,4,5,26" ten="250,308,218,224" oya="1" hai0="30,133,67,21,65,55,128,12,10,8,88,120,87" hai1="61,40,32,130,18,103,5,44,19,23,52,126,89" hai2="119,57,28,85,86,54,106,59,69,104,22,127,56" hai3="25,102,96,110,123,1,108,131,82,0,124,135,84"/><U105/><E32/><V62/><F119/><W101/><G123/><T64/><D120/><U70/><E5/><V3/><F3/><W48/><G124/><T7/><D128/><U71/><E126/><V75/><F75/><W58/><G131/><T90/><D133/><U111/><E130/><V118/><F118/><W53/><G135/><T107/><D107/><U68/><E111/><N who="3" m="42538" /><G25/><N who="0" m="16687" /><D10/><U34/><E34/><V83/><F69/><W97/><G97/><T125/><D125/><U51/><E89/><N who="0" m="34409" /><D55/><U45/><E105/><V95/><F54/><W79/><G101/><T49/><D49/><U16/><E103/><V41/><F41/><W121/><G121/><T81/><D67/><U100/><E100/><V93/><F106/><AGARI ba="1,0" hai="0,1,48,53,58,79,82,84,96,102,106" m="42538" machi="106" ten="30,1000,0" yaku="14,1" doraHai="26" who="3" fromWho="2" sc="250,0,308,0,218,-13,224,13" /><INIT seed="2,0,0,5,0,23" ten="250,308,205,237" oya="2" hai0="102,96,69,37,9,133,48,121,7,6,110,56,98" hai1="97,82,54,77,111,116,2,34,130,31,112,85,0" hai2="66,94,60,107,29,68,5,40,16,27,21,28,11" hai3="118,129,86,76,25,135,88,17,39,83,127,105,103"/><V62/><F107/><W20/><G118/><T41/><D121/><U91/><E116/><V4/><F40/><W49/><G39/><T67/><D110/><U125/><E112/><V63/><F5/><W10/><G127/><T126/><D126/><U52/><E111/><V109/><F109/><W120/><G120/><T70/><D133/><U46/><E125/><V100/><F68/><W74/><G135/><T73/><D73/><U92/><E130/><V15/><F66/><W87/><G129/><T51/><D37/><U115/><E115/><V84/><F84/><W132/><G86/><T104/><D98/><AGARI ba="0,0" hai="4,11,15,16,21,27,28,29,60,62,63,94,98,100" machi="98" ten="40,7700,0" yaku="8,1,52,1,54,1" doraHai="23" who="2" fromWho="0" sc="250,-77,308,0,205,77,237,0" /><INIT seed="2,1,0,2,2,78" ten="173,308,282,237" oya="2" hai0="130,0,62,11,87,30,32,79,94,47,131,75,124" hai1="106,36,71,35,85,81,53,112,80,102,95,68,6" hai2="70,38,111,92,97,128,24,83,45,43,89,28,52" hai3="110,72,58,69,126,37,90,115,64,74,121,86,55"/><V26/><F128/><N who="0" m="49194" /><D124/><U98/><E112/><V18/><F70/><W132/><G121/><T105/><D105/><U41/><E35/><V12/><F111/><W22/><G132/><T13/><D0/><U66/><E6/><V63/><F28/><W61/><G115/><T88/><D62/><U122/><E122/><V14/><F14/><W59/><G110/><T114/><D114/><U104/><E66/><V120/><F120/><W5/><G126/><T8/><D47/><U108/><E108/><V99/><F99/><W135/><G135/><T129/><N who="0" m="49202" /><T125/><DORA hai="25" /><D125/><U91/><E104/><V56/><REACH who="2" step="1"/><F83/><REACH who="2" ten="173,308,272,237" step="2"/><W101/><G69/><T100/><D13/><U119/><E71/><V65/><F65/><W57/><G64/><T134/><D134/><U39/><E68/><V54/><F54/><W76/><G55/><T93/><D30/><U46/><E119/><V50/><F50/><W23/><G61/><T9/><D32/><U15/><E39/><V3/><F3/><W113/><G113/><T133/><D133/><U123/><E123/><V34/><F34/><W2/><G37/><T44/><D8/><AGARI ba="1,1" hai="8,12,18,24,26,38,43,45,52,56,63,89,92,97" machi="8" ten="30,12000,1" yaku="1,1,7,1,54,1,53,2" doraHai="78,25" doraHaiUra="21,118" who="2" fromWho="0" sc="173,-123,308,0,272,133,237,0" /><INIT seed="2,2,0,2,1,20" ten="50,308,405,237" oya="2" hai0="16,134,69,79,102,44,24,50,40,78,6,37,29" hai1="111,62,39,65,57,21,49,32,59,67,110,1,107" hai2="63,125,127,98,0,94,7,48,43,42,106,92,113" hai3="60,90,11,53,76,114,80,93,108,75,66,103,122"/><V101/><F113/><W47/><G122/><T70/><D134/><U97/><E1/><V129/><F129/><W30/><G108/><N who="1" m="41514" /><E32/><V86/><F63/><W89/><G11/><T46/><D6/><U45/><E97/><V104/><F104/><W87/><G103/><T96/><D70/><U71/><E21/><V88/><F106/><W112/><G30/><T55/><D69/><U38/><E107/><V99/><F99/><W72/><G72/><T64/><D64/><U14/><E14/><V4/><F48/><W121/><G121/><T22/><REACH who="0" step="1"/><D29/><REACH who="0" ten="40,308,405,237" step="2"/><U36/><E67/><V74/><F7/><W130/><G66/><T128/><D128/><U51/><E51/><V119/><F4/><W2/><G130/><T12/><D12/><U3/><E3/><V82/><F0/><W61/><G2/><T83/><D83/><U95/><E95/><AGARI ba="2,1" hai="16,22,24,37,40,44,46,50,55,78,79,95,96,102" machi="95" ten="30,7700,0" yaku="1,1,7,1,52,1,54,1,53,0" doraHai="20" doraHaiUra="54" who="0" fromWho="1" sc="40,93,308,-83,405,0,237,0" /><INIT seed="3,0,0,0,2,124" ten="133,225,405,237" oya="3" hai0="12,28,115,63,56,57,100,22,10,102,78,31,46" hai1="19,11,42,128,6,70,24,60,40,54,41,53,61" hai2="96,76,73,106,125,84,16,72,38,113,0,135,130" hai3="13,114,122,85,33,123,29,126,92,117,101,39,36"/><W58/><G114/><T1/><D115/><U43/><N who="1" m="10240" /><DORA hai="132" /><U32/><E128/><V81/><F38/><W34/><G13/><T82/><D1/><U133/><E133/><V55/><F0/><W26/><G58/><T129/><D46/><U62/><E70/><V103/><F135/><W52/><G52/><T77/><D129/><U20/><REACH who="1" step="1"/><E32/><REACH who="1" ten="133,215,405,237" step="2"/><V105/><F130/><W7/><G33/><T9/><D57/><U93/><E93/><V48/><F113/><W67/><G92/><T119/><D56/><U74/><E74/><V18/><F106/><W35/><G35/><T68/><D68/><U21/><E21/><V71/><F71/><W27/><G34/><T51/><D22/><U59/><E59/><V69/><F69/><W80/><G36/><T3/><D51/><U49/><E49/><V94/><F105/><W131/><G39/><T134/><D134/><U88/><E88/><V90/><F73/><W121/><G131/><T17/><D63/><U110/><E110/><V86/><F72/><W37/><G37/><T108/><D108/><U118/><E118/><V89/><F89/><W44/><G117/><T4/><D119/><U64/><E64/><V104/><F90/><W95/><G67/><T111/><D111/><U23/><E23/><V25/><F94/><W47/><G95/><T79/><REACH who="0" step="1"/><D82/><REACH who="0" ten="123,215,405,237" step="2"/><U8/><E8/><V116/><F81/><W2/><G80/><T109/><D109/><U50/><E50/><V127/><F48/><W5/><G47/><T75/><D75/><U45/><E45/><V99/><F116/><W112/><G44/><RYUUKYOKU ba="0,2" sc="123,15,215,15,405,-15,237,-15" hai0="3,4,9,10,12,17,28,31,77,78,79,100,102" hai1="6,11,19,20,24,53,54,60,61,62" /><INIT seed="4,1,2,0,0,4" ten="138,230,390,222" oya="0" hai0="98,37,94,60,125,80,120,33,64,14,132,73,53" hai1="88,127,6,41,63,95,0,7,22,101,26,79,10" hai2="34,99,19,51,65,40,3,20,78,11,59,118,15" hai3="68,102,35,27,82,81,30,5,46,47,32,12,62"/><T109/><D120/><U108/><E108/><V93/><F34/><W119/><G119/><T29/><D37/><U106/><E127/><V28/><F78/><W121/><G32/><T133/><D125/><U70/><E79/><V117/><F40/><W50/><G47/><T100/><D109/><U129/><E41/><V110/><F110/><W74/><G121/><T18/><D53/><U49/><E49/><V39/><F39/><W54/><G74/><T21/><D80/><U8/><E129/><V58/><F51/><W31/><G31/><T111/><D73/><U66/><E101/><V16/><F28/><W72/><G72/><T24/><REACH who="0" step="1"/><D111/><REACH who="0" ten="128,230,390,222" step="2"/><U115/><E115/><V105/><F117/><W96/><G81/><T71/><AGARI ba="1,3" hai="14,18,21,24,29,33,60,64,71,94,98,100,132,133" machi="71" ten="30,6000,0" yaku="1,1,2,1,0,1,53,0" doraHai="4" doraHaiUra="104" who="0" fromWho="0" sc="128,93,230,-21,390,-21,222,-21" /><INIT seed="4,2,0,3,3,59" ten="221,209,369,201" oya="0" hai0="32,14,20,79,123,33,31,130,60,112,27,45,18" hai1="80,126,9,111,69,46,93,115,122,29,99,3,42" hai2="114,82,120,70,63,15,4,127,39,76,132,108,87" hai3="119,106,6,44,86,10,41,61,62,28,125,89,37"/><T74/><D123/><U135/><E111/><V23/><F39/><W22/><G119/><T131/><D112/><U118/><E118/><V34/><F34/><W110/><G110/><T48/><D79/><U68/><E122/><V64/><F108/><W50/><G106/><T97/><D74/><U0/><E29/><V84/><F127/><W133/><G125/><T77/><D77/><U98/><E126/><V13/><F132/><W102/><G102/><T54/><D97/><U12/><E80/><V95/><F4/><W113/><G113/><T128/><REACH who="0" step="1"/><D60/><REACH who="0" ten="211,209,369,201" step="2"/><N who="3" m="23145" /><G133/><T47/><D47/><U78/><E78/><V38/><F76/><W109/><G109/><T104/><D104/><U53/><E99/><V91/><F63/><W1/><G37/><T105/><D105/><U51/><E135/><V19/><F38/><W8/><G1/><T71/><D71/><U55/><E69/><V83/><F70/><W124/><G124/><T40/><D40/><U11/><E68/><V67/><F114/><W56/><G56/><T85/><D85/><U103/><E115/><V96/><F87/><W2/><G2/><T7/><D7/><U30/><E3/><V75/><F84/><W88/><G6/><T49/><D49/><U72/><E72/><V116/><F75/><W107/><G107/><T92/><D92/><U121/><E121/><V16/><F116/><W73/><G73/><T117/><D117/><U17/><E30/><V57/><F120/><W36/><G36/><T94/><D94/><U134/><E134/><V25/><F57/><W26/><G86/><T43/><D43/><RYUUKYOKU ba="2,1" sc="211,10,209,10,369,-30,201,10" hai0="14,18,20,27,31,32,33,45,48,54,128,130,131" hai1="0,9,11,12,17,42,46,51,53,55,93,98,103" hai3="8,10,22,26,28,41,44,50,88,89" /><INIT seed="4,3,1,1,5,26" ten="221,219,339,211" oya="0" hai0="27,124,100,131,103,67,88,57,6,116,43,128,59" hai1="115,66,60,65,96,50,47,40,133,64,89,105,16" hai2="11,132,84,95,15,118,111,120,72,32,19,1,93" hai3="86,51,130,31,71,81,42,127,23,134,104,110,121"/><T56/><D116/><U52/><E133/><V29/><F111/><W8/><G110/><T102/><D124/><U122/><E122/><V77/><F72/><W87/><G127/><T94/><D6/><U34/><E34/><V109/><F109/><W62/><G134/><T9/><D9/><U20/><E115/><V112/><F120/><W22/><G121/><T129/><D43/><U24/><E105/><V12/><F1/><W55/><G130/><T5/><D5/><U25/><E25/><V61/><F112/><W68/><G104/><T85/><D27/><U36/><E36/><V35/><F84/><W2/><G42/><T125/><D125/><U30/><E40/><V74/><F74/><W79/><G87/><T4/><D4/><U106/><E60/><AGARI ba="3,1" hai="56,57,59,60,67,85,88,94,100,102,103,128,129,131" machi="60" ten="50,4800,0" yaku="19,1,54,1" doraHai="26" who="0" fromWho="1" sc="221,67,219,-57,339,0,211,0" /><INIT seed="4,4,0,0,1,114" ten="288,162,339,211" oya="0" hai0="93,87,116,6,31,129,71,28,122,128,47,15,62" hai1="24,74,40,81,101,126,64,97,22,83,51,27,117" hai2="60,134,32,86,54,19,44,84,53,79,88,112,107" hai3="38,95,123,106,133,55,34,49,91,73,115,5,8"/><T105/><D122/><U132/><E126/><V124/><F107/><W98/><G38/><T25/><D105/><U78/><E132/><V16/><F32/><W120/><G115/><T18/><D6/><U104/><E83/><N who="2" m="47231" /><F124/><W90/><G34/><T82/><D93/><U65/><E27/><V66/><F134/><W2/><G73/><T43/><D62/><U52/><E117/><V48/><F66/><W127/><G106/><T17/><D71/><U33/><E33/><V56/><F112/><W7/><G7/><T3/><D3/><U0/><E0/><V36/><F36/><W57/><G133/><T13/><D116/><U125/><E40/><V29/><F29/><W11/><G8/><T50/><D25/><U135/><E125/><V26/><F26/><W89/><REACH who="3" step="1"/><G127/><REACH who="3" ten="288,162,339,201" step="2"/><T45/><D128/><U21/><E135/><V119/><F119/><W72/><G72/><T42/><D129/><U99/><E22/><V10/><F10/><W109/><G109/><T69/><D69/><U103/><E21/><V58/><F44/><W111/><G111/><T67/><D47/><U102/><E104/><V113/><F113/><W130/><G130/><T110/><D45/><U68/><E68/><V35/><F35/><W76/><G76/><T63/><D110/><U4/><E4/><V23/><F23/><W80/><G80/><AGARI ba="4,1" hai="16,19,48,53,54,56,58,60,80,86,88" m="47231" machi="80" ten="30,3900,0" yaku="8,1,54,2" doraHai="114" who="2" fromWho="3" sc="288,0,162,0,339,61,201,-51" /><INIT seed="5,0,0,3,3,41" ten="288,162,400,150" oya="1" hai0="128,46,111,70,86,17,80,96,11,134,81,64,89" hai1="71,13,133,19,14,47,54,107,48,88,126,99,27" hai2="125,98,39,38,18,104,45,23,15,105,8,55,101" hai3="78,56,119,62,90,121,9,35,53,65,103,76,49"/><U109/><E126/><V72/><F72/><W110/><G110/><T63/><D111/><U58/><E109/><V118/><F118/><W131/><G121/><T37/><D128/><U102/><E71/><V84/><F105/><W0/><G131/><T87/><D134/><U127/><E127/><V33/><F33/><W79/><G35/><T73/><D73/><U94/><E133/><V112/><F112/><W25/><G119/><T106/><D106/><U113/><E113/><V6/><F84/><W42/><G103/><T40/><D96/><U83/><E83/><V129/><F129/><W31/><G42/><T16/><REACH who="0" step="1"/><D11/><REACH who="0" ten="278,162,400,150" step="2"/><U100/><E107/><V7/><F8/><W21/><G9/><T91/><AGARI ba="0,1" hai="16,17,37,40,46,63,64,70,80,81,86,87,89,91" machi="91" ten="20,16000,3" yaku="1,1,2,1,0,1,7,1,9,1,52,1,54,1,53,2" doraHai="41" doraHaiUra="85" who="0" fromWho="0" sc="278,170,162,-80,400,-40,150,-40" /><INIT seed="6,0,0,3,5,97" ten="448,82,360,110" oya="2" hai0="60,13,96,6,48,23,130,67,98,14,88,79,39" hai1="103,86,112,106,59,10,12,40,89,2,62,19,58" hai2="75,104,94,100,26,131,27,4,116,53,18,105,55" hai3="35,65,31,127,9,77,133,38,36,117,113,91,93"/><V110/><F116/><W120/><G117/><T121/><D39/><U66/><E112/><V56/><F75/><W11/><G120/><T129/><D121/><U61/><E2/><V85/><F131/><N who="0" m="50186" /><D79/><U49/><E40/><V95/><F110/><W30/><G65/><T92/><D48/><U115/><E115/><V1/><F4/><W123/><G11/><N who="0" m="4343" /><D23/><U34/><E34/><V43/><F1/><W7/><G113/><T17/><D17/><U101/><E106/><V102/><F43/><W32/><G123/><T51/><D51/><U57/><E49/><V69/><F18/><W125/><G77/><T52/><D14/><U16/><E19/><V22/><F56/><N who="1" m="21609" /><E62/><V8/><F8/><W119/><G119/><T90/><D52/><U83/><AGARI ba="0,0" hai="10,12,16,59,61,66,83,86,89,101,103" m="21609" machi="83" ten="30,7900,0" yaku="8,1,52,2,54,1" doraHai="97" who="1" fromWho="1" sc="448,-20,82,79,360,-39,110,-20" /><INIT seed="7,0,0,1,1,44" ten="428,161,321,90" oya="3" hai0="135,93,22,13,68,14,2,49,51,84,64,19,125" hai1="103,32,102,45,34,117,46,11,59,17,134,111,128" hai2="133,53,120,72,92,58,21,112,15,118,115,36,20" hai3="0,70,31,116,10,5,74,28,41,39,24,57,132"/><W25/><G70/><T26/><D2/><U104/><E111/><V52/><F118/><W127/><G116/><T50/><D125/><U122/><E122/><V60/><F133/><W12/><G132/><T16/><D135/><U65/><E104/><V95/><F72/><W123/><G123/><T63/><D93/><U77/><E77/><V73/><F73/><W69/><G69/><T82/><D19/><U79/><E79/><V96/><F36/><W55/><G74/><T81/><D81/><U35/><E128/><V80/><F80/><W6/><G127/><T126/><D126/><U47/><E134/><V78/><F78/><W91/><G39/><T119/><D119/><U83/><E83/><V131/><F131/><W3/><G41/><T85/><D85/><U94/><E94/><V105/><F15/><W30/><G91/><T129/><D129/><U90/><E90/><V101/><F120/><W97/><G97/><T106/><D106/><U38/><E38/><V114/><F53/><W43/><G43/><T1/><D1/><N who="3" m="585" /><G57/><T99/><D99/><U75/><E75/><V89/><F105/><W9/><G55/><T67/><D67/><U8/><E117/><V37/><F37/><W121/><G121/><T108/><D108/><U86/><E102/><V100/><F101/><W56/><G56/><T66/><D66/><U124/><E103/><V130/><F100/><W4/><G12/><T113/><D13/><N who="1" m="7335" /><E124/><V87/><F130/><W42/><G42/><T40/><D40/><U7/><E86/><V98/><F98/><W18/><G18/><T48/><D16/><RYUUKYOKU ba="0,0" sc="428,-15,161,-15,321,15,90,15" hai2="20,21,52,58,60,87,89,92,95,96,112,114,115" hai3="4,5,6,9,10,24,25,28,30,31" /><INIT seed="7,1,0,2,0,48" ten="413,146,336,105" oya="3" hai0="2,131,65,70,21,40,32,30,72,88,28,26,79" hai1="31,134,73,130,104,109,33,68,27,17,3,0,93" hai2="15,75,76,107,41,83,122,44,37,53,108,84,14" hai3="63,66,113,127,135,96,91,10,102,1,106,16,132"/><W62/><G113/><T85/><D2/><U95/><E109/><V25/><F108/><W36/><G36/><T120/><D120/><U69/><E73/><V24/><F107/><W55/><G127/><T97/><D40/><U99/><E17/><V118/><F118/><W133/><G91/><T7/><D7/><U105/><E95/><V86/><F75/><W6/><G16/><T8/><D97/><U35/><E93/><V47/><F86/><W51/><REACH who="3" step="1"/><G66/><REACH who="3" ten="413,146,336,95" step="2"/><T49/><D65/><U71/><E130/><V94/><F37/><W124/><G124/><T52/><D88/><U125/><E125/><V12/><F122/><W90/><G90/><T57/><D131/><U100/><E134/><V5/><F5/><W80/><G80/><T115/><D115/><U4/><E4/><V119/><F83/><W54/><G54/><T87/><D52/><U42/><E42/><V81/><F53/><W78/><G78/><T82/><D82/><U98/><E35/><V67/><F67/><W11/><G11/><T18/><D8/><U114/><E114/><V126/><F126/><W103/><G103/><AGARI ba="1,1" hai="0,3,27,31,33,68,69,71,98,99,100,103,104,105" machi="103" ten="40,8000,1" yaku="9,1,33,3" doraHai="48" who="1" fromWho="3" sc="413,0,146,93,336,0,95,-83" owari="413,51.3,239,-16.1,336,13.6,12,-48.8" /></mjloggm>