<mjloggm ver="2.3"><GO type="169" lobby="0"/><UN n0="%E6%95%97%E5%8C%97%E8%80%85%E3%81%AD%E3%82%8B" n1="%E3%81%82%E3%82%8B%E8%A8%BC%E6%98%8E%EF%BF%A1" n2="%6F%69%6E%61%72%69%6E%67" n3="%E4%BF%BA%54%55%45%45%45%45%45" dan="17,16,16,17" rate="2203.23,2099.55,2077.73,2212.88" sx="F,M,M,M"/><TAIKYOKU oya="0"/><INIT seed="0,0,0,3,3,36" ten="250,250,250,250" oya="0" hai0="64,1,99,100,131,0,45,74,46,15,25,127,125" hai1="5,57,94,91,90,117,82,10,29,129,120,38,130" hai2="44,18,80,67,128,107,40,56,114,77,8,63,81" hai3="62,16,87,60,14,28,52,26,12,20,51,3,42"/><T105/><D74/><U132/><E117/><V2/><F114/><W11/><G3/><T122/><D122/><U6/><E120/><V47/><F128/><W97/><G42/><T37/><D131/><N who="1" m="50187" /><E132/><V55/><F107/><W17/><G97/><T41/><D15/><U4/><E38/><V32/><F32/><W84/><G84/><T98/><D98/><N who="1" m="57687" /><E29/><V116/><F116/><W86/><G86/><T108/><D46/><U83/><E91/><V33/><F33/><W61/><G87/><T54/><D54/><U34/><E34/><V31/><F31/><W9/><REACH who="3" step="1"/><G61/><REACH who="3" ten="250,250,250,240" step="2"/><T35/><D108/><U101/><E101/><V70/><F2/><W24/><G24/><T119/><D119/><U118/><E118/><V134/><F63/><W69/><G69/><T113/><D113/><U59/><E83/><V48/><F81/><W110/><G110/><T22/><D35/><U135/><E135/><V76/><F134/><W30/><G30/><N who="0" m="17719" /><D64/><U50/><E82/><V88/><F67/><W133/><G133/><T102/><D100/><U92/><E92/><V27/><F70/><W65/><G65/><T111/><D111/><U85/><E85/><V19/><F80/><W43/><G43/><T58/><D58/><AGARI ba="0,1" hai="9,11,12,14,16,17,20,26,28,51,52,58,60,62" machi="58" ten="30,12000,2" yaku="1,1,7,1,9,1,8,1,54,2,53,0" doraHai="36" doraHaiUra="68" who="3" fromWho="0" sc="250,-120,250,0,250,0,240,130" /><INIT seed="1,0,0,4,4,85" ten="130,250,250,370" oya="1" hai0="118,133,47,125,0,25,16,70,124,9,72,91,114" hai1="51,31,96,132,61,20,39,92,135,19,43,21,129" hai2="106,14,66,49,57,30,105,60,130,83,128,103,75" hai3="78,95,26,34,62,126,121,55,123,134,90,77,100"/><U63/><E129/><N who="2" m="49771" /><F30/><W113/><G34/><T45/><D114/><U37/><E51/><V53/><F103/><W2/><G2/><T131/><D118/><U71/><E31/><V79/><F14/><W93/><G55/><T32/><D72/><U82/><E82/><V50/><F50/><W15/><G62/><N who="1" m="23562" /><E71/><AGARI ba="0,0" hai="49,53,57,60,66,71,75,79,83,105,106" m="49771" machi="71" ten="30,1000,0" yaku="19,1" doraHai="85" who="2" fromWho="1" sc="130,0,250,-10,250,10,370,0" /><INIT seed="2,0,0,5,0,22" ten="130,240,260,370" oya="2" hai0="54,92,5,104,33,130,135,120,100,71,84,56,106" hai1="19,128,8,113,50,65,86,119,55,15,133,69,74" hai2="110,66,3,12,70,49,96,7,51,13,72,45,67" hai3="31,87,101,57,2,102,89,29,25,95,114,85,134"/><V122/><F122/><W124/><G2/><T64/><D120/><U88/><E119/><V28/><F110/><W105/><G105/><T34/><D130/><U98/><E74/><V109/><F109/><W63/><G134/><T36/><D36/><U107/><E133/><V52/><F72/><W30/><G124/><T32/><D135/><U68/><E128/><V99/><F28/><W61/><G114/><T115/><D115/><U42/><E42/><V40/><F3/><W46/><G46/><T118/><D118/><U37/><E37/><V35/><F35/><W16/><G87/><T108/><D108/><U94/><E65/><N who="2" m="24587" /><F70/><W60/><G57/><T81/><D5/><U1/><E1/><V58/><F7/><W125/><G125/><T21/><D21/><AGARI ba="0,0" hai="16,21,25,29,30,31,60,61,63,85,89,95,101,102" machi="21" ten="40,5200,0" yaku="8,1,52,1,54,1" doraHai="22" who="3" fromWho="0" sc="130,-52,240,0,260,0,370,52" /><INIT seed="3,0,0,1,4,110" ten="78,240,260,422" oya="3" hai0="122,48,97,75,43,100,0,70,123,89,4,25,53" hai1="12,103,9,40,99,45,42,26,16,87,49,74,3" hai2="69,41,52,29,81,101,72,63,68,50,56,82,21" hai3="109,135,96,132,36,90,8,22,125,118,2,19,79"/><W34/><G36/><T24/><D70/><U111/><E74/><V64/><F101/><W37/><G37/><T107/><D75/><U95/><E111/><V57/><F41/><W18/><G79/><T66/><D43/><U128/><E128/><V134/><F134/><N who="3" m="51243" /><G90/><T91/><D66/><U127/><E127/><V73/><F73/><W58/><G58/><T124/><D124/><U115/><E3/><V85/><F72/><W86/><G86/><T102/><D4/><U20/><E87/><V71/><REACH who="2" step="1"/><F85/><REACH who="2" ten="78,240,250,422" step="2"/><W129/><G125/><T108/><D102/><U65/><E40/><V31/><F31/><W5/><G109/><T7/><D108/><U94/><E65/><V113/><F113/><W28/><G96/><T39/><D39/><U14/><E115/><V1/><F1/><W38/><G38/><T55/><D0/><U17/><REACH who="1" step="1"/><E94/><REACH who="1" ten="78,230,250,422" step="2"/><V121/><F121/><W61/><G2/><T119/><D123/><U112/><E112/><V78/><F78/><W62/><G129/><T10/><D122/><U11/><E11/><V88/><F88/><W30/><G8/><T67/><D91/><U32/><E32/><V46/><F46/><W114/><G34/><T133/><D89/><U6/><E6/><V98/><F98/><W35/><G35/><T76/><D7/><U54/><E54/><V23/><F23/><W77/><G22/><T93/><D53/><U33/><E33/><V60/><F60/><W105/><G5/><T51/><D55/><U126/><E126/><V116/><F116/><W130/><G118/><T27/><D107/><U47/><E47/><RYUUKYOKU ba="0,2" sc="78,-15,230,15,250,15,422,-15" hai1="9,12,14,16,17,20,26,42,45,49,95,99,103" hai2="21,29,50,52,56,57,63,64,68,69,71,81,82" /><INIT seed="4,1,2,1,4,93" ten="63,245,265,407" oya="0" hai0="114,135,49,42,84,90,85,0,99,56,81,127,30" hai1="106,34,32,25,5,111,107,13,92,72,108,118,22" hai2="104,123,63,59,10,89,15,48,78,38,79,18,45" hai3="57,3,130,113,64,77,53,14,50,76,44,122,96"/><T28/><D114/><U132/><E118/><V31/><F123/><W95/><G3/><T119/><D127/><U54/><E132/><V80/><F104/><W103/><G113/><T115/><D115/><U2/><E72/><V60/><F38/><W121/><G130/><T21/><D0/><U134/><E134/><V26/><F89/><W29/><G29/><T86/><D119/><U117/><E117/><V20/><F80/><W87/><G14/><T68/><D68/><U36/><E36/><V82/><F82/><W66/><G87/><N who="0" m="50543" /><D135/><U47/><E107/><V94/><F94/><W27/><G27/><N who="0" m="16495" /><D30/><U11/><E106/><V58/><F58/><W69/><G69/><T73/><D73/><U23/><E92/><V102/><F102/><W55/><G122/><T33/><D33/><U67/><E34/><V112/><F112/><W6/><G6/><T101/><D101/><U120/><E120/><V62/><REACH who="2" step="1"/><F59/><REACH who="2" ten="63,245,255,407" step="2"/><W35/><G121/><T51/><D56/><U9/><E108/><V17/><F17/><W12/><G57/><T129/><D129/><U116/><E111/><V16/><F16/><W100/><G100/><T131/><D131/><U61/><E116/><V41/><AGARI ba="1,3" hai="10,15,18,20,26,31,41,45,48,60,62,63,78,79" machi="41" ten="30,4000,0" yaku="1,1,0,1,8,1,53,0" doraHai="93" doraHaiUra="97" who="2" fromWho="2" sc="63,-21,245,-11,255,73,407,-11" /><INIT seed="5,0,0,0,5,61" ten="42,234,328,396" oya="1" hai0="82,2,125,110,98,32,63,88,119,8,47,120,72" hai1="130,118,60,3,133,124,127,50,58,13,128,22,100" hai2="10,112,99,45,27,104,114,20,126,123,103,77,122" hai3="54,43,81,78,85,62,9,64,49,76,34,73,12"/><U0/><E118/><V67/><F126/><N who="1" m="48169" /><E100/><V131/><F131/><N who="1" m="50217" /><E50/><V91/><F77/><W96/><G34/><T28/><D110/><U134/><E22/><V21/><F91/><W38/><G49/><T69/><D120/><U105/><E13/><V26/><F10/><W90/><G9/><T25/><D119/><U39/><E39/><V1/><F1/><N who="1" m="585" /><E105/><V40/><F20/><W107/><G107/><T84/><D125/><U113/><E113/><N who="2" m="43627" /><F21/><W135/><G12/><T57/><D69/><U30/><E30/><V106/><F106/><W83/><G38/><T31/><D31/><U55/><AGARI ba="0,0" hai="55,58,60,133,134" m="585,50217,48169" machi="55" ten="40,12000,1" yaku="30,2,18,1,19,1" doraHai="61" who="1" fromWho="1" sc="42,-40,234,120,328,-40,396,-40" /><INIT seed="5,1,0,0,5,59" ten="2,354,288,356" oya="1" hai0="21,110,73,97,7,43,31,41,54,103,133,117,74" hai1="109,82,50,35,47,52,80,63,105,123,56,25,111" hai2="86,122,115,100,29,3,53,6,107,90,108,18,94" hai3="88,61,36,84,19,118,58,11,93,16,69,13,99"/><U32/><E123/><V23/><F108/><N who="1" m="41545" /><E105/><V121/><F115/><W79/><G36/><T67/><D110/><U4/><E4/><V0/><F29/><W71/><G118/><T125/><D117/><U17/><E17/><V106/><F3/><W129/><G129/><T60/><D125/><U34/><E25/><V10/><F107/><W120/><G120/><T101/><D133/><U68/><E68/><V130/><F130/><W131/><G131/><T81/><D7/><U124/><E124/><V42/><F42/><AGARI ba="1,0" hai="32,34,35,42,47,50,52,56,63,80,82" m="41545" machi="42" ten="40,7700,0" yaku="10,1,52,1,54,1" doraHai="59" who="1" fromWho="2" sc="2,0,354,80,288,-80,356,0" /><INIT seed="5,2,0,1,1,98" ten="2,434,208,356" oya="1" hai0="87,129,21,9,100,132,116,68,62,44,94,3,109" hai1="101,49,48,40,7,54,86,10,25,8,126,120,82" hai2="76,131,134,60,93,51,115,61,13,29,77,45,20" hai3="66,133,17,39,19,6,33,84,99,114,113,4,70"/><U95/><E120/><V110/><F110/><W92/><G39/><T16/><D109/><U24/><E126/><V105/><F105/><W72/><G72/><T57/><D116/><U102/><E95/><V65/><F134/><W55/><G33/><T23/><D68/><U26/><E40/><V81/><F131/><W127/><G133/><T103/><D3/><U123/><E123/><V104/><F104/><W38/><G38/><T124/><D124/><U36/><E36/><V128/><F128/><W30/><G30/><T83/><D129/><U52/><E7/><V117/><F117/><W2/><G127/><T47/><D94/><U130/><E130/><V78/><F115/><N who="3" m="44043" /><G84/><T1/><D23/><U96/><E96/><V119/><F119/><W135/><G55/><N who="1" m="21034" /><E8/><V111/><F111/><W112/><G135/><T75/><D75/><U85/><E10/><V41/><F93/><W88/><N who="3" m="44051" /><W14/><DORA hai="122" /><G2/><T71/><D71/><U67/><E67/><V34/><F34/><W11/><G4/><T5/><D132/><U56/><E56/><N who="2" m="36999" /><F61/><AGARI ba="2,0" hai="6,11,14,17,19,61,66,70,88,92,99" m="44051" machi="61" ten="40,2600,0" yaku="15,1,54,1" doraHai="98,122" who="3" fromWho="2" sc="2,0,434,0,208,-32,356,32" /><INIT seed="6,0,0,1,5,28" ten="2,434,176,388" oya="2" hai0="107,56,17,35,75,74,86,112,100,21,124,13,119" hai1="59,48,22,9,4,109,10,81,116,78,58,46,121" hai2="85,71,99,32,60,126,8,26,132,64,102,18,55" hai3="16,49,95,38,105,114,23,106,69,53,91,98,131"/><V125/><F132/><W134/><G38/><T72/><D112/><U50/><E109/><V96/><F96/><W19/><G131/><T104/><D124/><U14/><E116/><V3/><F55/><W41/><G134/><T43/><D119/><U63/><E121/><V103/><F103/><W31/><G69/><T73/><N who="0" m="18432" /><DORA hai="123" /><T39/><D35/><U6/><E22/><V82/><F18/><W97/><G114/><T113/><D113/><U117/><E117/><V127/><F8/><W54/><G31/><T94/><D56/><U42/><E50/><V2/><F85/><W89/><G41/><T61/><D61/><U15/><E63/><V111/><F82/><W27/><G19/><T66/><D66/><U20/><E20/><V90/><F90/><W34/><G34/><T12/><D12/><U45/><E45/><V108/><F26/><W29/><G29/><T77/><D43/><U47/><E47/><V25/><F25/><W67/><G67/><T7/><D39/><U51/><E51/><V33/><F33/><W88/><G54/><T101/><D7/><U1/><E1/><N who="2" m="11" /><F32/><W62/><G49/><T52/><D52/><U68/><E68/><V36/><F36/><W84/><G97/><N who="0" m="59447" /><D101/><U83/><E78/><V76/><F76/><W11/><G11/><T0/><D0/><U92/><E92/><AGARI ba="0,0" hai="60,64,71,92,99,102,108,111,125,126,127" m="11" machi="92" ten="40,7700,0" yaku="18,1,52,2" doraHai="28,123" who="2" fromWho="1" sc="2,0,434,-77,176,77,388,0" /><INIT seed="6,1,0,3,5,35" ten="2,357,253,388" oya="2" hai0="128,96,122,89,119,45,42,56,0,41,9,68,93" hai1="97,60,79,48,105,116,86,23,115,113,92,52,134" hai2="114,95,131,107,72,25,91,12,101,67,7,30,64" hai3="62,124,135,123,26,40,111,118,75,32,108,104,43"/><V47/><F114/><N who="1" m="43529" /><E116/><V83/><F131/><W14/><G118/><T37/><D68/><U6/><E134/><V50/><F107/><W110/><G123/><T133/><D119/><U44/><E105/><V63/><F101/><W109/><G109/><T102/><D122/><U85/><E6/><V1/><F72/><W4/><G104/><T49/><D133/><U28/><E79/><V88/><F83/><W70/><G135/><T127/><D128/><U39/><E39/><V61/><F12/><W125/><G75/><T80/><D127/><N who="3" m="48713" /><G32/><T15/><D0/><U22/><E60/><N who="2" m="23115" /><F7/><W120/><G26/><T46/><D56/><U121/><E121/><V33/><F1/><W77/><G77/><T54/><D54/><U73/><E73/><V103/><F33/><W84/><G84/><N who="1" m="32362" /><E28/><V66/><F30/><W117/><G117/><T38/><D49/><U5/><E5/><V34/><F34/><W27/><G27/><T58/><D58/><U24/><E24/><V99/><F25/><W19/><G4/><T2/><D80/><U69/><E69/><V3/><F3/><W57/><G70/><T16/><D2/><U74/><E74/><V29/><F29/><W90/><G120/><T13/><D13/><U82/><E82/><V126/><F126/><W132/><G132/><T81/><D81/><U76/><E76/><V53/><F67/><N who="3" m="39375" /><G14/><T51/><D51/><U87/><N who="1" m="32370" /><U65/><DORA hai="21" /><E65/><V94/><F94/><W71/><G71/><T18/><D18/><U20/><E20/><V11/><F11/><W59/><G110/><T36/><D36/><RYUUKYOKU ba="1,0" sc="2,10,357,10,253,10,388,-30" hai0="9,15,16,37,38,41,42,45,46,89,93,96,102" hai1="22,23,44,48,52,92,97" hai2="47,50,53,64,66,88,91,95,99,103" /><INIT seed="6,2,0,5,5,88" ten="12,367,263,358" oya="2" hai0="97,58,112,5,33,69,25,16,114,110,8,86,46" hai1="9,103,119,93,13,106,28,79,29,38,71,70,109" hai2="37,41,72,34,50,125,48,123,124,12,107,95,129" hai3="1,53,133,52,10,111,134,102,76,14,18,26,0"/><V115/><F107/><W42/><G111/><T2/><D69/><U104/><E109/><V51/><F123/><W44/><G76/><T122/><D122/><U116/><E38/><V98/><F72/><W85/><G85/><T131/><D110/><U49/><E79/><V75/><F75/><W55/><G102/><T22/><D131/><U45/><E104/><V118/><F118/><W27/><G27/><T68/><D68/><U128/><E106/><V117/><F117/><W77/><G26/><T54/><D46/><U35/><E128/><V57/><F129/><W83/><G83/><T59/><D86/><U66/><E70/><V82/><F34/><W17/><G17/><T4/><D4/><U30/><E35/><V130/><F130/><W127/><G77/><T108/><D108/><U23/><E23/><V73/><F73/><W89/><G89/><T100/><D33/><U120/><E120/><V84/><F115/><W99/><G99/><T92/><D59/><U105/><E105/><V132/><F132/><N who="3" m="50795" /><G127/><T91/><REACH who="0" step="1"/><D100/><REACH who="0" ten="2,367,263,358" step="2"/><U47/><E103/><V74/><F124/><W60/><G60/><AGARI ba="2,1" hai="2,5,8,16,22,25,54,58,60,91,92,97,112,114" machi="60" ten="40,12000,2" yaku="1,1,2,1,25,2,52,1,54,1,53,0" doraHai="88" doraHaiUra="78" who="0" fromWho="3" sc="2,136,367,0,263,0,358,-126" /><INIT seed="7,0,0,2,5,22" ten="138,367,263,232" oya="3" hai0="84,99,83,98,33,4,37,9,117,71,68,52,103" hai1="29,104,44,78,2,133,3,66,62,113,91,97,35" hai2="79,39,48,124,19,32,57,125,34,59,81,85,16" hai3="93,116,90,6,25,51,20,58,41,95,72,87,115"/><W10/><G115/><T40/><D117/><U43/><E113/><V70/><F39/><W119/><G72/><T102/><D33/><N who="2" m="12906" /><F70/><W92/><G119/><T21/><D37/><U77/><E77/><V50/><F50/><W126/><G126/><N who="2" m="48745" /><F59/><W49/><G116/><T127/><D127/><U53/><E53/><AGARI ba="0,0" hai="16,19,48,53,57,79,81,85" m="48745,12906" machi="53" ten="30,2000,0" yaku="18,1,54,1" doraHai="22" who="2" fromWho="1" sc="138,0,367,-20,263,20,232,0" owari="138,-36.2,347,44.7,283,8.3,232,-16.8" /></mjloggm>