<mjloggm ver="2.3"><GO type="169" lobby="0"/><UN n0="%E5%8D%93%E4%B8%8A%E3%81%AE%E5%85%AC%E5%8B%99%E5%93%A1" n1="%44%61%6C%69" n2="%E4%BA%8C%E9%9A%8E%E5%A0%82%E7%9C%9F%E7%B4%85%E3%81%A1%E3%82%83%E3%82%93" n3="%E3%81%99%E3%83%BC%5F%E9%88%B4%E6%9C%A8%E6%B5%A9%E5%B9%B3" dan="16,17,16,16" rate="2130.58,2180.66,2140.46,2107.54" sx="M,M,M,M"/><TAIKYOKU oya="0"/><INIT seed="0,0,0,5,3,16" ten="250,250,250,250" oya="0" hai0="87,90,109,86,73,64,0,81,10,19,28,55,108" hai1="24,14,121,94,49,20,44,80,111,114,78,65,79" hai2="27,92,113,101,123,37,133,38,135,122,75,43,103" hai3="26,52,32,76,25,128,21,112,110,72,115,67,12"/><T1/><D28/><U45/><E121/><V134/><F113/><W3/><G3/><T107/><D107/><U130/><E111/><N who="0" m="42569" /><D64/><U31/><E130/><V7/><F75/><W22/><G110/><T83/><D73/><U117/><E117/><V118/><F7/><W82/><G67/><T39/><D39/><N who="2" m="14858" /><F43/><W36/><G36/><T63/><D63/><U96/><E114/><V61/><F61/><W15/><G128/><T126/><D126/><U95/><E65/><V41/><F41/><W85/><G72/><T2/><D55/><U53/><E45/><V11/><F118/><W56/><G32/><T124/><D124/><U102/><E80/><N who="0" m="30793" /><D90/><U6/><REACH who="1" step="1"/><E95/><REACH who="1" ten="250,240,250,250" step="2"/><V116/><F92/><W46/><G46/><T13/><AGARI ba="0,1" hai="0,1,2,10,13,19,86,87" m="30793,42569" machi="13" ten="40,3900,0" yaku="14,1,10,1" doraHai="16" who="0" fromWho="0" sc="250,49,240,-13,250,-13,250,-13" /><INIT seed="0,1,0,2,5,4" ten="299,227,237,237" oya="0" hai0="87,104,1,110,77,133,41,80,114,130,121,97,96" hai1="109,125,39,102,116,84,43,63,19,6,61,98,25" hai2="20,9,62,64,12,126,92,113,32,11,122,35,112" hai3="34,120,131,83,118,132,0,44,10,91,21,15,88"/><T135/><D1/><U30/><E116/><V108/><F122/><W58/><G118/><T22/><D121/><U78/><E109/><V119/><F119/><W36/><G34/><T29/><D114/><U60/><E125/><V127/><F92/><W111/><G111/><T7/><D110/><U100/><E39/><V49/><F108/><W66/><G120/><T27/><D130/><U31/><E43/><V75/><F75/><W14/><G0/><T94/><D104/><U123/><E6/><V13/><F49/><W28/><G132/><N who="0" m="50763" /><D41/><U129/><E129/><V69/><F20/><W93/><G131/><T85/><D7/><U57/><E123/><V89/><F89/><AGARI ba="1,0" hai="22,27,29,77,80,85,87,89,94,96,97" m="50763" machi="89" ten="30,1500,0" yaku="20,1" doraHai="4" who="0" fromWho="2" sc="299,18,227,0,237,-18,237,0" /><INIT seed="0,2,0,4,2,64" ten="317,227,219,237" oya="0" hai0="101,14,56,32,119,22,12,63,23,105,121,4,62" hai1="97,132,96,73,33,43,44,9,83,54,42,77,35" hai2="57,2,133,90,28,3,102,72,67,50,123,39,48" hai3="41,0,59,103,108,19,20,27,51,82,120,129,58"/><T36/><D36/><U99/><E132/><V88/><F39/><W81/><G0/><T76/><D121/><U16/><E54/><V118/><F123/><W69/><G69/><T130/><D32/><U122/><E122/><V91/><F72/><W78/><G120/><T5/><D56/><U65/><E65/><V61/><F118/><W10/><G129/><T60/><D76/><U49/><REACH who="1" step="1"/><E43/><REACH who="1" ten="317,217,219,237" step="2"/><V45/><F67/><W30/><G41/><T34/><D119/><U111/><E111/><V6/><F133/><W117/><G108/><T1/><D130/><U37/><E37/><V92/><F50/><W116/><G51/><T68/><D60/><U86/><E86/><V7/><F48/><W75/><G116/><T93/><D62/><U74/><E74/><V107/><F61/><W52/><G117/><T94/><D63/><U47/><E47/><V126/><F45/><W100/><G75/><T70/><D1/><U29/><E29/><V13/><F28/><W87/><G30/><T17/><D34/><U89/><E89/><N who="2" m="33803" /><F57/><W98/><G58/><T135/><D135/><U25/><E25/><V15/><F3/><W46/><G46/><T127/><D101/><U53/><E53/><V79/><F2/><W128/><G100/><T114/><D12/><AGARI ba="2,1" hai="9,12,16,33,35,42,44,49,73,77,83,96,97,99" machi="12" ten="40,2600,0" yaku="1,1,54,1,53,0" doraHai="64" doraHaiUra="112" who="1" fromWho="0" sc="317,-32,217,42,219,0,237,0" /><INIT seed="1,0,0,2,1,22" ten="285,259,219,237" oya="1" hai0="124,15,45,92,20,126,71,132,35,78,57,123,37" hai1="130,17,70,53,18,64,105,115,13,91,16,19,28" hai2="134,49,88,41,4,60,12,74,102,47,76,54,72" hai3="94,61,84,112,32,31,50,63,8,104,24,118,95"/><U39/><E115/><V1/><F1/><W80/><G112/><T127/><D71/><U25/><E39/><V6/><F134/><W69/><G104/><T98/><D35/><U131/><E105/><V83/><F102/><W99/><G118/><T100/><D132/><U77/><E77/><V27/><F74/><W9/><G50/><T128/><D78/><U113/><E113/><V82/><F12/><W97/><G94/><T5/><D57/><U36/><E36/><V110/><F110/><W121/><G121/><T90/><D123/><U75/><E75/><V7/><F27/><W101/><G97/><T2/><D2/><U3/><E53/><V106/><F106/><W14/><G69/><T116/><D116/><U129/><E3/><V109/><F109/><W125/><G125/><T56/><D5/><U120/><E120/><V55/><F60/><W38/><G38/><T96/><D37/><U44/><E44/><V86/><AGARI ba="0,0" hai="4,6,7,41,47,49,54,55,72,76,82,83,86,88" machi="86" ten="30,2000,0" yaku="0,1,54,1" doraHai="22" who="2" fromWho="2" sc="285,-5,259,-10,219,20,237,-5" /><INIT seed="2,0,0,4,1,6" ten="280,249,239,232" oya="2" hai0="69,96,38,100,97,105,85,87,128,63,16,125,106" hai1="78,134,89,121,1,115,114,132,10,84,18,118,70" hai2="48,46,31,35,49,11,107,22,30,110,21,36,94" hai3="101,122,61,45,57,17,58,56,20,54,24,50,120"/><V53/><F107/><W80/><G101/><T59/><D38/><U88/><E70/><V32/><F36/><W102/><G102/><T9/><D125/><U73/><E1/><V28/><F110/><W51/><G61/><T7/><D128/><U90/><E118/><V27/><F94/><W129/><G129/><T108/><D108/><U72/><E18/><V26/><F31/><W25/><G25/><T5/><D69/><U71/><E10/><V133/><F133/><N who="1" m="51305" /><E71/><V76/><F76/><W64/><G64/><T99/><D5/><U113/><E121/><V103/><F103/><W52/><REACH who="3" step="1"/><G80/><AGARI ba="0,0" hai="72,73,78,80,84,88,89,90,113,114,115" m="51305" machi="80" ten="40,8000,1" yaku="20,1,34,2,54,1" doraHai="6" who="1" fromWho="3" sc="280,0,249,80,239,0,232,-80" /><INIT seed="3,0,0,5,2,93" ten="280,329,239,152" oya="3" hai0="46,5,94,44,99,23,11,15,74,10,103,51,24" hai1="127,96,83,78,8,131,31,14,112,55,69,33,100" hai2="9,38,54,30,95,61,84,28,121,116,25,76,130" hai3="6,80,36,53,22,37,57,73,21,4,81,117,12"/><W113/><G113/><T50/><D74/><U108/><E69/><V65/><F116/><W71/><G71/><T114/><D114/><U49/><E108/><V75/><F38/><W3/><G117/><T16/><D11/><U134/><E131/><V105/><F105/><W26/><G3/><T86/><D86/><U45/><E134/><V119/><F119/><W129/><G129/><T18/><D50/><U85/><E127/><V98/><F75/><W124/><G124/><T67/><D67/><U109/><E109/><V59/><F121/><W60/><G36/><T122/><D122/><U92/><E112/><V66/><F9/><W111/><G37/><T56/><D56/><U13/><E33/><V87/><F30/><N who="3" m="17743" /><G73/><T70/><D70/><U115/><E115/><V39/><F39/><W128/><G128/><T104/><D104/><U101/><E31/><V17/><F17/><N who="3" m="10535" /><G111/><T110/><D110/><U68/><E68/><V72/><F72/><W82/><AGARI ba="0,0" hai="4,6,53,57,60,80,81,82" m="10535,17743" machi="82" ten="30,1500,0" yaku="8,1" doraHai="93" who="3" fromWho="3" sc="280,-5,329,-5,239,-5,152,15" /><INIT seed="3,1,0,1,1,23" ten="275,324,234,167" oya="3" hai0="90,129,22,105,2,110,132,40,32,67,119,135,83" hai1="71,73,3,80,50,33,42,8,18,91,92,24,38" hai2="87,56,65,6,134,5,31,131,101,39,126,112,63" hai3="111,77,62,97,43,30,76,12,20,15,75,28,19"/><W21/><G111/><T66/><D32/><U99/><E71/><V106/><F112/><W123/><G123/><T113/><D105/><U82/><E38/><V74/><F74/><W1/><G1/><T58/><D2/><U78/><E3/><V72/><F72/><W100/><G43/><T114/><D22/><N who="1" m="13399" /><E33/><V13/><F39/><W86/><G75/><T45/><D90/><U59/><E73/><V88/><F131/><W35/><G35/><T10/><D10/><U68/><E68/><V102/><F31/><N who="3" m="11819" /><G62/><N who="0" m="38231" /><D83/><N who="1" m="31787" /><E8/><V118/><F106/><W7/><G86/><T104/><D104/><U127/><E127/><V27/><F87/><W109/><G109/><T49/><D110/><U93/><E93/><V37/><F37/><W81/><G81/><T95/><D95/><U54/><E42/><V60/><F126/><W121/><G121/><T26/><D129/><U11/><E11/><V0/><F0/><W14/><G7/><T36/><D36/><U44/><E78/><N who="3" m="30314" /><G19/><T61/><D119/><U89/><E44/><V115/><F118/><W17/><G21/><T103/><D103/><AGARI ba="1,0" hai="50,54,59,89,91,92,99,103" m="31787,13399" machi="103" ten="30,2000,0" yaku="8,1,52,1" doraHai="23" who="1" fromWho="0" sc="275,-23,324,23,234,0,167,0" /><INIT seed="4,0,0,4,3,87" ten="252,347,234,167" oya="0" hai0="55,77,24,17,109,98,49,76,124,13,23,113,44" hai1="59,115,19,125,33,104,5,70,58,64,57,94,123" hai2="73,4,110,106,89,92,102,11,61,12,22,133,132" hai3="6,86,108,25,53,52,16,82,135,48,8,32,18"/><T105/><D124/><U20/><E33/><V128/><F110/><W51/><G108/><T27/><D113/><U97/><E104/><V121/><F121/><W79/><G135/><N who="2" m="51785" /><F73/><W54/><G32/><T40/><D109/><U78/><E123/><V31/><F128/><W72/><G72/><T38/><D105/><U45/><E115/><V118/><F118/><W67/><G67/><T66/><D66/><U114/><E114/><V83/><F83/><W112/><G112/><T39/><D98/><U95/><E5/><V74/><F74/><W71/><G71/><T29/><D27/><U107/><E78/><V103/><F61/><W34/><G34/><T130/><D130/><U85/><E107/><V131/><F106/><W68/><G68/><T60/><D60/><U111/><E70/><V91/><F131/><W15/><REACH who="3" step="1"/><G25/><REACH who="3" ten="252,347,234,157" step="2"/><T30/><D30/><U0/><E111/><V80/><F31/><W37/><G37/><T129/><D129/><U65/><E64/><V21/><F103/><W99/><G99/><T100/><D100/><U1/><E65/><V116/><F102/><W47/><G47/><T14/><D39/><U43/><E45/><V93/><F116/><W28/><G28/><T9/><D29/><U50/><E97/><N who="2" m="57487" /><F80/><W101/><G101/><T41/><D38/><U81/><E81/><V26/><F26/><W126/><G126/><T42/><D24/><U122/><E125/><V63/><F63/><W62/><G62/><T127/><D127/><U2/><E122/><V88/><F93/><W84/><G84/><T117/><D117/><U10/><E85/><RYUUKYOKU ba="0,1" sc="252,10,347,-30,234,10,157,10" hai0="9,13,14,17,23,40,41,42,44,49,55,76,77" hai2="4,11,12,21,22,88,91" hai3="6,8,15,16,18,48,51,52,53,54,79,82,86" /><INIT seed="4,1,1,0,1,7" ten="262,317,244,167" oya="0" hai0="35,16,13,21,38,135,95,131,62,48,106,8,91" hai1="23,61,75,34,127,98,59,51,100,86,6,27,46" hai2="19,67,32,93,79,47,107,114,115,39,41,121,126" hai3="85,116,26,63,5,57,31,129,88,112,73,80,120"/><T14/><D106/><U64/><E75/><V111/><F107/><W83/><G116/><T40/><D35/><U49/><E34/><V2/><F111/><W60/><G129/><T33/><D33/><U82/><E127/><V37/><F121/><W70/><G112/><T30/><D131/><U36/><E6/><V92/><F39/><W58/><G120/><T9/><D135/><U42/><E86/><V110/><F110/><W84/><G5/><N who="0" m="3215" /><D38/><U130/><E82/><V24/><F79/><W44/><G44/><N who="0" m="25607" /><D62/><N who="3" m="23593" /><G73/><T87/><D30/><U66/><E66/><V108/><F2/><W103/><G103/><T81/><D21/><U122/><E122/><V104/><F67/><W45/><G70/><T89/><D95/><U117/><E130/><V53/><F104/><W69/><G69/><T133/><D133/><U15/><E117/><V74/><F74/><W132/><G132/><T94/><D94/><N who="1" m="58455" /><E15/><V102/><F108/><W71/><G71/><T124/><D124/><U128/><E128/><V20/><F126/><W96/><G96/><T12/><D14/><U54/><E36/><V4/><F32/><W113/><G31/><T101/><D101/><U29/><E51/><V90/><F102/><W68/><G68/><T78/><AGARI ba="1,1" hai="9,12,16,78,81,87,89,91" m="25607,3215" machi="78" ten="30,12000,1" yaku="25,1,8,1,52,2,54,1" doraHai="7" who="0" fromWho="0" sc="262,133,317,-41,244,-41,167,-41" /><INIT seed="4,2,0,0,5,101" ten="395,276,203,126" oya="0" hai0="14,68,112,115,89,132,36,87,8,40,61,124,9" hai1="26,107,62,1,27,48,45,38,128,64,23,69,93" hai2="114,39,42,113,95,58,130,41,80,63,125,78,91" hai3="127,10,34,51,66,102,20,37,100,33,54,6,111"/><T29/><D36/><U86/><E1/><V3/><F3/><W108/><G37/><T99/><D40/><U19/><E128/><V59/><F130/><W71/><G127/><T75/><D75/><U53/><E38/><V0/><F0/><W25/><G100/><T105/><D124/><U17/><E107/><V57/><F63/><W32/><G102/><N who="0" m="62687" /><D29/><U88/><REACH who="1" step="1"/><E27/><REACH who="1" ten="395,266,203,126" step="2"/><V7/><F125/><W106/><G106/><T79/><D115/><U119/><E119/><V60/><F39/><W72/><G111/><T2/><D112/><U135/><E135/><V92/><F114/><W5/><G108/><T74/><D2/><U116/><E116/><V35/><F113/><W18/><G25/><T73/><D132/><U55/><E55/><V133/><F42/><W12/><G54/><T21/><D74/><U122/><E122/><V134/><F41/><W22/><G72/><T76/><D73/><U121/><E121/><V109/><F109/><W16/><G12/><T110/><D14/><U46/><E46/><V120/><F120/><W65/><G66/><T81/><D110/><U31/><AGARI ba="2,1" hai="17,19,23,26,31,45,48,53,62,64,69,86,88,93" machi="31" ten="20,5200,0" yaku="1,1,0,1,7,1,54,1,53,0" doraHai="101" doraHaiUra="129" who="1" fromWho="1" sc="395,-28,266,68,203,-15,126,-15" /><INIT seed="5,0,0,0,1,72" ten="367,334,188,111" oya="1" hai0="22,44,39,134,16,45,35,129,98,106,79,63,62" hai1="25,55,5,47,82,120,9,65,132,49,68,101,52" hai2="12,73,89,128,97,115,113,94,10,23,92,95,111" hai3="28,69,37,19,48,67,114,121,116,6,88,91,34"/><U87/><E120/><V109/><F23/><W58/><G121/><T133/><D35/><U64/><E132/><N who="0" m="50793" /><D129/><U84/><E68/><V130/><F73/><W51/><G37/><T90/><D79/><U2/><E101/><V41/><F41/><W20/><G116/><T46/><D39/><U11/><E25/><V117/><F117/><W76/><G114/><N who="2" m="43529" /><F10/><W119/><G119/><T77/><D77/><U1/><E84/><N who="2" m="52263" /><F94/><W122/><G122/><T36/><D36/><U31/><E31/><V74/><F12/><W127/><G69/><T26/><D106/><U108/><E108/><N who="2" m="41547" /><F74/><W17/><G34/><T43/><D43/><U100/><E55/><V85/><F85/><W125/><G20/><T13/><D13/><U56/><E2/><V50/><F50/><W32/><G32/><T70/><D70/><U54/><E11/><V14/><F14/><W104/><G48/><T24/><D26/><U0/><E0/><V75/><F75/><W29/><G51/><T123/><D123/><U71/><E71/><V27/><F27/><W102/><G6/><T93/><AGARI ba="0,0" hai="16,22,24,44,45,46,62,63,90,93,98" m="50793" machi="93" ten="40,2700,0" yaku="20,1,54,1" doraHai="72" who="0" fromWho="0" sc="367,27,334,-13,188,-7,111,-7" /><INIT seed="6,0,0,1,0,29" ten="394,321,181,104" oya="2" hai0="107,62,38,19,30,124,0,94,118,74,49,103,102" hai1="48,3,52,85,130,121,28,51,16,89,92,80,113" hai2="34,75,22,78,64,57,110,70,11,53,63,7,13" hai3="109,6,135,40,129,15,126,108,72,37,127,133,4"/><V17/><F110/><N who="3" m="42603" /><G72/><T18/><D38/><U86/><E3/><V77/><F75/><W125/><G40/><T111/><D30/><U114/><E28/><V33/><F78/><W65/><G65/><T14/><D74/><U116/><E116/><V112/><F77/><W5/><G37/><T120/><D0/><U105/><E105/><V54/><F112/><N who="1" m="43113" /><E130/><V39/><F39/><W23/><G129/><T98/><D120/><U71/><E71/><V88/><F88/><W119/><G119/><T44/><D111/><U25/><E121/><V100/><F100/><W82/><G82/><T41/><D62/><U66/><E66/><V134/><F134/><N who="3" m="51211" /><G23/><T90/><D107/><U96/><E51/><V81/><F81/><W67/><G67/><T45/><D49/><U21/><E80/><V76/><F76/><W8/><AGARI ba="0,0" hai="4,5,6,8,15,125,126,127" m="51211,42603" machi="8" ten="40,8000,1" yaku="18,1,20,1,34,2" doraHai="29" who="3" fromWho="3" sc="394,-20,321,-20,181,-40,104,80" /><INIT seed="7,0,0,4,2,95" ten="374,301,141,184" oya="3" hai0="69,100,78,57,70,114,134,118,22,96,87,54,50" hai1="135,58,126,59,18,107,122,65,5,66,63,16,133" hai2="75,92,56,106,28,80,60,45,17,10,6,86,93" hai3="4,109,76,101,116,91,97,11,98,67,38,14,20"/><W115/><G116/><T132/><D118/><U52/><E122/><V24/><F106/><W121/><G121/><T103/><D114/><U7/><E107/><V110/><F110/><W82/><G38/><T2/><D2/><U112/><E112/><V26/><F75/><W40/><G115/><T32/><D32/><U13/><E126/><V48/><F26/><W44/><G109/><T94/><D100/><U129/><E135/><N who="0" m="51753" /><D22/><U74/><E74/><V111/><F111/><W105/><G67/><T0/><D0/><U23/><E133/><V127/><F127/><W61/><G61/><T34/><D34/><U49/><E129/><V33/><F17/><W104/><G20/><T29/><D29/><U27/><E66/><V119/><F119/><W47/><G40/><T102/><D102/><U53/><E65/><V120/><F120/><W88/><G104/><T41/><D41/><U30/><REACH who="1" step="1"/><E18/><REACH who="1" ten="374,291,141,184" step="2"/><V43/><F60/><W130/><G130/><T37/><D37/><U55/><E55/><V131/><F131/><W62/><G105/><T31/><D31/><U39/><E39/><V68/><F68/><W99/><G101/><T73/><D73/><U90/><E90/><V77/><REACH who="2" step="1"/><F56/><REACH who="2" ten="374,291,131,184" step="2"/><W36/><G4/><T124/><D124/><U113/><E113/><V71/><F71/><W84/><G44/><T64/><D70/><U79/><E79/><V123/><F123/><W128/><G76/><T25/><D78/><U21/><AGARI ba="0,2" hai="5,7,13,16,21,23,27,30,49,52,53,58,59,63" machi="21" ten="20,12000,2" yaku="1,1,0,1,7,1,8,1,54,2,53,0" doraHai="95" doraHaiUra="72" who="1" fromWho="1" sc="374,-30,291,140,131,-30,184,-60" owari="344,14.4,431,53.1,101,-39.9,124,-27.6" /></mjloggm>