<mjloggm ver="2.3"><GO type="169" lobby="0"/><UN n0="%E3%83%8F%E3%82%BF%E3%83%A2%E3%83%88%E3%83%92%E3%83%AD" n1="%E3%81%AE%E3%81%AF%E3%81%A3%E3%81%A1" n2="%E7%B4%94%E5%85%A8%E5%B8%AF%E4%B8%89%E8%89%B2" n3="%E9%AB%AD%E9%AF%A8" dan="16,16,16,16" rate="2147.47,2183.29,2132.74,2160.22" sx="M,M,M,M"/><TAIKYOKU oya="0"/><INIT seed="0,0,0,3,1,34" ten="250,250,250,250" oya="0" hai0="83,126,48,4,38,42,55,10,6,86,107,99,120" hai1="27,61,28,13,59,54,132,51,135,31,98,37,95" hai2="84,111,56,74,92,45,62,110,129,68,58,100,5" hai3="127,101,114,90,46,69,7,20,16,25,122,35,0"/><T124/><D120/><U21/><E37/><V2/><F74/><W49/><G114/><T52/><D38/><U108/><E108/><V80/><F129/><W19/><G69/><T73/><D73/><U89/><E13/><V78/><F68/><W50/><G35/><T115/><D115/><U11/><E11/><N who="2" m="2487" /><F45/><W65/><G65/><T85/><D42/><U130/><E130/><V66/><F58/><W67/><G67/><T94/><D107/><U118/><E118/><V77/><F92/><W53/><G127/><N who="0" m="48683" /><D4/><U113/><E113/><V106/><F100/><W133/><G133/><T112/><D112/><U40/><E40/><V64/><F106/><W22/><G101/><N who="0" m="60663" /><D83/><U109/><E109/><N who="2" m="41483" /><F66/><W15/><G122/><T75/><D75/><U134/><REACH who="1" step="1"/><E51/><REACH who="1" ten="250,240,250,250" step="2"/><V125/><F125/><W116/><G50/><T93/><D48/><U18/><AGARI ba="0,1" hai="18,21,27,28,31,54,59,61,89,95,98,132,134,135" machi="18" ten="30,16000,3" yaku="1,1,2,1,0,1,25,2,20,1,53,3" doraHai="34" doraHaiUra="128" who="1" fromWho="1" sc="250,-80,240,170,250,-40,250,-40" /><INIT seed="1,0,0,1,2,74" ten="170,410,210,210" oya="1" hai0="60,89,22,98,92,8,39,113,66,112,108,70,56" hai1="44,47,100,33,107,116,25,30,110,28,104,5,54" hai2="93,80,29,68,126,50,18,105,53,10,118,65,21" hai3="97,123,23,109,64,46,67,77,12,32,14,106,87"/><U34/><E116/><V0/><F126/><W129/><G123/><T52/><D108/><U69/><E69/><V38/><F38/><W73/><G32/><T115/><D39/><U101/><E25/><V62/><F105/><W26/><G73/><T133/><D133/><U6/><REACH who="1" step="1"/><E54/><REACH who="1" ten="170,400,210,210" step="2"/><V135/><F118/><W91/><G67/><T132/><D132/><U20/><E20/><V17/><F53/><W79/><G64/><T7/><D22/><U45/><E45/><V49/><F21/><W11/><G26/><T83/><D83/><U131/><E131/><V43/><F65/><W90/><G129/><T134/><D134/><U58/><E58/><V16/><F80/><W13/><G46/><T81/><D81/><U63/><E63/><V61/><F61/><W36/><G23/><T9/><REACH who="0" step="1"/><D7/><REACH who="0" ten="160,400,210,210" step="2"/><U127/><E127/><V122/><F135/><W19/><G19/><T57/><D57/><U42/><E42/><V76/><F43/><W55/><G11/><T121/><D121/><U27/><E27/><V37/><F10/><W51/><G109/><AGARI ba="0,2" hai="5,6,28,30,33,34,44,47,100,101,104,107,109,110" machi="109" ten="25,12000,1" yaku="1,1,22,2,53,2" doraHai="74" doraHaiUra="3" who="1" fromWho="3" sc="160,0,400,140,210,0,210,-120" /><INIT seed="1,1,0,2,0,68" ten="160,540,210,90" oya="1" hai0="54,96,35,21,123,39,93,22,104,121,9,33,112" hai1="50,83,125,69,18,80,109,11,46,10,19,124,45" hai2="52,66,61,113,8,13,60,24,75,118,3,38,134" hai3="23,84,95,128,102,120,76,132,88,56,135,73,92"/><U6/><E69/><V43/><F118/><W91/><G120/><T5/><D112/><U117/><E109/><V105/><F105/><W1/><G1/><T30/><D104/><U106/><E106/><V59/><F3/><W17/><G128/><T15/><D54/><U101/><E50/><V53/><F75/><W55/><G102/><T0/><D39/><U100/><REACH who="1" step="1"/><E6/><REACH who="1" ten="160,530,210,90" step="2"/><V57/><F113/><W65/><G135/><T26/><D123/><U77/><E77/><V51/><F134/><W79/><G132/><T98/><D121/><U67/><E67/><V97/><F66/><W119/><G65/><T133/><D133/><U122/><E122/><V115/><F115/><W72/><G119/><AGARI ba="1,1" hai="10,11,18,19,45,46,80,83,100,101,117,119,124,125" machi="119" ten="25,4800,0" yaku="1,1,22,2,53,0" doraHai="68" doraHaiUra="87" who="1" fromWho="3" sc="160,0,530,61,210,0,90,-51" /><INIT seed="1,2,0,0,1,131" ten="160,591,210,39" oya="1" hai0="124,45,61,29,72,51,68,62,120,43,12,65,111" hai1="26,114,66,73,117,16,53,69,48,3,90,93,123" hai2="11,97,83,78,106,0,103,41,33,4,99,56,10" hai3="92,87,109,118,98,57,40,79,22,17,71,14,55"/><U20/><E114/><V84/><F33/><W47/><G71/><T64/><D72/><U89/><E117/><V82/><F41/><W59/><G118/><T63/><D29/><U42/><E123/><V8/><F56/><W115/><G115/><T37/><D12/><U18/><E3/><V50/><F50/><W101/><G109/><T13/><D111/><U32/><E32/><V121/><F121/><W39/><G79/><T23/><D120/><U119/><E73/><V30/><F30/><W44/><G87/><T113/><D113/><U75/><E75/><V116/><F116/><W104/><G47/><N who="0" m="24047" /><D23/><U129/><E129/><V86/><REACH who="2" step="1"/><F99/><REACH who="2" ten="160,591,200,39" step="2"/><W94/><G57/><T76/><D68/><U15/><E42/><V38/><F38/><W46/><G46/><T107/><D45/><U27/><E119/><V5/><F5/><W58/><G59/><T96/><D96/><U122/><E122/><V24/><F24/><W100/><G100/><T130/><D130/><U112/><E112/><V108/><F108/><W85/><REACH who="3" step="1"/><G85/><REACH who="3" ten="160,591,200,29" step="2"/><T80/><D76/><AGARI ba="2,2" hai="0,4,8,10,11,76,78,82,83,84,86,97,103,106" machi="76" ten="30,3900,0" yaku="1,1,7,1,9,1,53,0" doraHai="131" doraHaiUra="133" who="2" fromWho="0" sc="160,-45,591,0,200,65,29,0" /><INIT seed="2,0,0,0,3,37" ten="115,591,265,29" oya="2" hai0="93,23,100,21,101,83,55,70,120,65,13,66,102" hai1="122,73,28,107,71,119,17,1,115,130,114,126,78" hai2="127,53,75,18,77,8,46,41,68,94,12,99,51" hai3="6,16,22,24,9,67,42,0,33,121,62,85,110"/><V44/><F127/><W20/><G121/><T90/><D120/><U14/><RYUUKYOKU type="yao9" ba="0,0" sc="115,0,591,0,265,0,29,0" hai1="1,14,17,28,71,73,78,107,114,115,119,122,126,130" /><INIT seed="2,1,0,5,0,76" ten="115,591,265,29" oya="2" hai0="1,114,23,133,40,37,17,10,79,87,98,0,92" hai1="124,42,109,65,33,15,132,67,120,128,12,81,102" hai2="19,44,116,83,2,29,58,69,104,68,35,16,73" hai3="85,130,21,4,45,97,48,39,121,125,55,24,105"/><V74/><F116/><W119/><G119/><T103/><D114/><U57/><E109/><V106/><F2/><W95/><G121/><T127/><D127/><U82/><E33/><V126/><F126/><W118/><G125/><T101/><D133/><U47/><E128/><V84/><F44/><W77/><G130/><T89/><D0/><U28/><E124/><V20/><F35/><W129/><G129/><T70/><D70/><U51/><E132/><V113/><F29/><W134/><G134/><T78/><D103/><U90/><E28/><V86/><F58/><W22/><G118/><T31/><D40/><U53/><E102/><V108/><F20/><W14/><G39/><T64/><D64/><N who="1" m="24651" /><E90/><V59/><F59/><W135/><G105/><T122/><D37/><U30/><E30/><V131/><F131/><W43/><G43/><T94/><D122/><U54/><E42/><V62/><F62/><W27/><G135/><T26/><D1/><U66/><E66/><V41/><F41/><W3/><G3/><T6/><D6/><U99/><E99/><V110/><REACH who="2" step="1"/><F113/><REACH who="2" ten="115,591,255,29" step="2"/><W60/><G60/><T18/><D31/><U117/><E117/><V61/><F61/><W91/><G22/><N who="0" m="13647" /><D10/><U5/><E120/><V88/><F88/><W111/><G111/><T11/><D11/><N who="1" m="4207" /><E15/><AGARI ba="1,1" hai="15,18,23,78,79,87,89,92,94,98,101" m="13647" machi="15" ten="30,1000,0" yaku="8,1" doraHai="76" who="0" fromWho="1" sc="115,23,591,-13,255,0,29,0" /><INIT seed="3,0,0,3,2,112" ten="138,578,255,29" oya="3" hai0="128,113,100,16,74,102,76,28,32,103,120,36,15" hai1="107,23,81,118,19,92,83,41,24,95,50,0,45" hai2="115,3,70,84,17,10,116,75,110,71,82,122,27" hai3="30,1,94,108,121,38,89,123,62,78,61,119,31"/><W25/><G38/><T21/><D120/><U5/><E107/><V7/><F75/><W98/><G1/><T63/><D36/><U13/><E0/><V129/><F116/><W87/><G119/><T53/><D128/><U34/><E34/><V88/><F115/><W8/><G108/><T56/><D113/><U133/><E133/><V66/><F129/><W72/><G72/><T96/><D32/><U9/><E118/><V42/><F110/><W37/><G37/><T127/><D127/><U22/><E22/><V91/><F122/><W11/><G123/><T104/><REACH who="0" step="1"/><D28/><REACH who="0" ten="128,578,255,29" step="2"/><N who="3" m="10793" /><G121/><T4/><D4/><U65/><E65/><V35/><F66/><W54/><G25/><T80/><AGARI ba="0,1" hai="15,16,21,53,56,63,74,76,80,96,100,102,103,104" machi="80" ten="30,4000,0" yaku="1,1,0,1,54,1,53,0" doraHai="112" doraHaiUra="109" who="0" fromWho="0" sc="128,50,578,-10,255,-10,29,-20" /><INIT seed="4,0,0,1,3,37" ten="178,568,245,9" oya="0" hai0="7,46,97,123,79,4,49,3,131,102,23,85,14" hai1="13,70,126,69,56,20,21,25,59,103,95,98,113" hai2="8,108,39,130,77,84,18,12,29,15,68,72,63" hai3="6,129,76,124,116,38,134,16,19,73,132,117,60"/><T115/><D123/><U54/><E126/><V45/><F108/><W78/><G60/><T89/><D79/><N who="3" m="30249" /><G38/><T0/><D131/><U64/><E113/><V74/><F130/><W125/><G6/><T80/><D115/><U135/><E135/><N who="3" m="51754" /><G129/><T32/><D32/><U24/><E13/><V33/><F15/><W119/><G73/><T96/><D0/><U36/><E36/><V58/><F68/><W82/><G82/><T51/><D51/><U62/><E21/><V105/><F63/><W41/><G41/><N who="0" m="24783" /><D3/><U92/><E92/><V83/><F12/><W44/><G44/><T128/><D128/><U101/><E101/><V94/><F45/><W71/><G71/><T22/><D102/><U1/><E25/><V40/><F74/><W65/><G65/><T133/><D133/><U35/><E35/><V110/><F33/><W50/><G50/><T30/><D30/><N who="1" m="17671" /><E1/><V81/><F29/><W11/><G11/><N who="0" m="4455" /><D7/><U111/><E111/><V88/><F110/><W67/><G67/><T104/><D104/><U9/><E9/><V26/><F105/><W75/><G75/><T52/><D52/><U106/><E106/><V10/><F10/><W109/><G109/><T107/><D107/><U122/><E122/><V61/><F8/><W34/><G34/><T100/><D100/><U55/><E55/><N who="2" m="34015" /><F39/><W120/><G120/><T99/><AGARI ba="0,0" hai="22,23,80,85,89,96,97,99" m="4455,24783" machi="99" ten="30,3000,0" yaku="8,1,52,1" doraHai="37" who="0" fromWho="0" sc="178,30,568,-10,245,-10,9,-10" owari="208,-19.2,558,65.8,235,3.5,-1,-50.1" /></mjloggm>