<mjloggm ver="2.3"><GO type="169" lobby="0"/><UN n0="%E3%81%9D%E3%82%93%E3%81%97%E6%A7%98" n1="%E6%B2%B3%E7%AB%A5%E3%81%AE%E3%83%AF%E3%82%AB%E3%83%9E%E3%83%84" n2="%47%59%4F" n3="%E8%A1%A8%E7%A4%BA%E4%BE%A1%E6%A0%BC%E3%82%88%E3%82%8A%E5%8D%8A%E9%A1%8D" dan="17,17,16,16" rate="2225.00,2165.66,2133.77,2086.08" sx="M,M,M,M"/><TAIKYOKU oya="0"/><INIT seed="0,0,0,4,0,64" ten="250,250,250,250" oya="0" hai0="126,58,41,83,57,81,55,0,47,102,98,85,74" hai1="132,129,5,75,26,48,62,53,73,19,92,51,121" hai2="16,131,65,97,91,79,11,127,67,27,10,106,14" hai3="95,50,29,125,101,36,43,63,113,15,13,21,124"/><T110/><D0/><U61/><E121/><V34/><F127/><W39/><G113/><T38/><D126/><N who="3" m="48745" /><G63/><T37/><D37/><N who="3" m="14409" /><G43/><T8/><D110/><U49/><E5/><V130/><F79/><W70/><G50/><T59/><D74/><U1/><E1/><V90/><F10/><W76/><G76/><T86/><D8/><U30/><E129/><N who="2" m="49163" /><F91/><W115/><G115/><T18/><D18/><U40/><E19/><V33/><F90/><W35/><G35/><N who="2" m="13321" /><F27/><W120/><G120/><T82/><REACH who="0" step="1"/><D55/><REACH who="0" ten="240,250,250,250" step="2"/><U2/><E53/><V88/><F11/><W78/><G29/><T84/><D84/><U66/><E30/><V71/><F16/><W69/><G21/><T9/><D9/><U46/><E75/><V32/><F32/><W68/><G78/><T80/><N who="0" m="20480" /><DORA hai="12" /><T25/><D25/><U22/><E73/><V42/><F14/><W52/><G52/><T135/><D135/><U111/><E132/><V60/><F42/><W7/><G7/><T123/><D123/><U134/><E134/><V31/><F31/><W118/><G118/><T114/><D114/><U17/><E2/><V89/><F97/><AGARI ba="0,1" hai="13,15,68,69,70,95,97,101" m="14409,48745" machi="97" ten="40,8000,1" yaku="18,1,52,3" doraHai="64,12" who="3" fromWho="2" sc="240,0,250,0,250,-80,250,90" /><INIT seed="1,0,0,2,1,82" ten="240,250,170,340" oya="1" hai0="48,60,24,4,41,63,132,97,130,73,31,1,49" hai1="26,102,35,29,40,30,95,64,5,9,69,25,106" hai2="42,12,111,112,122,21,72,13,86,105,119,61,104" hai3="135,6,85,100,108,134,53,118,103,76,68,131,50"/><U116/><E116/><V58/><F119/><W125/><G68/><T83/><D130/><U34/><E40/><V126/><F122/><W109/><G118/><T65/><D132/><N who="3" m="50729" /><G6/><T43/><D1/><U78/><E78/><V57/><F112/><W46/><G131/><T81/><D4/><U128/><E128/><V79/><F72/><W87/><G76/><T56/><D97/><U80/><E80/><V38/><F38/><W89/><G125/><T18/><D18/><U91/><E106/><V66/><F126/><W3/><G3/><T45/><D73/><U96/><E64/><V20/><F79/><W37/><G89/><T127/><D60/><U7/><E69/><V2/><F2/><W94/><G94/><T99/><D99/><U93/><REACH who="1" step="1"/><E9/><REACH who="1" ten="240,240,170,340" step="2"/><V70/><F70/><W32/><G37/><T92/><D127/><U124/><E124/><V71/><F71/><W8/><G8/><T115/><D92/><U17/><E17/><V101/><F42/><W120/><G120/><T54/><D43/><U107/><E107/><V90/><F105/><W16/><G16/><T10/><D10/><U11/><E11/><V121/><F121/><W113/><G113/><T117/><D115/><U39/><E39/><V62/><F104/><W47/><G108/><T114/><D114/><U14/><E14/><N who="2" m="5739" /><F111/><W75/><G109/><T44/><REACH who="0" step="1"/><D117/><REACH who="0" ten="230,240,170,340" step="2"/><U74/><E74/><V98/><F98/><AGARI ba="0,2" hai="5,7,25,26,29,30,34,35,91,93,95,96,98,102" machi="98" ten="30,5800,0" yaku="1,1,7,1,9,1,53,0" doraHai="82" doraHaiUra="77" who="1" fromWho="2" sc="230,0,240,78,170,-58,340,0" /><INIT seed="1,1,0,1,2,44" ten="230,318,112,340" oya="1" hai0="43,95,88,62,123,102,69,133,36,57,1,6,91" hai1="26,42,34,105,23,4,118,33,64,125,97,85,119" hai2="56,18,100,7,122,106,2,53,65,130,48,83,128" hai3="27,15,127,111,66,21,82,67,63,55,50,78,96"/><U59/><E42/><V70/><F122/><W28/><G111/><T14/><D69/><U87/><E4/><V60/><F18/><W77/><G127/><T20/><D133/><U31/><E125/><V68/><F83/><W108/><G108/><T75/><D75/><U8/><E8/><V38/><F100/><W54/><G96/><N who="0" m="59679" /><D1/><U117/><E105/><V46/><F106/><W13/><G77/><T47/><D36/><U76/><E97/><V19/><F19/><W39/><G39/><T3/><D3/><U0/><E0/><V132/><F132/><W129/><G55/><N who="0" m="34111" /><D123/><U93/><E76/><V40/><REACH who="2" step="1"/><F68/><REACH who="2" ten="230,318,102,340" step="2"/><W52/><G82/><T24/><D6/><U84/><E93/><V72/><F72/><W37/><G78/><T110/><D110/><U114/><E114/><V103/><F103/><W11/><G28/><T74/><D74/><U81/><E81/><V58/><F58/><W92/><G92/><T113/><D113/><U104/><E104/><V124/><F124/><W5/><G5/><T49/><D14/><U90/><E90/><V112/><F112/><W109/><G15/><T30/><AGARI ba="1,1" hai="20,24,30,43,47,49,88,91" m="34111,59679" machi="30" ten="30,4000,0" yaku="8,1,52,1,54,1" doraHai="44" who="0" fromWho="0" sc="230,53,318,-21,102,-11,340,-11" /><INIT seed="2,0,0,4,3,17" ten="283,297,91,329" oya="2" hai0="28,8,31,110,11,113,42,107,96,69,88,13,117" hai1="78,10,59,81,100,73,102,38,23,104,123,83,89" hai2="66,103,57,119,7,131,86,54,63,39,53,108,6" hai3="29,18,90,87,22,58,134,1,75,27,47,116,133"/><V71/><F119/><W49/><G116/><T56/><D117/><U106/><E38/><V65/><F131/><W0/><G75/><T91/><D110/><U26/><E10/><V74/><F74/><W121/><G29/><T55/><D69/><U48/><E48/><V40/><F103/><N who="1" m="39465" /><E23/><V79/><F108/><W37/><G58/><T30/><D113/><U95/><E26/><V99/><F99/><W60/><G60/><T50/><D107/><N who="1" m="41003" /><E59/><V109/><F109/><W85/><G121/><T35/><D35/><U3/><E3/><V115/><F115/><W25/><G85/><T67/><D96/><N who="1" m="57455" /><E123/><V93/><F66/><W12/><G37/><T101/><D101/><U21/><E21/><V15/><F15/><W61/><G61/><T130/><D130/><U14/><E14/><V82/><F93/><W126/><G1/><T64/><D42/><U70/><E70/><V68/><F68/><W34/><G34/><T84/><D8/><U45/><E45/><N who="2" m="23711" /><F53/><W62/><G47/><T4/><REACH who="0" step="1"/><D91/><REACH who="0" ten="273,297,91,329" step="2"/><U98/><E98/><V127/><F127/><W2/><G90/><T128/><D128/><U32/><E32/><V41/><F41/><W135/><G126/><T46/><D46/><U76/><E73/><V52/><F54/><W105/><G2/><T5/><D5/><U118/><E118/><V24/><F24/><W44/><G25/><T20/><D20/><U92/><E92/><AGARI ba="0,1" hai="4,11,13,28,30,31,50,55,56,64,67,84,88,92" machi="92" ten="40,5200,0" yaku="1,1,8,1,54,1,53,0" doraHai="17" doraHaiUra="33" who="0" fromWho="1" sc="273,62,297,-52,91,0,329,0" /><INIT seed="3,0,0,2,1,53" ten="335,245,91,329" oya="3" hai0="113,105,95,135,84,100,104,64,4,99,40,63,5" hai1="65,66,36,112,30,85,58,73,19,39,61,54,22" hai2="33,130,115,83,89,91,43,70,56,121,7,76,97" hai3="86,57,2,122,128,87,120,29,107,126,28,17,68"/><W131/><G107/><T108/><D108/><U118/><E73/><V98/><F70/><W74/><G2/><T31/><D135/><U0/><E112/><V26/><F115/><W51/><G68/><T3/><D40/><U8/><E118/><V79/><F7/><W10/><G74/><T116/><D116/><U15/><E36/><V132/><F132/><W52/><G126/><T134/><D134/><U12/><E39/><V49/><F130/><N who="3" m="49707" /><G17/><T82/><D31/><N who="3" m="11849" /><G10/><T9/><D5/><U101/><E0/><V37/><F37/><W60/><G60/><T123/><D123/><AGARI ba="0,0" hai="51,52,57,86,87,120,122,123" m="11849,49707" machi="123" ten="30,5800,0" yaku="19,1,52,1,54,1" doraHai="53" who="3" fromWho="0" sc="335,-58,245,0,91,0,329,58" /><INIT seed="3,1,0,0,3,68" ten="277,245,91,387" oya="3" hai0="80,62,54,120,122,65,45,94,99,24,64,76,106" hai1="118,111,87,16,28,116,12,11,34,56,10,74,44" hai2="98,22,119,103,47,21,48,78,1,27,109,35,30" hai3="130,124,71,25,86,107,2,85,7,43,81,4,108"/><W59/><G71/><T131/><D131/><U84/><E74/><V20/><F119/><N who="1" m="45609" /><E111/><V117/><F117/><W101/><G108/><T66/><D106/><U23/><E56/><V110/><F1/><W29/><G43/><T83/><D83/><U6/><E10/><V113/><F78/><W53/><G130/><T92/><D92/><U89/><E89/><V112/><F110/><W14/><G2/><T61/><D24/><N who="1" m="18695" /><E44/><V8/><F8/><W51/><G124/><T42/><D54/><U97/><E97/><V46/><F109/><W33/><G14/><AGARI ba="1,0" hai="6,11,12,14,16,23,84,87" m="18695,45609" machi="14" ten="30,2000,0" yaku="12,1,54,1" doraHai="68" who="1" fromWho="3" sc="277,0,245,23,91,0,387,-23" /><INIT seed="4,0,0,3,5,130" ten="277,268,91,364" oya="0" hai0="28,33,118,38,70,79,32,52,74,100,44,87,121" hai1="86,15,93,45,54,27,82,18,60,7,119,113,76" hai2="127,129,17,25,122,55,94,36,22,109,8,101,50" hai3="5,99,67,131,104,53,85,56,124,97,62,89,91"/><T35/><D118/><U12/><E119/><V24/><F36/><W134/><G124/><T128/><D121/><U106/><E106/><V96/><F127/><W57/><G131/><T42/><D128/><U51/><E113/><V10/><F122/><W120/><G5/><T47/><D74/><U20/><E7/><V75/><F75/><W126/><G126/><T135/><D70/><U125/><E125/><V61/><F109/><W63/><G120/><T133/><D100/><U13/><E93/><V30/><F61/><AGARI ba="0,0" hai="12,13,15,18,20,27,45,51,54,60,61,76,82,86" machi="61" ten="40,1300,0" yaku="8,1" doraHai="130" who="1" fromWho="2" sc="277,0,268,13,91,-13,364,0" /><INIT seed="5,0,0,1,4,31" ten="277,281,78,364" oya="1" hai0="33,25,44,23,124,102,111,29,104,80,107,131,15" hai1="70,11,17,74,75,54,92,55,30,8,45,85,39" hai2="27,123,108,96,58,78,32,48,21,135,127,82,4" hai3="2,97,49,95,1,35,132,128,88,98,46,83,87"/><U56/><E70/><V52/><F123/><W50/><G128/><T43/><D111/><U13/><E30/><V93/><F127/><W130/><G130/><T16/><D124/><U40/><E54/><V113/><F4/><W38/><G132/><T115/><D115/><U12/><E92/><V26/><F135/><W63/><G35/><T57/><D131/><U73/><E85/><V42/><F108/><W72/><G97/><T117/><D117/><U71/><E71/><V90/><F113/><W84/><G63/><T76/><D57/><U106/><E106/><V126/><F126/><W66/><G66/><T112/><D102/><U6/><REACH who="1" step="1"/><E74/><REACH who="1" ten="277,271,78,364" step="2"/><V62/><F32/><W91/><G72/><T120/><D112/><U118/><E118/><V51/><F42/><W41/><REACH who="3" step="1"/><G87/><REACH who="3" ten="277,271,78,354" step="2"/><T9/><D33/><U68/><E68/><V125/><F125/><W105/><G105/><T99/><D107/><U133/><E133/><V53/><F53/><W61/><G61/><AGARI ba="0,2" hai="6,8,11,12,13,17,39,40,45,55,56,61,73,75" machi="61" ten="30,2900,0" yaku="1,1,7,1,53,0" doraHai="31" doraHaiUra="129" who="1" fromWho="3" sc="277,0,271,49,78,0,354,-29" /><INIT seed="5,1,0,1,4,70" ten="277,320,78,325" oya="1" hai0="80,97,124,91,120,68,71,35,128,59,36,96,16" hai1="11,89,43,7,65,26,83,8,3,24,135,77,99" hai2="10,119,19,15,41,22,39,52,76,46,37,29,121" hai3="66,109,105,90,18,38,14,49,20,0,87,53,50"/><U98/><E135/><V48/><F119/><W100/><G109/><T133/><D35/><U58/><E65/><V122/><F76/><W34/><G0/><T32/><D32/><U27/><E58/><V62/><F62/><W78/><G34/><T125/><D128/><U106/><E106/><V94/><F94/><W51/><G78/><T47/><D59/><U28/><E11/><V107/><F107/><W86/><G38/><T102/><D120/><U61/><E61/><V60/><F60/><W64/><G100/><T117/><D117/><U31/><E43/><V69/><F69/><W93/><G105/><T88/><D133/><U85/><REACH who="1" step="1"/><E77/><REACH who="1" ten="277,310,78,325" step="2"/><V33/><F10/><W74/><G64/><T127/><D71/><U84/><E84/><V123/><REACH who="2" step="1"/><F41/><REACH who="2" ten="277,310,68,325" step="2"/><W108/><G108/><T56/><D68/><U115/><E115/><V75/><F75/><W129/><G74/><T130/><D125/><U79/><E79/><V63/><F63/><W81/><G129/><T92/><D130/><U12/><E12/><V111/><F111/><W42/><G42/><N who="0" m="22983" /><D127/><U103/><E103/><V30/><F30/><AGARI ba="1,2" hai="3,7,8,24,26,27,28,30,31,83,85,89,98,99" machi="30" ten="40,2000,0" yaku="1,1,53,0" doraHai="70" doraHaiUra="114" who="1" fromWho="2" sc="277,0,310,43,68,-23,325,0" /><INIT seed="5,2,0,1,1,47" ten="277,353,45,325" oya="1" hai0="58,14,27,94,77,9,35,75,46,131,127,93,78" hai1="43,18,12,36,126,64,110,81,24,80,114,41,33" hai2="128,74,135,69,103,124,48,53,119,102,39,123,132" hai3="66,45,84,122,63,44,65,49,100,109,0,98,91"/><U70/><E114/><V134/><F74/><W16/><G109/><T101/><D131/><U8/><E110/><V120/><F119/><W28/><G122/><T90/><D127/><U130/><E126/><V15/><F124/><W133/><G0/><T95/><D101/><U97/><E130/><V71/><F128/><W113/><G133/><T19/><D90/><U89/><E70/><V31/><F31/><W37/><G45/><T25/><D35/><U72/><E64/><V56/><F15/><W85/><G28/><T92/><N who="0" m="23552" /><DORA hai="99" /><T22/><D75/><U60/><E60/><V86/><F39/><W62/><G37/><T57/><D46/><U29/><E36/><V117/><F117/><W87/><G91/><T21/><D21/><U106/><E89/><V108/><F86/><W125/><G16/><N who="0" m="12487" /><D27/><U82/><REACH who="1" step="1"/><E72/><REACH who="1" ten="277,343,45,325" step="2"/><V10/><F108/><W34/><G125/><T55/><D78/><U129/><E129/><V111/><F111/><W59/><G65/><T121/><D77/><U76/><E76/><V42/><F71/><W30/><G63/><T79/><D79/><U67/><E67/><V23/><F69/><W83/><G66/><T2/><D121/><U116/><E116/><V115/><F115/><W54/><G62/><T6/><D55/><U40/><E40/><V7/><F42/><W112/><G54/><T13/><D2/><U104/><E104/><V50/><F123/><W52/><G113/><T26/><D26/><U17/><E17/><V32/><F120/><W68/><G112/><T73/><D73/><U11/><E11/><V96/><F10/><RYUUKYOKU ba="2,1" sc="277,15,343,15,45,-15,325,-15" hai0="6,9,13,14,19,57,58" hai1="8,12,18,24,29,33,41,43,80,81,82,97,106" /><INIT seed="5,3,1,2,4,86" ten="292,358,30,310" oya="1" hai0="51,114,118,9,50,79,117,40,23,15,125,19,83" hai1="4,115,61,71,3,70,93,134,24,133,126,99,46" hai2="80,55,82,108,16,69,88,44,105,67,68,63,131" hai3="57,13,65,31,5,18,85,116,43,75,124,119,6"/><U101/><E115/><V72/><F108/><W45/><G75/><T49/><D114/><U89/><E126/><V128/><F105/><W129/><G124/><T41/><D125/><U2/><E24/><V59/><F72/><W62/><G85/><N who="0" m="48383" /><D118/><N who="3" m="45097" /><G31/><T56/><D117/><U81/><E46/><V64/><F69/><W12/><G12/><N who="0" m="9703" /><D56/><U34/><E34/><V30/><F30/><W91/><G91/><T123/><D123/><U0/><E4/><AGARI ba="3,1" hai="4,9,15,40,41,49,50,51" m="9703,48383" machi="4" ten="30,1000,0" yaku="8,1" doraHai="86" who="0" fromWho="1" sc="292,29,358,-19,30,0,310,0" /><INIT seed="6,0,0,0,5,37" ten="321,339,30,310" oya="2" hai0="133,19,1,99,35,108,58,52,29,78,85,49,23" hai1="112,60,18,82,38,64,87,0,7,69,77,63,114" hai2="135,8,127,5,41,46,54,53,123,94,100,102,62" hai3="91,2,3,9,11,97,92,68,55,28,56,40,80"/><V83/><F123/><W26/><G68/><T116/><D108/><U32/><E38/><V89/><F127/><W84/><G40/><T42/><D1/><U14/><E32/><V73/><F135/><W86/><G86/><T67/><D116/><U115/><E63/><V22/><F22/><W51/><G2/><T132/><D67/><U124/><E124/><V66/><F100/><W12/><G12/><T31/><D35/><U70/><E0/><V93/><F102/><W106/><G106/><T44/><D99/><U129/><E129/><V36/><F94/><W61/><G51/><N who="0" m="31007" /><D78/><U118/><E118/><V50/><F83/><W30/><G30/><T88/><D133/><U109/><E109/><V27/><F27/><W17/><G17/><T98/><D98/><U4/><REACH who="1" step="1"/><E70/><REACH who="1" ten="321,329,30,310" step="2"/><V34/><F34/><W119/><G119/><T59/><D132/><U110/><E110/><V120/><F120/><W122/><G3/><T105/><D105/><U76/><E76/><V113/><F73/><W71/><G71/><T131/><D131/><U111/><E111/><V134/><F134/><W95/><G122/><T21/><D59/><U47/><E47/><V57/><F113/><W72/><G72/><T90/><D90/><U10/><AGARI ba="0,1" hai="4,7,10,14,18,60,64,69,77,82,87,112,114,115" machi="10" ten="30,7900,0" yaku="1,1,0,1,15,1,53,1" doraHai="37" doraHaiUra="74" who="1" fromWho="1" sc="321,-20,329,89,30,-39,310,-20" owari="301,10.1,418,51.8,-9,-50.9,290,-11.0" /></mjloggm>