<mjloggm ver="2.3"><GO type="225" lobby="0"/><UN n0="%E3%81%BE%E3%81%A8%E3%81%9F" n1="%E3%82%A4%E3%83%BC%E3%82%B1%E3%83%97%E3%83%A9" n2="%E8%91%B1%E9%96%93%E8%91%B1%E6%8A%9C" n3="%E5%91%A8%E6%9D%B1" dan="16,17,16,16" rate="2073.23,2153.95,2090.56,2147.31" sx="M,M,F,M"/><TAIKYOKU oya="0"/><INIT seed="0,0,0,4,2,68" ten="250,250,250,250" oya="0" hai0="105,85,92,70,69,1,8,80,63,9,5,0,121" hai1="128,60,35,117,11,120,124,109,33,79,111,19,126" hai2="84,46,20,94,90,6,25,113,93,51,72,34,28" hai3="110,96,88,107,106,66,58,67,26,17,119,135,54"/><T39/><D39/><U3/><E79/><V53/><F113/><W65/><G119/><T56/><D105/><U36/><E60/><V74/><F6/><W50/><G110/><N who="1" m="41994" /><E36/><V14/><REACH who="2" step="1"/><F93/><REACH who="2" ten="250,250,240,250" step="2"/><N who="3" m="56359" /><G107/><T4/><D92/><U82/><E117/><V48/><F48/><W16/><G106/><T18/><D121/><U42/><E120/><V100/><F100/><W38/><G38/><T123/><D123/><U115/><E115/><V59/><F59/><N who="3" m="33239" /><G135/><T12/><D56/><U77/><E126/><V24/><F24/><W49/><G26/><T118/><D118/><U61/><E124/><V22/><F22/><W2/><G2/><T27/><D27/><U95/><E3/><V52/><F52/><AGARI ba="0,1" hai="16,17,49,52,58,65,66,67" m="33239,56359" machi="52" ten="30,7700,0" yaku="8,1,54,3" doraHai="68" who="3" fromWho="2" sc="250,0,250,0,240,-77,250,87" /><INIT seed="1,0,0,2,2,45" ten="250,250,163,337" oya="1" hai0="15,61,30,66,48,129,23,87,13,89,84,77,113" hai1="120,71,90,95,97,46,81,85,134,43,135,60,98" hai2="5,10,92,78,40,38,20,49,82,107,72,100,35" hai3="99,16,18,104,109,112,21,131,32,86,67,7,79"/><U1/><E120/><V8/><F35/><W73/><G32/><T125/><D113/><U6/><E98/><V31/><F107/><W130/><G112/><T114/><D114/><U52/><E6/><V44/><F10/><W133/><G109/><T57/><D125/><U121/><E1/><V50/><F20/><W54/><G133/><T93/><D129/><U17/><E121/><V25/><F25/><W3/><G67/><T122/><D122/><U103/><E17/><V105/><F31/><W118/><G73/><T33/><D33/><U56/><REACH who="1" step="1"/><E71/><REACH who="1" ten="250,240,163,337" step="2"/><V22/><F22/><W116/><G21/><T117/><D23/><U53/><E53/><V69/><F69/><W126/><G54/><N who="0" m="31943" /><D30/><U34/><E34/><V0/><F105/><W64/><G104/><T28/><D28/><U24/><E24/><V70/><F70/><W29/><G29/><T39/><D13/><U102/><E102/><V51/><F100/><W4/><G3/><T88/><D15/><U58/><E58/><V9/><F9/><W128/><G130/><T55/><D55/><U94/><E94/><AGARI ba="0,1" hai="0,5,8,38,40,44,49,50,51,72,78,82,92,94" machi="94" ten="40,8000,1" yaku="25,2,52,3" doraHai="45" who="2" fromWho="1" sc="250,0,240,-80,163,90,337,0" /><INIT seed="2,0,0,5,3,128" ten="250,160,253,337" oya="2" hai0="112,84,126,54,104,99,38,31,74,47,100,131,14" hai1="107,16,132,59,17,129,75,87,32,35,89,133,52" hai2="45,60,10,122,42,80,108,8,101,134,121,12,57" hai3="48,44,106,102,15,113,0,77,9,115,93,96,73"/><V130/><F130/><W62/><G0/><T23/><D131/><U72/><E107/><V21/><F108/><W116/><G116/><T127/><D74/><N who="1" m="28203" /><E129/><V28/><F80/><W117/><G117/><T109/><D109/><U65/><E65/><V70/><F70/><W4/><G62/><T37/><D112/><N who="3" m="43081" /><G73/><T41/><D38/><U2/><E2/><V61/><F101/><W105/><G77/><T25/><D84/><U46/><E46/><V43/><F45/><W66/><G66/><T120/><D120/><U85/><E35/><V110/><F110/><W22/><G22/><T3/><D3/><U11/><E32/><V83/><F83/><W119/><G119/><T1/><D1/><U103/><E103/><V56/><F21/><W20/><G20/><T114/><D114/><U90/><E85/><V64/><F64/><W34/><G34/><T63/><D14/><N who="1" m="7263" /><E17/><V125/><F12/><W124/><G124/><T118/><D118/><U19/><E19/><V95/><F125/><W24/><G24/><T135/><D126/><U71/><E71/><V27/><F27/><W33/><G33/><T6/><D127/><U86/><E86/><V55/><F121/><W18/><G18/><T79/><D6/><U26/><E26/><V82/><F122/><W29/><G29/><T111/><D111/><U78/><E78/><V76/><F76/><W39/><G39/><T13/><D79/><U81/><E89/><V53/><F28/><W40/><AGARI ba="0,0" hai="4,9,15,40,44,48,93,96,102,105,106" m="43081" machi="40" ten="30,1100,0" yaku="11,1" doraHai="128" who="3" fromWho="3" sc="250,-3,160,-3,253,-5,337,11" /><INIT seed="3,0,0,1,3,118" ten="247,157,248,348" oya="3" hai0="51,82,123,25,74,67,55,87,4,54,120,95,73" hai1="117,23,107,68,38,60,62,94,103,91,90,56,41" hai2="17,128,130,133,83,16,99,64,92,6,8,76,33" hai3="10,34,3,88,59,86,115,9,108,84,97,70,112"/><W89/><G70/><T135/><D4/><U37/><E117/><V116/><F33/><W43/><G43/><T81/><D67/><U93/><E107/><V106/><F116/><W14/><G97/><T61/><D95/><U124/><E103/><N who="2" m="60903" /><F106/><W39/><G59/><T20/><D61/><U58/><E23/><V101/><F101/><W12/><G34/><T63/><D63/><U42/><REACH who="1" step="1"/><E124/><REACH who="1" ten="247,147,248,348" step="2"/><V52/><F130/><W79/><G115/><T11/><D11/><U50/><E50/><V78/><F128/><W114/><G10/><T29/><D51/><U125/><E125/><V98/><F8/><W96/><G9/><T27/><D20/><U132/><E132/><V5/><F133/><W53/><G112/><T113/><D135/><U40/><E40/><V7/><F7/><W126/><G126/><T19/><D113/><U30/><E30/><V15/><F5/><W131/><G114/><T75/><D19/><U85/><E85/><V110/><F16/><W47/><G86/><T45/><D87/><U28/><E28/><V104/><F17/><W48/><G84/><T35/><D29/><U111/><E111/><V22/><F110/><W127/><G108/><T46/><D75/><U102/><E102/><V24/><F104/><W31/><G31/><T80/><D35/><U21/><E21/><V134/><F22/><W105/><G105/><T0/><D81/><U26/><E26/><V36/><F24/><W18/><G18/><T122/><D122/><U1/><E1/><AGARI ba="0,1" hai="0,1,25,27,45,46,54,55,73,74,80,82,120,123" machi="1" ten="25,6400,0" yaku="22,2,52,2" doraHai="118" who="0" fromWho="1" sc="247,74,147,-64,248,0,348,0" owari="321,12.1,83,-41.7,248,-15.2,348,44.8" /></mjloggm>