<mjloggm ver="2.3"><GO type="169" lobby="0"/><UN n0="%53%68%69%72%6C%65%79" n1="%E3%81%AF%E3%81%84%E3%82%8C%E3%81%AB%E3%82%83%E3%82%93" n2="%E4%BE%8D" n3="%E4%B9%9D%E7%B4%8B%E9%BE%8D%E5%8F%B2%E9%80%B2" dan="16,16,17,19" rate="2095.61,2063.14,2240.15,2293.16" sx="M,M,M,M"/><TAIKYOKU oya="0"/><INIT seed="0,0,0,0,3,50" ten="250,250,250,250" oya="0" hai0="48,117,47,94,104,19,133,46,78,100,61,23,20" hai1="28,5,27,1,63,106,42,55,24,56,0,83,43" hai2="37,8,123,122,77,31,39,22,109,4,119,112,16" hai3="33,53,69,131,93,92,116,38,130,114,66,18,85"/><T79/><D117/><U113/><E106/><V2/><F77/><W82/><G116/><T95/><D133/><U118/><E118/><V126/><F119/><W35/><G38/><T45/><D104/><U84/><E113/><V80/><F80/><W102/><G114/><T36/><D36/><U54/><E27/><V101/><F112/><W128/><G18/><T72/><D61/><U127/><E127/><V73/><F73/><W6/><G6/><T105/><D105/><U30/><E30/><V86/><F86/><W32/><G102/><T65/><D65/><U96/><E96/><V59/><F39/><W15/><G15/><T10/><D10/><U134/><E55/><V29/><F59/><W41/><G41/><T135/><D20/><U9/><E0/><V81/><F81/><W108/><G108/><T68/><D68/><U129/><E129/><V98/><F37/><W26/><G26/><T62/><D72/><U40/><E134/><V74/><F74/><W75/><G75/><T91/><D100/><U120/><E120/><V64/><F64/><W49/><G69/><T25/><D135/><U12/><E1/><V110/><F126/><W111/><G111/><N who="2" m="42505" /><F123/><W14/><G14/><T71/><D71/><U3/><E3/><V51/><F51/><W70/><G70/><T7/><D62/><U44/><E84/><V90/><F101/><W88/><G66/><T115/><D115/><U87/><E87/><V17/><F122/><W60/><G60/><T97/><D97/><U34/><E83/><V52/><F2/><W99/><G99/><T76/><D76/><RYUUKYOKU ba="0,0" sc="250,-15,250,15,250,-15,250,15" hai1="5,9,12,24,28,34,40,42,43,44,54,56,63" hai3="32,33,35,49,53,82,85,88,92,93,128,130,131" /><INIT seed="1,1,0,2,1,80" ten="235,265,235,265" oya="1" hai0="59,86,58,101,97,52,82,93,9,26,32,89,115" hai1="24,79,74,46,43,50,88,128,23,123,106,77,20" hai2="29,64,76,133,87,8,94,117,81,11,48,100,22" hai3="39,19,5,61,85,33,130,60,30,49,120,135,129"/><U28/><E123/><V111/><F117/><W65/><G39/><T70/><D70/><U51/><E128/><V122/><F122/><W57/><G120/><T114/><D59/><U0/><E106/><V71/><F111/><W35/><G135/><T134/><D134/><U31/><E0/><V54/><F133/><W78/><G5/><T63/><REACH who="0" step="1"/><D9/><REACH who="0" ten="225,265,235,265" step="2"/><U113/><E113/><V69/><F69/><W7/><G130/><T75/><D75/><U108/><E74/><V66/><F8/><W55/><G129/><T67/><D67/><U68/><E68/><V124/><F11/><W119/><G119/><T34/><D34/><U15/><E108/><V13/><F71/><W6/><G35/><T53/><D53/><U45/><E23/><V44/><F124/><W27/><G61/><T36/><D36/><U126/><E126/><V12/><F66/><W25/><G60/><T105/><D105/><U37/><E37/><V62/><F62/><W118/><G65/><T121/><D121/><U91/><E46/><V103/><F64/><W40/><G118/><T10/><D10/><U18/><E51/><V72/><F72/><W99/><G7/><T21/><D21/><N who="1" m="11487" /><E31/><AGARI ba="1,1" hai="26,31,32,52,58,63,82,86,89,93,97,101,114,115" machi="31" ten="40,5200,0" yaku="1,1,52,1,54,1,53,0" doraHai="80" doraHaiUra="107" who="0" fromWho="1" sc="225,65,265,-55,235,0,265,0" /><INIT seed="2,0,0,1,1,52" ten="290,210,235,265" oya="2" hai0="81,10,61,104,126,8,99,17,32,13,45,64,107" hai1="38,36,125,9,24,78,108,109,54,72,88,18,1" hai2="6,73,80,94,37,65,100,113,46,122,95,118,79" hai3="23,101,40,20,7,49,112,2,106,33,44,42,67"/><V25/><F113/><W90/><G33/><T89/><D126/><U41/><E125/><V96/><F122/><W50/><G112/><T69/><D32/><U19/><E72/><V128/><F118/><W77/><G77/><T29/><D29/><U133/><E78/><V66/><F128/><W56/><G101/><T86/><D99/><U117/><E117/><V70/><F70/><W121/><G106/><T11/><REACH who="0" step="1"/><D45/><REACH who="0" ten="280,210,235,265" step="2"/><U103/><E109/><V22/><F46/><W76/><G44/><T62/><D62/><U51/><E108/><V27/><F37/><W59/><G121/><T97/><D97/><U84/><E38/><V0/><F95/><W74/><G50/><T132/><D132/><U5/><E36/><V47/><F47/><W30/><G49/><T127/><D127/><U28/><E41/><V102/><F94/><W115/><G30/><T85/><D85/><U75/><E75/><V63/><F96/><W120/><G74/><T119/><D119/><U116/><E116/><V124/><F124/><W92/><G120/><T57/><D57/><U71/><E133/><V105/><F63/><W93/><G115/><T26/><D26/><U3/><E24/><V134/><F25/><W82/><G93/><T58/><D58/><U55/><E28/><N who="2" m="17527" /><F134/><W130/><G42/><T135/><D135/><U129/><E51/><V110/><F110/><W68/><G92/><T39/><D39/><U98/><E98/><N who="2" m="61591" /><F102/><W131/><G40/><T111/><D111/><U15/><E103/><V114/><F114/><W43/><G43/><T16/><D16/><U123/><E19/><RYUUKYOKU ba="0,1" sc="280,15,210,-15,235,15,265,-15" hai0="8,10,11,13,17,61,64,69,81,86,89,104,107" hai2="0,6,65,66,73,79,80" /><INIT seed="2,1,1,5,3,58" ten="295,195,250,250" oya="2" hai0="39,112,8,115,73,29,117,20,100,132,82,49,64" hai1="13,26,87,70,129,23,123,85,108,102,84,37,86" hai2="10,41,19,62,78,74,81,110,130,35,31,80,59" hai3="18,126,109,79,93,44,32,25,9,103,69,118,98"/><V38/><F130/><W24/><G118/><T40/><D39/><U127/><E108/><V1/><F110/><W68/><G109/><T101/><D117/><U15/><E129/><V95/><F95/><W77/><G126/><T17/><D29/><U91/><E127/><V11/><F81/><W54/><G69/><T47/><D8/><U3/><E3/><V120/><F120/><W34/><G68/><T67/><D67/><U55/><E37/><V105/><F105/><W106/><G34/><T50/><D132/><U122/><E70/><V0/><F31/><W131/><G106/><T2/><D2/><U89/><E102/><V46/><F35/><W124/><G32/><T75/><D64/><U94/><E55/><V113/><F113/><W71/><G71/><T28/><D28/><U90/><E94/><V76/><F76/><N who="3" m="29259" /><G124/><T65/><D73/><U63/><N who="1" m="21504" /><DORA hai="121" /><U14/><REACH who="1" step="1"/><E63/><REACH who="1" ten="295,185,250,250" step="2"/><V128/><F128/><W42/><G54/><T133/><D101/><U99/><E99/><V66/><F0/><W125/><G131/><T7/><D100/><U6/><E6/><V57/><F1/><W116/><G125/><T92/><D7/><U72/><E72/><V52/><F19/><AGARI ba="1,2" hai="13,14,15,19,23,26,89,90,91,122,123" m="21504" machi="19" ten="60,7700,0" yaku="1,1,29,2,53,0" doraHai="58,121" doraHaiUra="51,134" who="1" fromWho="2" sc="295,0,185,100,250,-80,250,0" /><INIT seed="3,0,0,5,5,106" ten="295,285,170,250" oya="3" hai0="87,3,32,16,43,66,105,90,19,72,83,21,81" hai1="80,114,113,111,71,77,58,30,26,46,39,52,129" hai2="128,96,130,24,56,15,64,41,5,69,84,101,75" hai3="60,38,37,4,57,27,33,82,132,14,73,0,36"/><W67/><G132/><T107/><D32/><U86/><E111/><V108/><F84/><W54/><G0/><T124/><D3/><U28/><E129/><N who="2" m="49771" /><F41/><W63/><G4/><T53/><D124/><U133/><E133/><V18/><F108/><W25/><G14/><T134/><D66/><U89/><E71/><V62/><F5/><W99/><G99/><T112/><D112/><U117/><E117/><V59/><F24/><W23/><G33/><T92/><D43/><U22/><E39/><V17/><F17/><W122/><G122/><T51/><D19/><U6/><E6/><V47/><F47/><W34/><G34/><T45/><D134/><U102/><E46/><V29/><F29/><W91/><G23/><T95/><D83/><U13/><E30/><V61/><F61/><W48/><G63/><T76/><REACH who="0" step="1"/><D95/><REACH who="0" ten="285,285,170,250" step="2"/><U125/><E125/><V119/><F119/><W104/><G104/><T88/><D88/><U79/><E114/><V131/><N who="2" m="49779" /><V94/><DORA hai="126" /><F75/><W110/><G110/><T120/><D120/><U42/><E42/><V97/><F97/><W118/><G118/><T49/><D49/><U103/><E113/><V44/><F44/><W115/><G115/><T68/><D68/><U93/><E79/><V50/><F50/><W109/><G109/><T8/><D8/><AGARI ba="0,1" hai="8,15,18,56,59,62,64,69,94,96,101" m="49779" machi="8" ten="40,8000,1" yaku="19,1,52,4" doraHai="106,126" who="2" fromWho="0" sc="285,-80,285,0,170,90,250,0" /><INIT seed="4,0,0,0,0,35" ten="205,285,260,250" oya="0" hai0="81,41,46,82,72,4,94,39,52,85,98,122,53" hai1="69,43,90,95,10,108,135,76,126,88,132,30,58" hai2="118,3,74,121,28,9,17,2,129,133,31,115,79" hai3="111,49,124,20,6,66,100,107,22,127,27,33,16"/><T37/><D122/><U57/><E108/><V54/><F79/><W109/><G66/><T25/><D37/><U97/><E69/><V7/><F74/><W117/><G49/><T34/><D72/><U64/><E126/><N who="3" m="48170" /><G100/><T42/><D42/><U131/><E131/><V63/><F121/><W119/><G107/><T106/><D106/><U105/><E105/><V102/><F129/><W96/><G96/><T55/><D4/><U23/><E76/><V103/><F118/><N who="3" m="45067" /><G33/><T128/><D128/><U47/><E64/><V73/><F73/><W113/><G113/><T65/><D65/><U91/><E57/><V92/><F115/><W13/><G6/><T14/><D85/><U40/><E58/><V61/><F7/><W78/><G78/><T19/><D34/><U24/><E43/><V110/><F54/><W71/><G71/><T87/><D87/><U130/><E130/><V101/><F101/><W60/><G60/><T12/><D82/><U8/><E95/><V104/><F92/><W1/><G1/><T18/><D81/><U125/><E97/><V32/><F32/><W44/><G44/><T120/><D120/><U89/><E125/><V29/><F104/><W112/><G112/><T114/><D114/><U86/><E86/><V15/><F103/><W38/><G38/><T67/><D67/><U0/><E0/><N who="2" m="43" /><F102/><W68/><G68/><T56/><D56/><U75/><E75/><V59/><F63/><W5/><G5/><T51/><D39/><N who="1" m="21919" /><E91/><V83/><F83/><W11/><G11/><N who="1" m="4138" /><E90/><V50/><F61/><W93/><G93/><T123/><D94/><RYUUKYOKU ba="0,0" sc="205,-15,285,15,260,-15,250,15" hai1="23,24,30,88,89,132,135" hai3="13,16,20,22,27,109,111" /><INIT seed="5,1,0,3,3,82" ten="190,300,245,265" oya="1" hai0="77,128,48,112,19,36,102,41,29,31,43,57,45" hai1="100,89,60,63,61,105,12,26,27,85,42,116,130" hai2="88,83,40,108,78,110,86,50,98,5,24,129,15" hai3="6,10,54,122,18,68,91,56,9,93,21,72,94"/><U66/><E116/><V0/><F0/><W124/><G122/><T106/><D128/><U34/><E130/><V75/><F129/><W62/><G72/><T28/><D112/><U96/><E42/><V22/><F75/><W104/><G104/><T25/><D77/><U120/><E120/><V111/><F98/><W134/><G124/><T49/><D36/><U70/><E12/><V81/><F15/><W109/><G109/><T51/><D51/><U126/><E126/><V84/><F5/><W52/><G68/><T13/><D102/><U23/><E27/><V118/><F118/><W67/><G134/><T97/><D97/><U121/><E121/><V35/><F35/><W33/><G33/><T115/><D106/><U38/><E38/><V107/><F107/><W80/><G80/><T47/><D57/><U55/><E55/><N who="3" m="21034" /><G6/><T39/><D115/><U117/><E117/><V132/><F132/><W92/><G91/><T59/><D59/><U58/><E58/><V73/><F73/><W123/><G123/><T30/><D39/><U2/><E2/><V125/><F125/><W37/><G37/><T99/><D99/><U20/><E63/><V114/><F114/><W3/><G3/><T95/><D95/><N who="1" m="54703" /><E61/><V32/><F32/><W131/><G131/><T4/><D4/><U14/><E14/><AGARI ba="1,0" hai="9,10,14,18,21,56,62,67,92,93,94" m="21034" machi="14" ten="30,2000,0" yaku="8,1,54,1" doraHai="82" who="3" fromWho="1" sc="190,0,300,-23,245,0,265,23" /><INIT seed="6,0,0,5,3,45" ten="190,277,245,288" oya="2" hai0="42,46,114,76,64,88,103,57,26,131,56,124,58" hai1="0,53,32,52,100,74,38,118,5,104,121,36,30" hai2="49,112,77,70,27,33,6,17,135,106,35,22,47" hai3="40,119,83,29,81,117,78,115,123,39,55,14,89"/><V127/><F106/><W92/><G123/><T120/><D120/><U134/><E118/><V20/><F70/><W60/><G29/><T34/><D114/><U98/><E121/><V2/><F112/><W43/><G115/><T129/><D76/><U102/><E74/><V113/><F113/><W86/><G39/><T72/><D103/><U80/><E102/><V9/><F135/><W65/><G83/><T21/><D72/><U12/><E0/><V85/><F127/><W18/><G55/><T68/><D34/><U37/><E80/><V122/><F122/><W84/><G119/><T110/><D110/><U95/><E104/><V59/><F59/><N who="3" m="37023" /><G117/><T91/><D64/><U109/><E109/><V99/><F99/><W63/><G63/><T15/><D15/><U116/><E134/><V50/><F22/><AGARI ba="0,0" hai="14,18,22,40,43,78,81,84,86,89,92" m="37023" machi="22" ten="30,1000,0" yaku="8,1" doraHai="45" who="3" fromWho="2" sc="190,0,277,0,245,-10,288,10" /><INIT seed="7,0,0,1,4,27" ten="190,277,235,298" oya="3" hai0="51,12,97,41,39,0,33,28,79,80,69,107,129" hai1="55,11,45,132,121,110,83,113,43,87,53,122,5" hai2="56,42,98,30,105,77,125,112,17,10,119,36,59" hai3="34,135,90,20,1,89,14,92,76,120,91,131,13"/><W22/><G120/><T66/><D0/><U52/><E110/><V57/><F119/><W88/><G34/><T101/><D129/><U111/><E111/><V8/><F112/><W44/><G1/><T75/><D12/><N who="3" m="4713" /><G131/><T64/><D51/><U130/><E130/><V93/><F105/><W9/><G9/><T115/><D115/><U67/><E113/><V116/><F116/><W16/><G135/><T48/><D48/><U68/><E132/><V100/><F17/><W95/><G76/><T4/><D4/><U86/><E86/><V23/><F125/><W63/><G44/><T49/><D49/><U54/><E54/><V102/><F102/><W72/><G72/><T26/><REACH who="0" step="1"/><D69/><REACH who="0" ten="180,277,235,298" step="2"/><U78/><E5/><V124/><F124/><W73/><G73/><T35/><D35/><U108/><E108/><V104/><F36/><W32/><G32/><T96/><D96/><U6/><E6/><V31/><F42/><W103/><G22/><T37/><D37/><U84/><E11/><V21/><F8/><W47/><G47/><AGARI ba="0,1" hai="26,28,33,39,41,47,64,66,75,79,80,97,101,107" machi="47" ten="40,2600,0" yaku="1,1,52,1,53,0" doraHai="27" doraHaiUra="117" who="0" fromWho="3" sc="180,36,277,0,235,0,298,-26" /><INIT seed="8,0,0,2,3,44" ten="216,277,235,272" oya="0" hai0="59,96,85,54,90,51,15,45,8,12,43,112,49" hai1="74,117,66,64,70,50,109,115,110,135,55,95,37" hai2="107,30,130,93,92,4,65,27,80,134,84,1,53" hai3="87,20,16,132,40,63,13,38,81,97,24,69,131"/><T99/><D112/><U0/><E0/><V101/><F130/><W114/><G114/><T52/><D43/><U57/><E74/><V41/><F134/><W72/><G72/><T48/><D48/><U89/><E115/><V113/><F113/><W103/><G131/><T5/><D12/><U125/><E135/><V94/><F41/><W78/><G132/><T68/><D68/><U35/><E35/><V33/><F1/><W98/><G40/><T26/><D26/><U91/><E37/><V73/><F4/><W9/><G38/><T2/><D2/><U29/><E29/><V83/><F73/><W32/><G32/><T121/><D121/><U39/><E39/><V122/><F122/><W129/><G129/><T23/><D23/><U31/><E31/><V104/><F65/><W34/><G34/><T123/><D123/><U127/><E117/><V42/><F42/><W128/><G128/><T79/><D79/><U102/><E91/><N who="2" m="51591" /><F83/><AGARI ba="0,0" hai="5,8,15,45,49,51,52,54,59,83,85,90,96,99" machi="83" ten="30,12000,1" yaku="7,1,8,1,52,2,54,1" doraHai="44" who="0" fromWho="2" sc="216,120,277,0,235,-120,272,0" owari="336,43.6,277,7.7,115,-38.5,272,-12.8" /></mjloggm>