<mjloggm ver="2.3"><GO type="169" lobby="0"/><UN n0="%E6%9C%89%E6%96%90%E3%81%AE%E6%98%9F" n1="%E5%A4%A9%E6%89%8D%E9%BA%BB%E5%B0%86%E6%99%BA%E4%B9%83" n2="%E9%9B%AA%E3%83%8E%E4%B8%8B%E9%9B%AA%E4%B9%83" n3="%E3%83%94%E3%83%B3%E3%82%B5%E3%83%AD%E5%BA%97%E5%93%A1" dan="16,16,16,17" rate="2094.60,2152.26,2053.75,2194.71" sx="M,M,F,M"/><TAIKYOKU oya="0"/><INIT seed="0,0,0,2,4,86" ten="250,250,250,250" oya="0" hai0="42,53,93,122,0,57,77,78,22,44,18,87,5" hai1="24,124,25,48,61,51,43,17,26,84,27,47,31" hai2="19,11,63,46,66,99,38,30,2,62,36,114,52" hai3="125,9,55,28,16,94,126,102,127,128,104,103,91"/><T72/><D72/><U1/><E124/><V67/><F114/><W65/><G128/><T116/><D116/><U118/><E118/><V58/><F30/><W135/><G135/><T54/><D122/><U130/><E130/><V13/><F2/><W111/><G111/><T75/><D75/><U7/><E1/><V12/><F99/><W105/><G65/><T41/><D5/><U115/><E7/><V113/><F113/><W69/><G69/><T8/><D0/><U32/><E115/><V35/><F35/><W112/><G28/><T33/><D8/><U129/><E129/><V97/><F97/><N who="3" m="57567" /><G55/><T80/><D33/><U10/><E61/><V88/><F46/><W131/><G131/><T123/><D78/><U117/><E117/><V108/><F108/><W81/><G81/><T39/><D123/><U45/><E84/><V95/><F13/><N who="3" m="7215" /><G112/><T100/><D42/><U109/><E109/><V96/><REACH who="2" step="1"/><F67/><REACH who="2" ten="250,250,240,250" step="2"/><W133/><G133/><T15/><D100/><AGARI ba="0,1" hai="100,102,103,104,105,125,126,127" m="7215,57567" machi="100" ten="30,3900,0" yaku="18,1,52,1,54,1" doraHai="86" who="3" fromWho="0" sc="250,-39,250,0,240,0,250,49" /><INIT seed="1,0,0,2,3,8" ten="211,250,240,299" oya="1" hai0="47,59,120,118,104,67,85,75,114,30,2,127,0" hai1="61,60,51,109,68,27,62,69,93,32,26,113,31" hai2="40,92,72,35,76,3,56,132,124,80,99,28,17" hai3="98,55,33,37,34,119,25,103,96,54,77,122,42"/><U22/><E113/><V21/><F124/><W16/><G122/><T87/><D75/><U108/><E51/><V131/><F132/><W78/><G119/><T134/><D104/><U101/><E101/><V43/><F131/><W18/><G103/><T6/><D6/><U91/><E32/><V106/><F3/><W82/><G82/><T121/><D47/><U58/><E58/><V57/><F106/><W116/><G25/><T130/><D59/><U83/><E83/><V126/><F126/><W107/><G107/><T110/><D127/><U81/><E81/><V100/><F28/><W74/><G42/><T50/><D30/><U66/><E27/><V39/><F35/><W11/><G11/><T1/><D1/><U19/><E31/><V53/><F56/><W133/><G116/><T46/><D118/><U29/><E29/><V111/><F39/><W63/><G74/><T9/><D114/><U13/><E26/><V12/><REACH who="2" step="1"/><F111/><REACH who="2" ten="211,250,230,299" step="2"/><N who="1" m="42569" /><E68/><V24/><F24/><W14/><G37/><T10/><D110/><U112/><E112/><V88/><F88/><W128/><G128/><T36/><D130/><U41/><E41/><V105/><F105/><W20/><G34/><T49/><D36/><U52/><E52/><V7/><F7/><W65/><G33/><T15/><D0/><U4/><E4/><V129/><F129/><W97/><G133/><T23/><D134/><U45/><E45/><V48/><AGARI ba="0,1" hai="12,17,21,40,43,48,53,57,72,76,80,92,99,100" machi="48" ten="20,5200,0" yaku="1,1,0,1,7,1,52,1,53,0" doraHai="8" doraHaiUra="135" who="2" fromWho="2" sc="211,-13,250,-26,230,62,299,-13" /><INIT seed="2,0,0,4,5,94" ten="198,224,292,286" oya="2" hai0="120,110,49,103,41,7,10,104,125,86,89,35,4" hai1="46,111,69,56,61,42,1,60,130,59,127,66,37" hai2="67,9,112,45,124,58,123,50,128,26,28,77,34" hai3="97,55,88,29,43,107,23,13,16,53,114,11,33"/><V48/><F112/><W109/><G114/><T83/><D110/><U118/><E1/><V92/><F123/><W8/><G109/><T63/><D120/><U82/><E111/><V95/><F128/><W101/><G43/><T30/><D125/><U44/><E82/><V25/><F124/><W113/><G113/><T39/><D39/><U12/><E12/><V17/><F77/><W90/><G33/><T19/><D30/><U2/><E2/><V102/><F102/><W99/><G90/><T0/><D35/><U52/><E127/><V47/><F58/><W117/><G117/><T6/><D63/><U79/><E79/><V57/><F57/><W54/><REACH who="3" step="1"/><G29/><REACH who="3" ten="198,224,292,276" step="2"/><T85/><D41/><U62/><E118/><V68/><F28/><W38/><G38/><T72/><D89/><U87/><E130/><V73/><F34/><W32/><G32/><T3/><D3/><U100/><E100/><V84/><F26/><W70/><G70/><T24/><D103/><U134/><E134/><V119/><F25/><W71/><G71/><T40/><D24/><U116/><E116/><V129/><F68/><W51/><G51/><T106/><D49/><N who="1" m="28711" /><E87/><V27/><F84/><W22/><G22/><T36/><D86/><U121/><E121/><V75/><F119/><W80/><G80/><T31/><D0/><U105/><E105/><V98/><F129/><W131/><G131/><T135/><D135/><U93/><E93/><AGARI ba="0,1" hai="8,11,13,16,23,53,54,55,88,93,97,99,101,107" machi="93" ten="40,12000,2" yaku="1,1,52,2,54,2,53,1" doraHai="94" doraHaiUra="14" who="3" fromWho="1" sc="198,0,224,-120,292,0,276,130" /><INIT seed="3,0,0,5,4,53" ten="198,104,292,406" oya="3" hai0="14,95,31,15,49,105,45,115,82,79,76,66,89" hai1="86,64,26,117,8,92,122,11,50,10,23,40,101" hai2="19,41,109,32,116,71,39,83,128,36,25,106,120" hai3="7,12,97,46,65,51,102,34,52,130,57,38,111"/><W132/><G34/><T69/><D115/><U67/><E122/><V33/><F116/><W123/><G123/><T72/><D105/><U100/><E117/><V0/><F109/><W88/><G130/><T1/><D1/><U77/><E40/><V55/><F0/><W29/><G111/><T62/><D31/><U114/><E114/><V73/><F71/><W126/><G29/><T74/><D79/><U118/><E118/><V16/><F106/><W70/><G132/><T131/><D74/><U113/><E113/><V44/><F128/><W48/><G126/><T135/><D135/><U54/><E77/><V90/><F120/><W6/><G38/><T61/><D61/><U37/><E37/><V60/><F39/><W124/><G124/><T75/><D75/><U119/><E119/><V112/><F112/><W59/><G70/><T17/><D17/><U27/><E27/><V91/><F73/><W3/><G3/><T18/><D18/><U4/><E4/><N who="3" m="1578" /><G12/><T87/><REACH who="0" step="1"/><D131/><REACH who="0" ten="188,104,292,406" step="2"/><U21/><E67/><V104/><F104/><W2/><G2/><T9/><D9/><U58/><E64/><V103/><F19/><W134/><G134/><T81/><D81/><U94/><E94/><V13/><F83/><W78/><G78/><T93/><D93/><U125/><E125/><V99/><F16/><W85/><G65/><T42/><AGARI ba="0,1" hai="14,15,42,45,49,62,66,69,72,76,82,87,89,95" machi="42" ten="20,5200,0" yaku="1,1,0,1,7,1,53,1" doraHai="53" doraHaiUra="47" who="0" fromWho="0" sc="188,62,104,-13,292,-13,406,-26" /><INIT seed="4,0,0,2,4,42" ten="250,91,279,380" oya="0" hai0="1,24,31,114,77,57,76,53,37,26,113,34,52" hai1="81,117,7,83,99,108,115,3,106,11,17,27,111" hai2="128,61,59,91,102,124,13,54,97,62,125,49,35" hai3="14,71,85,47,121,120,75,10,72,116,74,105,67"/><T16/><D37/><U132/><E117/><V68/><F35/><W5/><G116/><T15/><D1/><U21/><E132/><V41/><F128/><W127/><G105/><T39/><D26/><U73/><E115/><N who="0" m="44041" /><D39/><U66/><E66/><N who="2" m="41047" /><F91/><W51/><G127/><N who="2" m="48713" /><F13/><W50/><G85/><T6/><D6/><U107/><E73/><V135/><F97/><W126/><G126/><T36/><D36/><U95/><E106/><V129/><F102/><W84/><G84/><T130/><D130/><U131/><E107/><V43/><F129/><W92/><G92/><T65/><D65/><U19/><E131/><V98/><F98/><W60/><REACH who="3" step="1"/><G51/><REACH who="3" ten="250,91,279,370" step="2"/><N who="0" m="30879" /><D53/><AGARI ba="0,1" hai="5,10,14,47,50,53,60,67,71,72,74,75,120,121" machi="53" ten="40,2600,0" yaku="1,1,52,1,53,0" doraHai="42" doraHaiUra="33" who="3" fromWho="0" sc="250,-26,91,0,279,0,370,36" /><INIT seed="5,0,0,4,5,69" ten="224,91,279,406" oya="1" hai0="27,53,54,132,14,51,122,107,21,60,26,84,12" hai1="78,33,49,41,28,72,90,66,64,39,37,99,93" hai2="108,25,91,2,34,103,112,117,48,81,52,104,73" hai3="71,101,110,92,119,126,65,89,16,55,131,56,18"/><U68/><E72/><V44/><F117/><W74/><G110/><T130/><D107/><U121/><E121/><V77/><F108/><W22/><G74/><T80/><D132/><U118/><E118/><V116/><F116/><W102/><G119/><T70/><D130/><U32/><E78/><V59/><F2/><W125/><G65/><T83/><D83/><U113/><E113/><V109/><F109/><W17/><G71/><T106/><D106/><U133/><E133/><V62/><F112/><W88/><G22/><T35/><D35/><U98/><E68/><V58/><F91/><N who="3" m="34891" /><G92/><T5/><D27/><U45/><E98/><V86/><F73/><W123/><G131/><T24/><D24/><U50/><E33/><V96/><REACH who="2" step="1"/><F62/><REACH who="2" ten="224,91,269,406" step="2"/><N who="3" m="36127" /><G123/><T63/><D122/><U94/><E94/><V11/><F11/><W75/><G75/><T105/><D63/><U36/><REACH who="1" step="1"/><E49/><REACH who="1" ten="224,81,269,406" step="2"/><V135/><F135/><W57/><G126/><T0/><D51/><U124/><E124/><V29/><AGARI ba="0,2" hai="25,29,34,44,48,52,58,59,77,81,86,96,103,104" machi="29" ten="30,7900,0" yaku="1,1,0,1,54,1,53,1" doraHai="69" doraHaiUra="76" who="2" fromWho="2" sc="224,-20,81,-39,269,99,406,-20" /><INIT seed="6,0,0,3,3,78" ten="204,42,368,386" oya="2" hai0="17,109,118,106,80,36,50,94,67,85,102,98,52" hai1="11,21,34,93,126,2,133,1,60,62,79,63,56" hai2="132,0,125,100,48,90,65,5,103,66,25,19,112" hai3="75,81,14,73,87,82,95,46,104,61,131,69,70"/><V130/><F112/><W86/><G104/><T20/><D109/><U58/><E34/><V96/><F130/><W89/><G131/><T31/><D118/><U101/><E133/><V121/><F132/><W26/><G26/><T42/><D67/><U35/><E35/><V71/><F121/><W10/><G46/><T4/><D4/><U119/><E79/><V99/><F125/><W24/><G24/><T23/><D42/><U49/><E126/><V40/><F5/><W57/><G70/><T68/><D36/><U3/><E119/><V15/><F0/><W72/><G69/><T38/><D38/><U51/><E21/><N who="2" m="11519" /><F25/><W124/><G87/><T134/><D68/><U6/><E6/><V30/><F30/><W43/><G43/><T91/><D134/><U123/><E11/><V88/><F71/><W107/><G107/><T53/><D31/><U28/><E28/><V116/><F116/><W41/><G41/><T9/><D106/><U92/><E101/><N who="2" m="38987" /><F66/><W113/><G113/><T114/><D114/><U29/><E29/><V7/><F7/><W37/><G37/><T18/><D53/><U105/><E105/><V59/><F40/><W128/><G128/><T33/><D33/><U129/><E129/><V54/><F65/><N who="3" m="39087" /><G124/><T84/><D84/><U115/><E115/><V8/><F8/><W77/><G77/><T122/><D122/><U47/><E123/><V44/><F44/><W120/><G120/><T97/><D9/><U135/><E135/><V74/><F74/><W64/><G64/><T83/><D20/><U55/><E47/><V108/><F108/><RYUUKYOKU ba="0,0" sc="204,-30,42,10,368,10,386,10" hai1="1,2,3,49,51,55,56,58,60,62,63,92,93" hai2="48,54,59,88,90,96,99" hai3="10,14,72,73,75,81,82,86,89,95" /><INIT seed="6,1,0,2,2,119" ten="174,52,378,396" oya="2" hai0="44,110,95,112,134,20,56,135,102,83,90,82,14" hai1="54,100,70,23,121,116,103,129,18,46,15,125,98" hai2="0,5,61,96,6,11,105,74,25,97,79,8,32" hai3="3,77,69,118,85,117,27,131,87,58,26,114,78"/><V34/><F61/><W36/><G58/><T86/><D110/><U21/><E116/><V120/><F120/><W62/><G62/><T122/><D122/><U9/><E121/><V51/><F51/><W13/><G13/><T101/><D112/><U106/><E129/><V43/><F43/><W92/><G92/><T130/><D130/><U115/><E70/><V93/><F25/><W24/><G131/><T71/><D71/><U126/><E115/><V41/><F41/><W91/><G69/><T55/><D44/><U37/><E103/><N who="2" m="62695" /><F97/><W80/><G114/><T109/><D109/><U132/><E132/><N who="0" m="50729" /><D102/><U2/><E2/><N who="2" m="55" /><F93/><W52/><G3/><T128/><D101/><U73/><E73/><V81/><AGARI ba="1,0" hai="0,6,11,32,34,74,79,81" m="55,62695" machi="81" ten="30,3000,0" yaku="33,2" doraHai="119" who="2" fromWho="2" sc="174,-11,52,-11,378,33,396,-11" /><INIT seed="6,2,0,4,0,107" ten="163,41,411,385" oya="2" hai0="73,16,68,30,39,104,88,77,0,108,45,10,122" hai1="40,70,62,6,64,125,126,14,20,111,60,94,15" hai2="26,93,22,100,72,135,47,53,101,131,95,76,65" hai3="66,92,42,9,24,82,49,18,46,7,91,117,98"/><V21/><F131/><W89/><G117/><T90/><D108/><U74/><E111/><V27/><F135/><W25/><G66/><T11/><D122/><U29/><E40/><V2/><F2/><W103/><G18/><T120/><D104/><U67/><E94/><V23/><F65/><W28/><G82/><N who="0" m="45359" /><D68/><U133/><E133/><V83/><F95/><W57/><G57/><T123/><D30/><U124/><E6/><V43/><F53/><W109/><G109/><T44/><D44/><U99/><E99/><V132/><F132/><W105/><G105/><T121/><D11/><U36/><E36/><V50/><REACH who="2" step="1"/><F93/><REACH who="2" ten="163,41,401,385" step="2"/><W32/><G25/><AGARI ba="2,1" hai="21,22,23,25,26,27,43,47,50,72,76,83,100,101" machi="25" ten="40,7700,0" yaku="1,1,2,1,52,1,53,0" doraHai="107" doraHaiUra="102" who="2" fromWho="3" sc="163,0,41,0,401,93,385,-83" /><INIT seed="6,3,0,5,3,27" ten="163,41,494,302" oya="2" hai0="25,129,80,42,36,22,65,4,102,50,111,21,51" hai1="28,96,13,88,100,45,37,72,128,115,8,31,87" hai2="132,44,99,78,79,10,38,1,62,7,117,135,81" hai3="0,120,134,86,118,15,105,123,94,24,82,2,68"/><V104/><F117/><W110/><G110/><T98/><D111/><U48/><E37/><V30/><F62/><W58/><G105/><T12/><D129/><U124/><E72/><N who="2" m="43207" /><F79/><W130/><G68/><T32/><D32/><U18/><E128/><V92/><F30/><W69/><G69/><T46/><D65/><U53/><E124/><V125/><F125/><W127/><G118/><T74/><D74/><U26/><E115/><V9/><F9/><W108/><G108/><T57/><D80/><N who="1" m="49255" /><E26/><V5/><F5/><W89/><G127/><T41/><D57/><U20/><E20/><V91/><F104/><W49/><G130/><T83/><D83/><U39/><E39/><V3/><F3/><W84/><G2/><T131/><D131/><U23/><E23/><V60/><F60/><W63/><G0/><T16/><D42/><AGARI ba="3,0" hai="1,7,10,38,42,44,91,92,99,132,135" m="43207" machi="42" ten="30,1500,0" yaku="25,1" doraHai="27" who="2" fromWho="0" sc="163,-24,41,0,494,24,302,0" /><INIT seed="6,4,0,3,1,30" ten="139,41,518,302" oya="2" hai0="110,42,17,11,101,107,117,9,105,15,79,7,63" hai1="80,53,23,104,68,109,4,128,135,120,56,16,66" hai2="27,86,78,32,14,115,33,25,89,84,99,51,94" hai3="41,81,126,50,118,6,62,103,3,116,90,113,119"/><V130/><F115/><W28/><G126/><T1/><D110/><U96/><E109/><V57/><F130/><W77/><G113/><T49/><D117/><U121/><E128/><V124/><F124/><W0/><G103/><T123/><D123/><U58/><E135/><V45/><F57/><W2/><G90/><T54/><D79/><U75/><E4/><V74/><F74/><W71/><G28/><T133/><D133/><U21/><E68/><V87/><F78/><W61/><G6/><T52/><D42/><U70/><E70/><V59/><F59/><W65/><G62/><T19/><D101/><U114/><E114/><V129/><F129/><W37/><G50/><T85/><D85/><U24/><E66/><V60/><F60/><W134/><G134/><T43/><D43/><U92/><E104/><V39/><F14/><W91/><G91/><T36/><D36/><U125/><E125/><V31/><F39/><W83/><REACH who="3" step="1"/><G77/><REACH who="3" ten="139,41,518,292" step="2"/><T40/><D63/><U95/><E121/><V111/><F111/><W12/><G12/><T69/><D49/><U29/><E120/><V38/><F38/><W22/><G22/><T67/><D15/><U93/><E96/><V102/><F102/><W73/><G73/><T88/><D88/><U5/><E5/><V100/><F100/><W112/><G112/><T34/><D7/><U131/><E131/><V97/><F89/><W35/><G35/><T48/><D34/><U10/><E10/><V76/><F76/><W122/><G122/><T127/><D9/><U20/><E20/><N who="2" m="15783" /><F51/><W8/><G8/><T13/><D11/><RYUUKYOKU ba="4,1" sc="139,-10,41,-10,518,-10,292,30" hai3="0,2,3,37,41,61,65,71,81,83,116,118,119" /><INIT seed="7,5,1,4,4,56" ten="129,31,508,322" oya="3" hai0="77,74,104,8,118,6,14,32,101,35,120,53,99" hai1="132,28,107,55,73,46,21,44,65,60,75,70,54" hai2="16,133,39,83,129,94,112,12,27,80,126,134,59" hai3="82,66,23,49,135,124,34,68,128,106,0,93,88"/><W131/><G34/><T91/><D118/><U86/><E107/><V127/><F112/><W10/><G106/><T30/><D120/><U5/><E5/><V24/><F39/><W1/><G135/><N who="2" m="51721" /><F129/><N who="3" m="49739" /><G124/><N who="2" m="47657" /><F94/><W109/><G109/><T40/><D40/><U61/><E132/><V50/><F50/><W79/><G23/><T51/><D30/><U72/><E86/><V121/><F121/><W41/><G10/><T45/><D77/><U19/><E28/><V87/><F59/><W113/><G113/><T9/><D74/><U7/><E7/><V102/><F102/><W76/><G49/><T18/><D91/><U17/><E17/><V103/><F103/><W98/><G41/><T26/><D26/><N who="2" m="9770" /><F87/><N who="3" m="48607" /><G76/><T48/><D48/><U62/><E62/><V78/><F78/><W69/><G69/><T110/><D110/><U31/><E31/><V105/><F105/><W38/><G38/><T20/><D20/><AGARI ba="5,1" hai="12,16,20,80,83" m="9770,47657,51721" machi="20" ten="30,3900,0" yaku="20,1,18,1,54,1" doraHai="56" who="2" fromWho="0" sc="129,-54,31,0,508,64,322,0" owari="75,-32.5,31,-46.9,572,67.2,322,12.2" /></mjloggm>