<mjloggm ver="2.3"><GO type="225" lobby="0"/><UN n0="%E3%83%B4%E3%83%A0%EF%BC%99%E3%81%A6" n1="%E6%A1%9C%E8%8A%B1%E9%96%83%E3%80%85" n2="%E3%81%8B%E3%82%8F%E3%81%A1%E3%82%83%E3%82%93%35%38" n3="%E5%91%A8%E6%9D%B1" dan="17,16,16,16" rate="2119.20,2222.05,2128.23,2163.15" sx="M,M,M,M"/><TAIKYOKU oya="0"/><INIT seed="0,0,0,5,5,14" ten="250,250,250,250" oya="0" hai0="78,92,23,60,106,40,45,103,20,79,71,31,29" hai1="116,124,11,34,64,57,15,28,41,110,90,132,43" hai2="98,5,128,36,122,68,129,77,115,96,63,99,47" hai3="17,26,109,133,130,25,13,30,58,107,117,38,121"/><T4/><D106/><U18/><E116/><V1/><F115/><W6/><G107/><T76/><D4/><U101/><E110/><V125/><F122/><W55/><G38/><T120/><D120/><U84/><E124/><V95/><F125/><W104/><G104/><T39/><D71/><U97/><E132/><V123/><F123/><W21/><G121/><T126/><D126/><U0/><E0/><V37/><F77/><W113/><G113/><T102/><D60/><N who="1" m="37903" /><E34/><V16/><F5/><W24/><G117/><T32/><D32/><U19/><E28/><V135/><F1/><W75/><G75/><T91/><D29/><U73/><E73/><V8/><F95/><W12/><G133/><T67/><D67/><U65/><E65/><N who="2" m="41023" /><F47/><W51/><G109/><T61/><D61/><U131/><E131/><N who="2" m="50251" /><F135/><W48/><G130/><T82/><D82/><N who="1" m="49431" /><E97/><V46/><F46/><W49/><REACH who="3" step="1"/><G30/><REACH who="3" ten="250,250,250,240" step="2"/><T85/><D31/><U93/><E101/><V42/><F42/><N who="1" m="15881" /><E93/><V22/><F8/><AGARI ba="0,1" hai="6,8,12,13,17,21,24,25,26,48,49,51,55,58" machi="8" ten="40,5200,0" yaku="1,1,8,1,52,1,53,0" doraHai="14" doraHaiUra="105" who="3" fromWho="2" sc="250,0,250,0,250,-52,240,62" /><INIT seed="1,0,0,3,2,10" ten="250,250,198,302" oya="1" hai0="17,13,129,55,80,106,38,1,56,40,71,134,43" hai1="98,14,68,29,112,65,93,104,73,52,120,117,84" hai2="64,107,128,118,35,26,57,88,82,36,30,75,79" hai3="28,45,22,60,6,131,126,86,7,125,4,39,127"/><U66/><E112/><V44/><F118/><W81/><G131/><T113/><D113/><U78/><E117/><V3/><F128/><W83/><G60/><T61/><D129/><U21/><E120/><V12/><F107/><W32/><G32/><T103/><D1/><U97/><E68/><V102/><F102/><W48/><G39/><T19/><D134/><U105/><E73/><V49/><F3/><W108/><G108/><T110/><D110/><U54/><E104/><V46/><F36/><W0/><G0/><T31/><D31/><U111/><E97/><V133/><F133/><W74/><G74/><T37/><D71/><U25/><E105/><V58/><F46/><W101/><G101/><T124/><D124/><U67/><E111/><V77/><F77/><W51/><G51/><T100/><D106/><U89/><REACH who="1" step="1"/><E14/><REACH who="1" ten="250,240,198,302" step="2"/><V34/><F12/><W20/><G126/><T72/><D72/><U99/><E99/><V18/><F75/><W23/><G127/><T24/><D13/><U90/><E90/><V130/><F88/><W9/><G125/><T92/><D100/><U116/><E116/><V123/><F130/><W91/><G83/><AGARI ba="0,1" hai="21,25,29,52,54,65,66,67,78,83,84,89,93,98" machi="83" ten="40,7700,0" yaku="1,1,8,1,54,1,53,0" doraHai="10" doraHaiUra="115" who="1" fromWho="3" sc="250,0,240,87,198,0,302,-77" /><INIT seed="1,1,0,0,0,10" ten="250,327,198,225" oya="1" hai0="94,56,65,41,66,69,64,86,75,84,49,14,60" hai1="113,32,29,110,87,133,72,3,16,48,50,12,0" hai2="97,4,88,118,27,47,80,34,53,125,55,59,18" hai3="52,22,108,11,100,23,111,96,70,127,31,71,62"/><U130/><E72/><V121/><F125/><W78/><G127/><T117/><D117/><U13/><E113/><V15/><F121/><W40/><G40/><T123/><D75/><U89/><E130/><V26/><F118/><W77/><G31/><T93/><D123/><U30/><E133/><V35/><F35/><W82/><G11/><T58/><D69/><U134/><E134/><V92/><F34/><W131/><G131/><T83/><D84/><U101/><E101/><V91/><F4/><W116/><G116/><T9/><D49/><N who="1" m="19051" /><E0/><V39/><F39/><W44/><G44/><T46/><D46/><U73/><E73/><V103/><F47/><W63/><G100/><T102/><D41/><U120/><E3/><V95/><F80/><W42/><G42/><T112/><D112/><U8/><E32/><V107/><F107/><W90/><G82/><T25/><D25/><N who="2" m="9226" /><F59/><N who="0" m="22570" /><D60/><U54/><E54/><N who="2" m="20491" /><F95/><W57/><G71/><T76/><D102/><U104/><E104/><V17/><F17/><AGARI ba="1,0" hai="9,14,17,64,65,66,76,83,86,93,94" m="22570" machi="17" ten="30,2000,0" yaku="8,1,52,1" doraHai="10" who="0" fromWho="2" sc="250,23,327,0,198,-23,225,0" /><INIT seed="2,0,0,0,0,86" ten="273,327,175,225" oya="2" hai0="20,85,56,112,125,58,68,114,7,91,118,23,59" hai1="66,55,31,134,127,96,62,41,46,51,122,108,94" hai2="61,33,32,47,135,27,111,80,107,37,109,81,54" hai3="131,89,124,38,52,98,21,72,103,76,29,19,11"/><V65/><F107/><W117/><G117/><T101/><D118/><U120/><E108/><N who="2" m="41547" /><F135/><W115/><G115/><T74/><D74/><U1/><E1/><V90/><F27/><W99/><G38/><T110/><D110/><U102/><E134/><V132/><F132/><W40/><G40/><T126/><D101/><U53/><E31/><V22/><F22/><N who="0" m="8234" /><D7/><U45/><E127/><N who="0" m="48649" /><D68/><N who="1" m="42071" /><E46/><V39/><F39/><W35/><G124/><T82/><AGARI ba="0,0" hai="56,58,59,82,85,91,112,114" m="48649,8234" machi="82" ten="40,2700,0" yaku="18,1,52,1" doraHai="86" who="0" fromWho="0" sc="273,27,327,-7,175,-13,225,-7" /><INIT seed="3,0,0,1,0,54" ten="300,320,162,218" oya="3" hai0="101,15,68,20,92,67,6,95,105,64,17,26,61" hai1="135,127,24,16,129,116,99,78,122,84,14,112,121" hai2="114,108,103,44,45,119,100,86,4,134,59,133,47" hai3="85,40,98,62,21,107,51,43,27,2,89,57,31"/><W48/><G2/><T65/><D105/><U18/><E112/><V87/><F114/><W38/><G107/><T77/><D77/><U83/><E129/><V111/><F4/><W11/><G98/><T33/><D33/><U9/><E127/><V132/><F119/><W13/><G38/><T53/><D68/><U81/><E116/><V36/><F59/><W42/><G13/><T10/><D101/><N who="2" m="38986" /><F36/><W55/><REACH who="3" step="1"/><G11/><REACH who="3" ten="300,320,162,208" step="2"/><T75/><D75/><U25/><E99/><V29/><F29/><W120/><G120/><T74/><D74/><U110/><E121/><V37/><F37/><W71/><G71/><T41/><D41/><U131/><E122/><V1/><F1/><W49/><G49/><T22/><D22/><U106/><E106/><V96/><F96/><W79/><G79/><T93/><D61/><U5/><E78/><V23/><F23/><W30/><G30/><T46/><D46/><U80/><E14/><V69/><F69/><W52/><G52/><AGARI ba="0,1" hai="6,10,15,17,20,26,52,53,64,65,67,92,93,95" machi="52" ten="40,2600,0" yaku="8,1,54,1" doraHai="54" who="0" fromWho="3" sc="300,36,320,0,162,0,208,-26" owari="336,43.6,320,12.0,162,-33.8,182,-21.8" /></mjloggm>