<mjloggm ver="2.3"><GO type="169" lobby="0"/><UN n0="%E3%81%9F%E3%81%8C%E3%82%84%E3%81%99" n1="%E8%B5%A4%E6%AF%9B%E3%81%AE%E3%82%AD%E3%83%A7%E3%83%B3" n2="%73%65%69%67%65%6E" n3="%74%2E%6F%2E%6F%2E%73" dan="16,18,17,17" rate="2184.81,2299.65,2195.65,2112.49" sx="M,M,M,M"/><TAIKYOKU oya="0"/><INIT seed="0,0,0,2,1,98" ten="250,250,250,250" oya="0" hai0="35,60,106,88,69,112,94,9,2,72,7,116,8" hai1="81,31,29,58,95,16,99,52,84,78,92,109,100" hai2="28,83,6,120,65,19,77,10,97,76,93,48,14" hai3="57,26,22,133,103,90,59,75,115,87,108,110,135"/><T67/><D35/><U114/><E109/><N who="3" m="42090" /><G75/><T104/><D116/><U24/><E114/><V13/><F120/><W125/><G115/><T50/><D112/><U49/><E95/><V45/><F28/><N who="3" m="17495" /><G125/><T39/><D39/><U74/><E74/><V86/><F65/><W71/><G71/><T91/><D72/><U43/><E43/><V54/><F77/><W70/><G70/><T21/><D21/><AGARI ba="0,0" hai="16,21,24,29,31,49,52,58,78,81,84,92,99,100" machi="21" ten="40,8000,1" yaku="8,1,52,1,54,2" doraHai="98" who="1" fromWho="0" sc="250,-80,250,80,250,0,250,0" /><INIT seed="1,0,0,2,0,63" ten="170,330,250,250" oya="1" hai0="121,81,116,126,97,58,107,87,21,85,130,77,103" hai1="118,43,71,133,18,4,128,38,124,92,6,79,11" hai2="59,68,67,45,53,108,47,111,76,15,131,135,10" hai3="120,132,14,82,57,115,23,134,55,88,61,93,78"/><U12/><E118/><V74/><F74/><W90/><G120/><T101/><D21/><U41/><E124/><V83/><F131/><W123/><G123/><T27/><D121/><U80/><E128/><V54/><F135/><N who="3" m="51755" /><G115/><T102/><D130/><U13/><E133/><V122/><F122/><W105/><G105/><T104/><D27/><U119/><E119/><V20/><F20/><W37/><G37/><T60/><D116/><U36/><E71/><V125/><F125/><W24/><G14/><T46/><D126/><U50/><E92/><V84/><F68/><W22/><G93/><T56/><D46/><N who="2" m="17418" /><F111/><W109/><G109/><T42/><D42/><U49/><E80/><V34/><F34/><W91/><G24/><T127/><D127/><U73/><E79/><V19/><F108/><W89/><N who="3" m="22528" /><DORA hai="112" /><W64/><G55/><N who="2" m="21001" /><F59/><W106/><G106/><T25/><D25/><U48/><E38/><V66/><AGARI ba="0,0" hai="10,15,19,66,67,76,83,84" m="21001,17418" machi="66" ten="30,4000,0" yaku="8,1,52,2" doraHai="63,112" who="2" fromWho="2" sc="170,-10,330,-20,250,40,250,-10" /><INIT seed="2,0,0,3,5,129" ten="160,310,290,240" oya="2" hai0="98,38,93,17,65,32,81,58,118,91,2,74,46" hai1="126,61,79,116,89,6,99,96,108,95,60,109,18" hai2="114,130,78,54,7,9,123,57,27,101,44,107,92" hai3="120,19,67,10,23,125,83,75,110,88,37,12,68"/><V84/><F114/><W29/><G120/><T47/><D32/><U21/><E116/><V104/><F123/><W133/><G110/><N who="1" m="42602" /><E126/><V124/><F130/><W3/><G37/><T71/><D118/><U66/><E6/><V15/><F124/><W122/><G122/><T43/><D2/><U36/><E36/><V132/><F132/><W55/><G125/><T103/><D71/><N who="1" m="42439" /><E61/><V41/><F27/><W76/><G55/><T63/><D47/><U70/><E70/><V39/><F101/><W14/><G3/><T31/><D31/><U73/><E79/><V42/><F42/><W11/><G67/><T100/><REACH who="0" step="1"/><D17/><REACH who="0" ten="150,310,290,240" step="2"/><U62/><E73/><V69/><F69/><W102/><G68/><T50/><D50/><U72/><E72/><V25/><F44/><W26/><G75/><T59/><D59/><U22/><E62/><V4/><F57/><W49/><G49/><T30/><D30/><U56/><E56/><V1/><F39/><W113/><G29/><T127/><D127/><U117/><E117/><V135/><F1/><W53/><G19/><T77/><AGARI ba="0,1" hai="38,43,46,58,63,65,74,77,81,91,93,98,100,103" machi="77" ten="30,2000,0" yaku="1,1,0,1,53,0" doraHai="129" doraHaiUra="28" who="0" fromWho="0" sc="150,30,310,-5,290,-10,240,-5" /><INIT seed="3,0,0,5,1,122" ten="180,305,280,235" oya="3" hai0="37,33,38,85,69,3,35,47,64,92,44,95,45" hai1="40,100,73,12,59,135,77,114,50,115,52,8,90" hai2="118,65,81,103,25,94,130,83,111,120,30,104,127" hai3="102,28,19,6,49,56,51,119,48,46,58,18,123"/><W109/><G119/><T14/><D3/><U70/><E70/><V91/><F118/><W105/><G123/><T4/><D69/><U22/><E135/><V13/><F120/><W117/><G117/><T42/><D64/><U7/><E100/><V132/><F132/><W31/><G6/><T121/><D121/><U78/><E40/><V107/><F130/><W74/><G74/><T79/><D79/><U116/><E116/><V66/><F127/><W96/><G46/><T68/><D68/><U113/><E73/><V21/><F107/><W110/><G28/><T32/><D85/><U82/><REACH who="1" step="1"/><E22/><REACH who="1" ten="180,295,280,235" step="2"/><V27/><F103/><W71/><G71/><T9/><REACH who="0" step="1"/><D42/><REACH who="0" ten="170,295,280,235" step="2"/><U128/><E128/><V76/><F66/><W20/><G105/><T89/><D89/><U84/><AGARI ba="0,2" hai="7,8,12,50,52,59,77,78,82,84,90,113,114,115" machi="84" ten="40,5200,0" yaku="1,1,0,1,54,1,53,0" doraHai="122" doraHaiUra="99" who="1" fromWho="1" sc="170,-13,295,72,280,-13,235,-26" /><INIT seed="4,0,0,2,4,67" ten="157,367,267,209" oya="0" hai0="20,6,114,54,75,7,110,44,53,106,116,104,82" hai1="71,133,47,128,112,32,90,26,94,85,121,66,108" hai2="3,119,100,38,27,8,52,49,81,39,4,122,86" hai3="113,56,17,62,12,16,107,87,45,70,72,64,132"/><T97/><D20/><U61/><E108/><V9/><F122/><W57/><G72/><T30/><D30/><U50/><E121/><V95/><F119/><W51/><G113/><T35/><D35/><U63/><E128/><V91/><F27/><W101/><G132/><T5/><D116/><U28/><E133/><V99/><REACH who="2" step="1"/><F8/><REACH who="2" ten="157,367,257,209" step="2"/><W96/><G87/><T89/><D110/><U48/><E112/><V124/><F124/><W79/><G79/><T127/><D127/><U84/><E84/><V111/><F111/><W92/><G107/><T93/><D114/><U31/><E31/><V74/><F74/><W18/><REACH who="3" step="1"/><G12/><REACH who="3" ten="157,367,257,199" step="2"/><T125/><D125/><U46/><E85/><V118/><F118/><W120/><G120/><T34/><D106/><U80/><E26/><V37/><F37/><W22/><G22/><T102/><D34/><U10/><E32/><V83/><F83/><W43/><AGARI ba="0,2" hai="16,17,18,43,45,51,56,57,62,64,70,92,96,101" machi="43" ten="30,7900,0" yaku="1,1,0,1,52,1,54,1,53,0" doraHai="67" doraHaiUra="68" who="3" fromWho="3" sc="157,-39,367,-20,257,-20,199,99" /><INIT seed="5,0,0,4,3,79" ten="118,347,237,298" oya="1" hai0="27,20,129,6,65,30,32,108,110,121,75,93,0" hai1="132,67,84,39,134,57,12,14,83,2,86,8,37" hai2="69,94,95,107,29,36,4,46,112,68,19,135,24" hai3="120,42,106,52,13,63,80,62,35,113,73,15,77"/><U70/><E70/><V89/><F107/><W9/><G120/><T1/><D65/><U125/><E2/><V47/><F135/><N who="1" m="51753" /><E125/><V130/><F130/><W117/><G113/><T109/><D93/><U97/><E97/><V43/><F112/><W23/><G35/><T50/><D50/><U25/><E25/><V128/><F128/><W85/><G106/><T115/><D115/><U33/><E33/><V60/><F4/><N who="3" m="3239" /><G73/><T88/><D129/><U48/><E86/><V99/><F19/><N who="3" m="10751" /><G42/><T26/><D75/><U118/><E118/><V16/><F16/><W53/><G117/><T74/><D74/><U41/><E41/><V64/><F47/><W51/><G53/><T40/><D40/><U38/><E8/><V71/><REACH who="2" step="1"/><F95/><REACH who="2" ten="118,347,227,298" step="2"/><W18/><G18/><T31/><D121/><U91/><E12/><V100/><F100/><W98/><G98/><T21/><D6/><U114/><E114/><V55/><F55/><W126/><G126/><T72/><D0/><U111/><E14/><V81/><F81/><W17/><G17/><T96/><D1/><U11/><E11/><V34/><AGARI ba="0,1" hai="24,29,34,36,43,46,60,64,68,69,71,89,94,99" machi="34" ten="20,2700,0" yaku="1,1,0,1,7,1,53,0" doraHai="79" doraHaiUra="103" who="2" fromWho="2" sc="118,-7,347,-13,227,37,298,-7" /><INIT seed="6,0,0,3,4,104" ten="111,334,264,291" oya="2" hai0="61,41,132,55,15,7,58,131,8,3,85,47,81" hai1="73,31,95,130,124,101,37,115,44,1,66,112,30" hai2="123,83,127,89,134,46,23,99,97,90,102,128,60" hai3="12,48,28,113,24,9,38,49,84,116,71,100,39"/><V25/><F123/><W20/><G71/><T52/><D3/><U74/><E1/><V126/><F134/><W94/><G116/><T29/><D131/><U56/><E130/><V51/><F128/><W10/><G38/><T18/><D132/><U6/><E6/><V111/><F111/><W40/><G39/><T78/><D29/><N who="1" m="10763" /><E124/><N who="2" m="47659" /><F60/><W22/><G113/><N who="1" m="43594" /><E66/><V64/><F64/><W106/><G106/><T125/><D125/><U82/><E56/><V11/><F11/><W110/><G110/><T72/><D18/><U98/><E82/><V21/><F99/><W4/><G9/><T65/><REACH who="0" step="1"/><D85/><REACH who="0" ten="101,334,264,291" step="2"/><U2/><E2/><V43/><F25/><W19/><G24/><T79/><D79/><U32/><E32/><V54/><F23/><W77/><G22/><T122/><D122/><U59/><E73/><V68/><F21/><W63/><G28/><T96/><D96/><U93/><E74/><V118/><F118/><W133/><G20/><T27/><D27/><U75/><E75/><V62/><F97/><W70/><G133/><T35/><D35/><U121/><E121/><V120/><F120/><W107/><G19/><T103/><D103/><U135/><E135/><V17/><F102/><W114/><G100/><T109/><D109/><U16/><E16/><V26/><F17/><W57/><G114/><T91/><D91/><U33/><E33/><V13/><F26/><W42/><G77/><T119/><D119/><U69/><E101/><V76/><F90/><W88/><G88/><T34/><D34/><U67/><E98/><V5/><F89/><W53/><G84/><RYUUKYOKU ba="0,1" sc="101,30,334,-10,264,-10,291,-10" hai0="7,8,15,41,47,52,55,58,61,65,72,78,81" /><INIT seed="7,1,1,1,1,98" ten="131,324,254,281" oya="3" hai0="69,21,107,13,8,77,95,64,54,36,42,10,40" hai1="84,9,35,25,26,96,55,62,129,113,135,99,49" hai2="104,128,67,101,5,57,39,14,24,33,53,100,32" hai3="68,52,133,4,56,44,119,114,0,58,122,37,108"/><W74/><RYUUKYOKU type="yao9" ba="1,1" sc="131,0,324,0,254,0,281,0" hai3="0,4,37,44,52,56,58,68,74,108,114,119,122,133" /><INIT seed="7,2,1,5,1,2" ten="131,324,254,281" oya="3" hai0="112,33,39,120,115,8,109,12,28,1,100,65,102" hai1="30,6,89,29,81,41,26,21,84,108,35,42,23" hai2="124,97,133,44,79,127,95,92,111,118,43,69,59" hai3="70,38,134,5,85,87,104,22,3,90,72,34,54"/><W37/><G34/><T94/><D39/><U45/><E108/><V60/><F69/><W71/><G72/><T80/><D65/><U68/><E68/><V96/><F111/><W125/><G104/><T58/><D58/><U74/><E74/><V17/><F118/><W99/><G99/><T15/><D80/><U55/><E6/><V56/><F79/><W40/><G54/><T0/><D94/><U101/><E101/><V114/><F114/><N who="0" m="43562" /><D109/><U13/><E35/><V121/><F121/><W16/><G70/><T61/><D61/><U20/><E13/><N who="0" m="5193" /><D120/><U93/><E81/><V116/><F60/><W32/><G71/><T24/><D102/><U19/><E93/><V48/><F95/><W75/><G37/><T123/><D100/><U77/><E77/><V18/><F92/><W25/><G38/><T50/><D50/><U52/><E45/><V62/><F62/><W129/><G90/><T7/><D123/><U27/><E89/><V130/><F56/><W110/><G110/><T11/><D11/><U57/><E57/><V66/><F59/><W10/><G75/><T88/><D88/><U67/><E67/><V105/><F66/><W64/><G64/><T128/><D128/><U76/><E76/><V132/><F130/><W36/><G129/><T113/><N who="0" m="43570" /><T91/><DORA hai="53" /><D91/><U46/><E46/><V86/><F44/><W49/><G36/><T47/><D47/><U119/><E55/><V131/><F131/><W83/><G49/><T106/><D106/><U122/><E122/><V126/><F105/><W78/><G78/><T9/><D9/><RYUUKYOKU ba="2,1" sc="131,30,324,-10,254,-10,281,-10" hai0="0,1,7,8,24,28,33" owari="161,-33.9,324,42.4,244,-15.6,271,7.1" /></mjloggm>