<mjloggm ver="2.3"><GO type="169" lobby="0"/><UN n0="%E3%82%AB%E3%83%AB%E3%83%94%E3%82%B9%E3%82%B5%E3%83%AF%E3%83%BC" n1="%E6%95%97%E5%8C%97%E8%80%85%E3%81%AD%E3%82%8B" n2="%E4%B8%8B%E7%B4%9A%E5%9B%BD%E6%B0%91" n3="%E3%81%9F%E3%81%BE%E5%AD%90" dan="17,17,17,16" rate="2220.62,2175.95,2137.92,2164.79" sx="M,F,M,M"/><TAIKYOKU oya="0"/><INIT seed="0,0,0,3,0,102" ten="250,250,250,250" oya="0" hai0="131,109,128,12,125,91,55,58,35,108,34,130,100" hai1="11,4,110,59,40,18,90,111,27,54,6,96,26" hai2="25,75,120,89,124,112,119,114,56,132,13,20,117" hai3="22,135,14,29,19,116,79,52,78,57,105,101,5"/><T33/><D125/><U9/><E40/><V73/><F56/><W60/><G116/><N who="2" m="44617" /><F124/><W98/><G135/><T17/><D91/><U97/><E90/><V93/><F13/><W121/><G121/><T62/><REACH who="0" step="1"/><D100/><REACH who="0" ten="240,250,250,250" step="2"/><U70/><E111/><V104/><F120/><W127/><G127/><T30/><D30/><U2/><E110/><V21/><F132/><W66/><G29/><T8/><AGARI ba="0,1" hai="8,12,17,33,34,35,55,58,62,108,109,128,130,131" machi="8" ten="50,9600,0" yaku="1,1,0,1,19,1,53,0" doraHai="102" doraHaiUra="47" who="0" fromWho="0" sc="240,106,250,-32,250,-32,250,-32" /><INIT seed="0,1,0,0,4,48" ten="346,218,218,218" oya="0" hai0="15,126,16,68,83,82,53,56,21,106,103,88,51" hai1="67,52,46,17,43,39,40,93,11,107,104,90,57" hai2="131,36,1,25,110,35,26,32,115,79,97,30,98" hai3="14,71,84,125,113,5,114,95,119,111,33,133,129"/><T101/><D68/><U132/><E132/><V128/><F36/><W87/><G119/><T59/><D126/><U100/><E40/><V74/><F74/><W102/><G71/><T94/><D106/><U116/><E116/><V123/><F79/><W31/><G133/><T73/><D59/><U3/><E100/><N who="0" m="38473" /><D73/><U130/><E130/><V8/><F98/><AGARI ba="1,0" hai="15,16,21,51,53,56,82,83,88,94,98" m="38473" machi="98" ten="30,11600,0" yaku="8,1,52,1,54,2" doraHai="48" who="0" fromWho="2" sc="346,119,218,0,218,-119,218,0" /><INIT seed="0,2,0,3,2,107" ten="465,218,99,218" oya="0" hai0="40,115,1,50,101,94,44,7,46,74,54,97,84" hai1="13,52,124,17,76,39,108,15,58,45,21,63,118" hai2="38,65,41,103,34,72,59,10,129,53,75,99,56" hai3="30,128,89,2,27,77,67,90,135,9,18,66,3"/><T82/><D115/><U130/><E118/><V57/><F34/><W4/><G128/><T96/><D96/><U20/><E130/><V73/><F129/><W64/><G135/><T31/><D31/><U127/><E108/><V91/><F65/><W132/><G132/><T37/><D7/><U8/><E76/><V14/><F91/><W80/><G18/><T106/><D1/><U109/><E109/><V113/><F113/><W42/><G42/><T69/><D69/><U134/><E134/><V92/><F41/><W114/><G2/><T87/><REACH who="0" step="1"/><D106/><REACH who="0" ten="455,218,99,218" step="2"/><U88/><E124/><V105/><F105/><W112/><G112/><T43/><D43/><U71/><E127/><V16/><REACH who="2" step="1"/><F38/><REACH who="2" ten="455,218,89,218" step="2"/><W32/><REACH who="3" step="1"/><G114/><REACH who="3" ten="455,218,89,208" step="2"/><T126/><D126/><U35/><E39/><V12/><F12/><W6/><G6/><T33/><D33/><U0/><E15/><V95/><F95/><W131/><G131/><T86/><D86/><AGARI ba="2,3" hai="3,4,9,27,30,32,64,66,67,77,80,86,89,90" machi="86" ten="40,2600,0" yaku="1,1,53,1" doraHai="107" doraHaiUra="24" who="3" fromWho="0" sc="455,-32,218,0,89,0,208,62" /><INIT seed="1,0,0,1,2,97" ten="423,218,89,270" oya="1" hai0="130,110,95,55,57,52,66,16,2,124,133,112,90" hai1="73,6,24,53,32,68,98,123,81,36,86,33,60" hai2="5,109,15,85,4,35,67,25,117,27,118,34,113" hai3="1,42,135,38,125,69,26,56,115,47,62,127,87"/><U51/><E123/><V78/><F67/><N who="3" m="41207" /><G1/><T122/><D112/><U128/><E36/><V50/><F50/><W21/><G87/><T76/><D2/><U3/><E73/><V20/><F85/><W92/><G92/><T134/><D122/><U71/><E128/><V64/><F64/><W12/><G12/><T100/><D130/><U116/><E116/><N who="2" m="44651" /><F78/><W111/><G21/><T131/><D131/><U74/><E74/><V77/><F77/><W46/><G26/><N who="2" m="9737" /><F109/><W102/><G102/><T126/><D110/><U10/><E98/><V22/><F113/><W93/><G93/><T13/><D66/><U114/><E114/><V83/><F83/><W0/><G0/><T63/><D55/><U104/><E104/><V41/><F41/><N who="3" m="22839" /><G111/><T80/><D80/><U23/><E60/><V129/><F129/><W44/><G115/><T79/><D79/><U91/><E71/><V45/><F45/><W48/><G135/><N who="0" m="51723" /><D76/><U28/><REACH who="1" step="1"/><E68/><REACH who="1" ten="423,208,89,270" step="2"/><V132/><F132/><W120/><G120/><T65/><D65/><U59/><AGARI ba="0,1" hai="3,6,10,23,24,28,32,33,51,53,59,81,86,91" machi="59" ten="20,7800,0" yaku="1,1,2,1,0,1,7,1,53,0" doraHai="97" doraHaiUra="99" who="1" fromWho="1" sc="423,-26,208,88,89,-26,270,-26" /><INIT seed="1,1,0,4,0,44" ten="397,296,63,244" oya="1" hai0="79,108,101,111,31,114,26,92,8,84,19,18,123" hai1="50,109,23,91,11,51,122,61,25,103,125,81,80" hai2="128,34,89,40,59,87,78,94,75,39,20,42,53" hai3="105,116,110,16,112,99,72,85,121,98,49,45,54"/><U22/><E122/><V100/><F34/><W120/><G112/><T56/><D114/><U130/><E130/><V106/><F128/><W28/><G72/><T95/><D123/><U104/><E125/><V30/><F39/><W65/><G110/><N who="0" m="42027" /><D56/><U69/><E109/><V5/><F5/><W58/><G116/><T0/><D0/><U21/><E104/><V2/><F2/><W77/><G28/><T82/><D8/><U124/><E124/><V36/><F36/><W134/><G134/><T9/><D9/><U48/><E103/><V33/><F33/><W32/><G32/><N who="0" m="20599" /><D92/><U97/><E11/><V46/><F46/><W37/><G105/><T119/><D119/><U83/><E25/><V96/><F20/><W107/><G107/><T62/><D62/><U24/><E24/><V27/><F27/><W17/><G121/><T115/><D115/><U71/><E61/><V133/><F133/><W41/><G120/><T43/><D43/><U13/><E13/><V66/><F66/><W67/><G67/><T117/><D117/><U68/><E97/><AGARI ba="1,0" hai="18,19,79,82,84,95,97,101" m="20599,42027" machi="97" ten="30,1000,0" yaku="14,1" doraHai="44" who="0" fromWho="1" sc="397,13,296,-13,63,0,244,0" /><INIT seed="2,0,0,0,2,87" ten="410,283,63,244" oya="2" hai0="2,58,19,27,134,3,5,133,1,44,55,29,22" hai1="37,38,101,21,64,16,76,127,129,130,9,79,92" hai2="86,25,100,40,102,67,119,72,123,61,43,33,124" hai3="83,47,94,112,122,120,31,96,70,97,63,57,45"/><V11/><F72/><W62/><G112/><T95/><D44/><U114/><E114/><V88/><F119/><W48/><G120/><T65/><D65/><U15/><E127/><V113/><F113/><W99/><G122/><T115/><D115/><U42/><E64/><V78/><F123/><W53/><G70/><T110/><D110/><U108/><E108/><V74/><F124/><W68/><G68/><T131/><D131/><N who="1" m="50187" /><E9/><V30/><F11/><W0/><G0/><T73/><D73/><U107/><E107/><V23/><F33/><W18/><G31/><T128/><D128/><U13/><E13/><V51/><F78/><N who="1" m="29737" /><E42/><V104/><F74/><W121/><G83/><T52/><D5/><U41/><E41/><N who="2" m="15947" /><F51/><W118/><G118/><T60/><D55/><U50/><E50/><V85/><F85/><W117/><G117/><T81/><D1/><U6/><E6/><V12/><F12/><W8/><G121/><T91/><D2/><U26/><E15/><V17/><F30/><W24/><G8/><T59/><D29/><U90/><E101/><V35/><F35/><W71/><G71/><T125/><D125/><U4/><E4/><V66/><F104/><W36/><G36/><T32/><D32/><U28/><E28/><V111/><F111/><W109/><G109/><T10/><D3/><U89/><E92/><N who="2" m="54295" /><F67/><W7/><G7/><T54/><D10/><U39/><AGARI ba="0,0" hai="16,21,26,37,38,39,89,90" m="29737,50187" machi="39" ten="40,8000,1" yaku="19,1,52,2,54,1" doraHai="87" who="1" fromWho="1" sc="410,-20,283,80,63,-40,244,-20" /><INIT seed="3,0,0,0,4,28" ten="390,363,23,224" oya="3" hai0="132,91,57,101,79,106,77,43,98,88,123,51,20" hai1="73,64,130,40,99,49,121,116,114,18,3,118,39" hai2="128,71,82,112,61,52,15,72,46,122,89,69,86" hai3="67,0,27,78,104,124,109,115,35,108,42,111,21"/><W84/><G115/><T117/><D117/><U5/><E73/><V37/><F112/><W81/><G124/><T54/><D123/><U10/><E114/><V102/><F128/><W8/><G104/><T127/><D127/><U6/><E121/><V38/><F122/><W97/><G42/><T50/><D132/><U92/><E6/><V66/><F72/><W131/><G131/><T133/><D133/><U87/><E130/><V9/><F102/><W62/><G97/><T36/><D36/><U1/><E39/><V19/><REACH who="2" step="1"/><F71/><REACH who="2" ten="390,363,13,224" step="2"/><W95/><G109/><T32/><D101/><U23/><E118/><V45/><F45/><W134/><G111/><T22/><D57/><U56/><E116/><V63/><F63/><W48/><G108/><T25/><D106/><U100/><E56/><V17/><F17/><W29/><G134/><T41/><D50/><AGARI ba="0,1" hai="9,15,19,37,38,46,50,52,61,66,69,82,86,89" machi="50" ten="40,8000,1" yaku="1,1,25,2,54,1,53,1" doraHai="28" doraHaiUra="65" who="2" fromWho="0" sc="390,-80,363,0,13,90,224,0" /><INIT seed="4,0,0,2,5,126" ten="310,363,103,224" oya="0" hai0="2,91,128,31,18,6,123,52,77,129,86,64,93" hai1="35,60,105,80,67,24,69,127,116,73,88,32,45" hai2="79,107,44,61,131,134,56,120,78,124,16,83,65" hai3="8,20,135,28,87,48,58,108,118,25,115,81,103"/><T4/><D123/><U104/><E116/><V70/><F120/><W41/><G118/><T11/><D31/><U50/><E127/><V100/><F124/><W63/><G108/><T42/><D64/><U13/><E13/><V130/><F134/><W33/><G135/><T23/><D42/><U119/><E119/><V10/><F70/><W99/><G115/><T94/><D6/><U75/><E75/><V90/><F44/><W51/><G33/><T89/><D77/><U92/><E80/><V14/><F90/><W57/><G8/><T122/><D52/><U1/><E1/><V9/><F9/><W74/><G74/><T37/><D37/><U72/><E72/><V110/><F110/><W117/><G117/><T101/><D101/><U38/><E73/><V17/><F17/><W12/><G12/><T5/><D5/><U30/><E35/><V40/><F40/><W106/><G57/><T22/><D122/><U114/><E38/><V109/><F109/><W59/><G58/><T55/><D55/><U15/><E15/><V84/><REACH who="2" step="1"/><F78/><REACH who="2" ten="310,363,93,224" step="2"/><W76/><REACH who="3" step="1"/><G41/><REACH who="3" ten="310,363,93,214" step="2"/><T132/><D132/><U29/><E69/><V98/><AGARI ba="0,2" hai="10,14,16,56,61,65,79,83,84,98,100,107,130,131" machi="98" ten="30,12000,2" yaku="1,1,2,1,0,1,52,2,54,1,53,0" doraHai="126" doraHaiUra="27" who="2" fromWho="2" sc="310,-60,363,-30,93,140,214,-30" /><INIT seed="5,0,0,2,4,31" ten="250,333,233,184" oya="1" hai0="103,100,52,23,108,68,110,74,106,60,135,119,7" hai1="124,4,97,70,69,42,21,62,107,44,46,1,131" hai2="87,101,117,132,14,13,99,72,43,109,30,115,121" hai3="63,53,47,39,41,27,32,22,81,95,50,67,133"/><U122/><E122/><V25/><F72/><W18/><G133/><T49/><D119/><U98/><E131/><V54/><F109/><W38/><G81/><T118/><D118/><U90/><E124/><V126/><F117/><W114/><G114/><T123/><D74/><U83/><E1/><V24/><F121/><W5/><G5/><T34/><D123/><U65/><E4/><V94/><F132/><W120/><G120/><T102/><D106/><U104/><E70/><V116/><F116/><W80/><G80/><T134/><D134/><U105/><E46/><V86/><F43/><W10/><G10/><T129/><D135/><U29/><E83/><V17/><F25/><W89/><G32/><T111/><D129/><U78/><E78/><V66/><F66/><W9/><G9/><T128/><D128/><U8/><E8/><V51/><F126/><W36/><G67/><T93/><D34/><U75/><E75/><V96/><F96/><W19/><G19/><T33/><D33/><U15/><E90/><V16/><F17/><W112/><G112/><T73/><D68/><U2/><E2/><V12/><F115/><W91/><G91/><T127/><D73/><U20/><E20/><N who="2" m="13319" /><F30/><W58/><REACH who="3" step="1"/><G36/><REACH who="3" ten="250,333,233,174" step="2"/><T11/><D111/><U6/><E6/><V48/><F48/><W125/><G125/><T37/><D127/><U92/><E65/><V26/><F26/><W59/><G59/><AGARI ba="0,1" hai="12,13,14,51,54,59,86,87,94,99,101" m="13319" machi="59" ten="30,2000,0" yaku="8,1,54,1" doraHai="31" who="2" fromWho="3" sc="250,0,333,0,233,30,174,-20" /><INIT seed="6,0,0,5,5,26" ten="250,333,263,154" oya="2" hai0="61,17,19,66,123,65,91,35,45,77,116,23,31" hai1="98,18,114,63,109,99,87,30,107,56,108,21,101" hai2="71,90,105,133,44,74,28,97,129,124,132,60,79" hai3="10,32,118,15,111,6,12,64,38,68,127,11,55"/><V69/><F124/><W3/><G38/><T131/><D123/><U7/><E114/><V62/><F129/><W72/><G72/><T122/><D122/><U113/><E113/><V134/><F44/><W110/><G68/><N who="2" m="26185" /><F90/><W47/><G64/><N who="0" m="24683" /><D35/><U119/><E119/><V102/><F28/><W86/><G118/><T40/><D116/><U57/><E30/><V52/><F52/><W46/><G127/><T54/><D77/><U39/><E39/><V1/><F1/><W9/><G55/><T16/><D131/><U13/><E7/><V36/><F36/><W0/><G86/><T4/><D4/><U96/><E87/><V93/><F93/><W75/><G75/><T59/><D91/><U92/><E96/><V48/><F48/><W128/><G128/><T49/><D31/><U5/><E5/><V88/><F88/><W130/><G130/><T53/><D54/><U85/><E85/><V112/><F112/><W95/><G95/><T73/><D73/><U94/><E94/><V82/><AGARI ba="0,0" hai="60,62,74,79,82,97,102,105,132,133,134" m="26185" machi="82" ten="40,2100,0" yaku="20,1" doraHai="26" who="2" fromWho="2" sc="250,-7,333,-7,263,21,154,-7" /><INIT seed="6,1,0,5,0,102" ten="243,326,284,147" oya="2" hai0="30,23,18,17,21,27,130,45,60,100,83,116,126" hai1="48,123,101,47,111,88,32,108,37,120,73,52,33" hai2="56,80,68,90,4,25,61,131,69,81,95,36,85" hai3="42,93,64,11,89,109,121,31,75,112,53,79,20"/><V55/><F36/><W62/><G109/><T71/><D130/><U114/><E73/><V77/><F131/><W106/><G121/><N who="1" m="46666" /><E114/><V22/><F4/><W35/><G42/><T119/><D126/><U104/><E37/><V63/><F63/><W57/><G112/><T59/><D71/><U3/><E3/><V66/><F66/><W78/><G35/><N who="1" m="13386" /><E88/><V113/><F81/><W49/><G75/><T5/><D5/><U54/><E54/><V19/><REACH who="2" step="1"/><F113/><REACH who="2" ten="243,326,274,147" step="2"/><W103/><G64/><T1/><D60/><U6/><E6/><V0/><F0/><W9/><G62/><T2/><D83/><U40/><E40/><V10/><F10/><W99/><G9/><T127/><D1/><U135/><E135/><V51/><F51/><W34/><G11/><T122/><D2/><U132/><E132/><V8/><F8/><W74/><G74/><AGARI ba="1,1" hai="19,22,25,55,56,61,68,69,74,77,80,85,90,95" machi="74" ten="30,2900,0" yaku="1,1,7,1,53,0" doraHai="102" doraHaiUra="7" who="2" fromWho="3" sc="243,0,326,0,274,42,147,-32" /><INIT seed="6,2,0,5,0,75" ten="243,326,316,115" oya="2" hai0="130,114,78,8,29,52,94,31,11,45,92,74,39" hai1="44,84,37,40,30,32,10,85,59,60,38,43,115" hai2="101,0,48,17,119,126,88,113,28,132,26,64,83" hai3="35,100,123,81,25,111,68,124,77,134,36,50,122"/><V22/><F119/><W97/><G111/><T110/><D110/><U116/><E115/><V12/><F113/><W129/><G129/><T16/><D114/><U49/><E116/><V69/><F132/><W66/><G134/><T42/><D130/><U57/><E10/><V23/><F126/><W89/><G124/><T93/><D52/><N who="1" m="29735" /><E30/><V87/><F0/><W98/><G89/><T125/><D125/><U65/><E85/><V2/><F2/><W61/><G50/><T1/><D8/><U34/><E84/><V13/><F101/><W127/><G97/><T41/><D41/><N who="1" m="15947" /><E32/><V121/><F121/><W46/><G127/><T120/><D120/><U19/><E19/><V79/><F48/><W102/><G102/><T90/><D90/><U135/><E34/><V7/><F69/><W72/><G46/><T18/><D29/><U118/><E118/><V107/><F64/><W58/><G58/><N who="1" m="22026" /><E135/><V106/><F7/><W53/><G53/><T82/><D31/><U117/><E117/><V104/><REACH who="2" step="1"/><F88/><REACH who="2" ten="243,326,306,115" step="2"/><W99/><G99/><T63/><D1/><U95/><E95/><V109/><F109/><W24/><G123/><T128/><D93/><U33/><E33/><V73/><F73/><W27/><G122/><T105/><D94/><U14/><E14/><AGARI ba="2,1" hai="12,13,14,17,22,23,26,28,79,83,87,104,106,107" machi="14" ten="40,12000,1" yaku="1,1,52,1,53,3" doraHai="75" doraHaiUra="103" who="2" fromWho="1" sc="243,0,326,-126,306,136,115,0" /><INIT seed="6,3,0,3,0,67" ten="243,200,442,115" oya="2" hai0="32,101,128,18,79,40,93,124,87,29,102,123,130" hai1="111,23,10,65,44,15,127,85,96,58,100,121,116" hai2="125,72,68,86,64,60,51,25,56,77,3,4,47" hai3="38,41,69,48,30,6,52,114,27,11,98,54,62"/><V119/><F72/><W53/><G114/><T88/><D40/><U9/><E111/><V1/><F119/><W45/><G98/><T120/><D18/><U26/><E116/><V129/><F129/><N who="0" m="49770" /><D29/><U133/><E127/><V110/><F125/><W0/><G30/><T35/><D124/><U97/><E133/><V92/><F4/><W107/><G107/><T13/><D13/><U43/><E121/><N who="0" m="46665" /><D79/><U113/><E113/><V55/><F25/><W46/><REACH who="3" step="1"/><G27/><REACH who="3" ten="243,200,442,105" step="2"/><T112/><D112/><U83/><E97/><V37/><F110/><W63/><G63/><T82/><D102/><U17/><E96/><AGARI ba="3,1" hai="32,35,82,87,88,93,96,101" m="46665,49770" machi="96" ten="30,2000,0" yaku="19,1,54,1" doraHai="67" who="0" fromWho="1" sc="243,39,200,-29,442,0,105,0" /><INIT seed="7,0,0,2,5,37" ten="282,171,442,105" oya="3" hai0="64,48,38,60,33,13,83,30,35,46,111,68,116" hai1="129,101,103,40,73,97,104,77,36,2,74,10,87" hai2="113,44,66,120,80,106,76,133,28,55,70,31,34" hai3="117,105,94,39,63,6,67,93,130,122,57,58,98"/><W61/><G117/><T52/><D111/><U53/><E103/><V8/><F106/><W108/><G122/><T24/><D116/><U92/><E129/><V91/><F91/><W65/><G130/><T19/><D83/><U23/><E23/><V32/><F66/><W15/><G108/><T27/><D38/><U90/><E73/><V102/><F70/><W109/><G109/><T88/><D88/><U17/><E53/><V62/><F8/><W9/><G105/><T123/><D123/><U54/><E54/><V78/><F55/><W12/><G39/><T7/><D7/><U43/><E36/><V29/><F29/><W0/><REACH who="3" step="1"/><G93/><REACH who="3" ten="282,171,442,95" step="2"/><T59/><D48/><U115/><E115/><V99/><F113/><W25/><G25/><T127/><D27/><U20/><E2/><V5/><F120/><W72/><G72/><T118/><D24/><N who="1" m="14351" /><E10/><V82/><F34/><W132/><G132/><T16/><D118/><U18/><E18/><V100/><F32/><W119/><G119/><T71/><D33/><U21/><E21/><V22/><F22/><W26/><G26/><T135/><D135/><U81/><AGARI ba="0,1" hai="40,43,74,77,81,87,90,92,97,101,104" m="14351" machi="81" ten="30,4000,0" yaku="24,1,52,2" doraHai="37" who="1" fromWho="1" sc="282,-10,171,50,442,-10,95,-20" owari="272,7.2,221,-17.9,432,53.2,75,-42.5" /></mjloggm>