<mjloggm ver="2.3"><GO type="169" lobby="0"/><UN n0="%E4%BA%9C%E6%9C%88" n1="%E4%B8%9E%E9%A3%9B" n2="%73%69%65%72%61%34%30%31" n3="%E4%B8%89%E6%B2%B3%E5%B1%8B%E3%81%AE%E3%82%B5%E3%83%96" dan="17,16,16,16" rate="2177.64,2065.25,2197.62,2136.09" sx="M,M,F,M"/><TAIKYOKU oya="0"/><INIT seed="0,0,0,2,4,109" ten="250,250,250,250" oya="0" hai0="35,18,31,50,99,129,82,104,13,61,39,125,52" hai1="120,117,7,23,115,68,17,65,12,16,11,74,108" hai2="19,29,100,36,105,91,128,48,32,67,6,57,0" hai3="15,34,94,83,47,126,79,96,27,88,86,3,89"/><T72/><D39/><U116/><E74/><V135/><F36/><W123/><G3/><T112/><D129/><U49/><E68/><V55/><F135/><W70/><G70/><T98/><D125/><U59/><E108/><V132/><F132/><W37/><G126/><T84/><D72/><U43/><E120/><V81/><F67/><W54/><G123/><T42/><D104/><U130/><E130/><V38/><F38/><W114/><G114/><T113/><D42/><U97/><E115/><V45/><F29/><W10/><G27/><T24/><D61/><U62/><E17/><V107/><F32/><W44/><G34/><T21/><D99/><U90/><E97/><V76/><F91/><W22/><G22/><T58/><D98/><U75/><E75/><V87/><F19/><W121/><G121/><T102/><D102/><U118/><E90/><AGARI ba="0,0" hai="13,18,21,24,31,35,50,52,58,82,84,90,112,113" machi="90" ten="30,11600,0" yaku="7,1,52,2,54,1" doraHai="109" who="0" fromWho="1" sc="250,116,250,-116,250,0,250,0" /><INIT seed="0,1,0,5,2,78" ten="366,134,250,250" oya="0" hai0="105,112,23,51,126,133,22,68,79,90,3,120,83" hai1="100,107,5,118,73,39,1,81,60,37,77,10,14" hai2="26,65,15,2,114,130,67,76,12,69,70,102,134" hai3="9,24,74,92,41,110,43,16,125,44,108,0,104"/><T48/><D112/><U99/><E118/><V127/><F2/><W117/><G104/><T45/><D120/><U94/><E14/><V28/><F114/><W42/><G117/><T98/><D3/><U129/><E129/><V91/><F127/><W13/><G125/><T49/><D68/><U119/><E119/><V82/><F134/><W11/><G74/><T40/><D133/><U8/><E8/><V111/><F111/><N who="3" m="42539" /><G92/><T56/><D126/><U95/><E95/><V62/><F91/><W72/><G72/><T75/><D90/><U32/><E32/><V53/><F102/><W19/><G24/><T18/><D56/><U57/><REACH who="1" step="1"/><E107/><REACH who="1" ten="366,124,250,250" step="2"/><V6/><F12/><N who="3" m="7183" /><G0/><T66/><D105/><U7/><E7/><V34/><F6/><W31/><G31/><T96/><D18/><U80/><E80/><V84/><F130/><W30/><G30/><T116/><D83/><U71/><E71/><V128/><F128/><W103/><G103/><T101/><D101/><U38/><E38/><AGARI ba="1,1" hai="11,13,19,38,41,42,43,44" m="7183,42539" machi="38" ten="30,2000,0" yaku="14,1,54,1" doraHai="78" who="3" fromWho="1" sc="366,0,124,-23,250,0,250,33" /><INIT seed="1,0,0,2,3,4" ten="366,101,250,283" oya="1" hai0="13,123,103,112,55,82,66,80,6,36,50,77,41" hai1="81,24,19,134,37,22,131,98,68,59,43,84,116" hai2="67,117,53,88,129,87,133,5,105,72,46,114,49" hai3="40,25,48,64,74,126,34,11,30,58,12,90,7"/><U101/><E116/><V97/><F117/><W99/><G74/><T70/><D112/><U89/><E131/><V132/><F72/><W15/><G126/><T110/><D110/><U71/><E134/><V107/><F129/><W122/><G122/><T39/><D103/><U76/><E59/><V113/><F67/><W42/><G12/><T23/><D82/><U45/><REACH who="1" step="1"/><E76/><REACH who="1" ten="366,91,250,283" step="2"/><V18/><F132/><W56/><G56/><T54/><D77/><U94/><AGARI ba="0,1" hai="19,22,24,37,43,45,68,71,81,84,89,94,98,101" machi="94" ten="20,7800,0" yaku="1,1,2,1,0,1,7,1,53,0" doraHai="4" doraHaiUra="119" who="1" fromWho="1" sc="366,-26,91,88,250,-26,283,-26" /><INIT seed="1,1,0,5,5,65" ten="340,179,224,257" oya="1" hai0="35,27,32,34,63,4,110,68,15,115,88,52,75" hai1="71,91,120,113,11,105,10,124,125,40,104,129,121" hai2="132,51,119,25,70,101,117,31,85,57,33,8,102" hai3="45,6,37,36,90,5,3,130,55,94,1,19,100"/><U58/><E40/><V69/><F132/><W67/><G130/><T14/><D115/><U38/><E129/><V43/><F85/><W133/><G133/><T86/><D75/><U127/><E38/><V82/><F82/><W77/><G67/><T106/><D106/><N who="1" m="41067" /><E58/><V80/><F80/><W46/><G19/><T109/><D27/><U17/><E91/><V76/><F76/><W81/><G100/><T7/><D15/><N who="1" m="7415" /><E113/><V48/><F8/><W131/><G131/><T30/><D30/><U47/><E47/><V54/><F101/><W73/><G55/><T98/><D14/><U9/><E71/><V84/><F84/><W72/><G81/><T59/><D68/><U114/><E114/><V95/><F117/><W42/><G42/><T116/><D116/><U107/><N who="1" m="41075" /><U122/><AGARI ba="1,0" hai="9,11,120,121,122,124,125,127" m="7415,41075" machi="122" ten="60,6000,0" yaku="4,1,18,1" doraHai="65" who="1" fromWho="1" sc="340,-21,179,63,224,-21,257,-21" /><INIT seed="1,2,0,5,2,12" ten="319,242,203,236" oya="1" hai0="16,18,103,23,69,27,93,90,19,6,1,14,47" hai1="43,127,35,123,28,92,24,76,36,126,110,132,81" hai2="13,84,45,75,64,85,62,80,77,67,101,97,72" hai3="31,39,108,111,114,82,26,131,5,52,113,125,133"/><U49/><E123/><V51/><F84/><W120/><G39/><T91/><D69/><U48/><E132/><V17/><F67/><W29/><G52/><T56/><D1/><U116/><E116/><V105/><F51/><W135/><G82/><T2/><D2/><U71/><E71/><V96/><F45/><W55/><G55/><T59/><D47/><N who="1" m="24039" /><E92/><V21/><REACH who="2" step="1"/><F96/><REACH who="2" ten="319,242,193,236" step="2"/><W44/><G44/><T122/><D122/><U32/><E48/><V121/><F121/><W134/><G120/><T119/><D119/><U54/><E49/><V74/><F74/><W104/><G134/><T40/><D40/><U124/><E110/><V68/><AGARI ba="2,1" hai="13,17,21,62,64,68,72,75,77,80,85,97,101,105" machi="68" ten="20,5200,0" yaku="1,1,0,1,7,1,52,1,53,0" doraHai="12" doraHaiUra="50" who="2" fromWho="2" sc="319,-15,242,-28,193,68,236,-15" /><INIT seed="2,0,0,1,5,22" ten="304,214,261,221" oya="2" hai0="110,36,73,21,87,42,101,52,45,53,134,123,23" hai1="104,61,106,71,81,99,67,31,133,96,59,100,20" hai2="105,65,116,89,51,132,17,95,33,66,3,24,118" hai3="79,92,125,103,93,11,18,25,131,8,47,14,128"/><V58/><F105/><W82/><G125/><T102/><D73/><U69/><E133/><V10/><F132/><W56/><G47/><T98/><D123/><U124/><E124/><V28/><F65/><W84/><G56/><T16/><D134/><U55/><E81/><V63/><F51/><W12/><G25/><T46/><D110/><U54/><E31/><V111/><F111/><W78/><G103/><T27/><D46/><U120/><E20/><V114/><F114/><W7/><REACH who="3" step="1"/><G79/><REACH who="3" ten="304,214,261,211" step="2"/><T48/><D102/><U77/><E69/><V44/><F44/><W97/><G97/><T80/><D36/><U86/><E71/><V62/><F62/><W34/><G34/><T6/><D98/><U35/><E35/><V126/><F126/><W108/><G108/><T109/><D101/><U19/><E100/><V64/><F64/><W119/><G119/><T70/><D70/><U39/><E99/><V115/><F115/><W60/><G60/><T29/><D109/><U72/><E96/><V68/><F68/><W43/><G43/><T49/><D49/><U30/><E77/><V127/><F127/><W90/><G90/><T121/><D42/><U40/><E40/><V91/><F91/><W50/><G50/><T122/><D53/><U0/><E55/><V5/><REACH who="2" step="1"/><F17/><REACH who="2" ten="304,214,251,211" step="2"/><W1/><G1/><T2/><D2/><U113/><E19/><V15/><F15/><W13/><G13/><N who="0" m="9359" /><D122/><U26/><E0/><V32/><F32/><W38/><G38/><T37/><D121/><U117/><E120/><V83/><F83/><W57/><G57/><T76/><D37/><RYUUKYOKU ba="0,2" sc="304,10,214,-30,251,10,211,10" hai0="6,23,27,29,45,48,52,76,80,87" hai2="3,5,10,24,28,33,58,63,66,89,95,116,118" hai3="7,8,11,12,14,18,78,82,84,92,93,128,131" /><INIT seed="2,1,2,5,1,122" ten="314,184,261,221" oya="2" hai0="81,57,1,45,73,10,93,58,6,96,29,92,114" hai1="39,46,76,106,99,115,111,98,69,118,11,74,120" hai2="79,89,78,19,23,28,32,56,77,55,52,8,108" hai3="107,40,61,24,27,91,44,133,5,66,49,116,126"/><V70/><F70/><W20/><G116/><T130/><D114/><U9/><E9/><V50/><BYE who="1" /><F32/><W109/><G126/><T104/><D130/><U127/><E127/><V4/><F28/><W37/><G133/><T16/><D104/><U128/><E128/><V82/><F108/><W68/><G107/><T67/><D29/><U25/><E25/><V18/><F23/><W59/><G109/><T75/><D93/><U134/><E134/><V12/><REACH who="2" step="1"/><F55/><REACH who="2" ten="314,184,251,221" step="2"/><N who="3" m="32239" /><G20/><T65/><D67/><U0/><E0/><V51/><F51/><W87/><G5/><T135/><D6/><U88/><E88/><V30/><F30/><W33/><G33/><T113/><D65/><U124/><E124/><V63/><F63/><W13/><G13/><T42/><D1/><U60/><E60/><V3/><F3/><W90/><G90/><T123/><D135/><U72/><E72/><V7/><F7/><W43/><G43/><T83/><D42/><U132/><E132/><V26/><F26/><W125/><G125/><T31/><D75/><U103/><E103/><V85/><AGARI ba="1,3" hai="4,8,12,18,19,50,52,56,77,78,79,82,85,89" machi="85" ten="30,11700,0" yaku="1,1,0,1,8,1,54,1,53,0" doraHai="122" doraHaiUra="34" who="2" fromWho="2" sc="314,-40,184,-40,251,150,221,-40" /><INIT seed="2,2,0,0,0,92" ten="274,144,401,181" oya="2" hai0="108,2,134,11,88,31,45,5,115,59,85,117,98" hai1="106,111,38,112,34,7,89,80,113,116,104,109,93" hai2="56,26,83,30,135,87,51,35,69,44,123,6,84" hai3="33,76,27,78,41,0,50,96,8,47,91,81,42"/><V118/><F118/><W58/><G42/><T122/><D122/><U126/><E126/><V16/><F123/><W79/><G58/><T66/><D115/><U133/><E133/><V43/><F69/><W10/><G0/><T90/><D134/><U130/><E130/><V129/><F135/><W36/><G36/><T25/><D108/><U63/><E63/><V48/><F129/><W23/><G33/><T49/><D117/><U82/><E82/><V131/><F131/><W72/><G72/><T52/><D85/><U55/><E55/><V57/><F6/><W107/><G107/><T124/><D124/><U13/><E13/><V94/><F51/><W61/><G61/><T103/><D66/><U29/><E29/><V102/><F16/><N who="3" m="12775" /><G81/><T100/><D59/><U14/><E14/><V74/><F74/><W68/><G68/><T67/><D67/><U40/><E40/><V70/><F70/><W9/><G91/><T65/><D65/><U121/><E121/><V12/><F56/><UN n1="%E4%B8%9E%E9%A3%9B" /><W4/><G4/><T46/><D46/><U101/><E38/><V95/><F57/><W62/><G62/><T28/><D103/><U54/><E34/><V32/><F32/><W22/><G22/><T128/><D128/><U53/><E80/><V15/><F83/><W21/><G21/><T19/><D90/><U75/><E89/><N who="2" m="53543" /><F102/><W77/><G77/><T71/><D88/><U105/><E75/><V119/><F119/><W73/><G73/><T132/><D71/><U18/><E116/><V86/><F95/><W125/><G125/><T20/><D132/><U114/><E105/><AGARI ba="2,0" hai="2,5,11,19,20,25,28,31,45,49,52,98,100,105" machi="105" ten="30,7700,0" yaku="6,1,7,1,52,1,54,1" doraHai="92" who="0" fromWho="1" sc="274,83,144,-83,401,0,181,0" /><INIT seed="3,0,0,5,4,4" ten="357,61,401,181" oya="3" hai0="83,12,45,67,93,127,37,48,73,52,135,39,25" hai1="42,106,38,47,89,24,98,22,121,78,79,90,109" hai2="105,13,99,43,87,64,68,31,51,9,41,10,94" hai3="96,71,65,101,76,0,59,124,111,21,80,97,20"/><W8/><G71/><T108/><D108/><U115/><E109/><V32/><F105/><W120/><G111/><T75/><D127/><U66/><E121/><V92/><F32/><W28/><G120/><T36/><D135/><U40/><E115/><V134/><F134/><W34/><G34/><T15/><D67/><U60/><E42/><V62/><F31/><W128/><G124/><T53/><D93/><U95/><E106/><V35/><F35/><W3/><G128/><T123/><D123/><U77/><E90/><V112/><F112/><W17/><G0/><T118/><D118/><U84/><E84/><V27/><F27/><N who="3" m="16487" /><G3/><T117/><D117/><U131/><E131/><V82/><F13/><N who="3" m="7335" /><G101/><T88/><D25/><U72/><E72/><V2/><F2/><W74/><G74/><T14/><D75/><U133/><E133/><V44/><F43/><W132/><G132/><T50/><D73/><U49/><E38/><V18/><F18/><W100/><G100/><T119/><D119/><U116/><E116/><V57/><F68/><W29/><G80/><T107/><D107/><U56/><REACH who="1" step="1"/><E78/><REACH who="1" ten="357,51,401,181" step="2"/><N who="2" m="46551" /><F94/><W70/><G76/><T16/><D88/><AGARI ba="0,1" hai="9,10,41,44,51,57,62,64,88,92,99" m="46551" machi="88" ten="30,7700,0" yaku="8,1,52,2,54,1" doraHai="4" who="2" fromWho="0" sc="357,-77,51,0,401,87,181,0" /><INIT seed="4,0,0,2,0,60" ten="280,51,488,181" oya="0" hai0="100,106,24,71,36,46,50,20,133,110,5,105,108" hai1="101,10,123,127,85,39,22,97,56,3,83,118,69" hai2="52,28,103,38,65,30,88,47,43,115,27,48,32" hai3="120,15,125,49,45,37,90,134,93,79,87,116,18"/><T4/><D36/><U1/><E39/><V114/><F103/><W70/><G116/><T54/><D71/><U82/><E118/><V122/><F122/><W135/><G120/><T113/><D113/><U8/><E123/><V16/><F30/><W107/><G125/><T75/><D75/><U96/><E69/><V68/><F16/><W11/><G107/><T57/><D133/><N who="3" m="50697" /><G70/><T34/><D34/><U80/><E127/><V104/><F104/><W51/><G79/><T41/><D106/><U132/><E132/><V66/><F88/><W111/><G111/><N who="0" m="42539" /><D100/><U102/><E56/><N who="2" m="32775" /><F66/><W25/><G25/><T12/><D105/><U53/><E53/><V14/><F14/><W92/><G92/><T112/><D12/><U121/><E121/><V89/><F89/><W31/><G31/><N who="0" m="17799" /><D112/><U130/><E130/><V29/><F29/><W73/><G73/><T78/><D78/><U13/><E13/><V84/><F114/><W7/><G7/><T64/><D4/><U9/><E85/><V95/><F84/><W21/><G11/><T119/><D5/><U63/><E63/><N who="2" m="39999" /><F115/><W109/><G109/><T131/><D119/><U67/><E67/><V117/><F117/><W62/><G62/><N who="0" m="37967" /><D131/><U55/><E55/><AGARI ba="0,0" hai="41,46,50,54,55" m="37967,17799,42539" machi="55" ten="30,2900,0" yaku="10,1,52,1" doraHai="60" who="0" fromWho="1" sc="280,29,51,-29,488,0,181,0" /><INIT seed="4,1,0,0,0,72" ten="309,22,488,181" oya="0" hai0="133,48,6,49,45,63,5,85,132,125,84,88,28" hai1="62,93,79,73,75,130,30,38,52,105,114,92,18" hai2="68,131,101,91,66,22,42,27,103,4,65,15,13" hai3="56,100,14,55,41,71,53,51,118,39,23,110,128"/><T74/><D74/><U54/><E38/><V106/><F131/><W96/><G128/><T37/><D28/><U80/><E130/><V9/><F68/><W61/><G110/><T57/><D37/><U3/><E114/><V107/><F42/><W135/><G118/><T108/><D108/><U120/><E120/><V102/><F15/><W59/><G135/><N who="0" m="51787" /><D85/><U17/><E30/><V111/><F111/><W46/><G23/><T127/><D5/><U126/><E105/><V86/><F106/><W26/><G14/><T58/><D6/><U2/><E62/><V11/><F11/><W33/><G26/><T0/><D0/><U64/><E80/><N who="2" m="49607" /><F107/><W82/><G33/><T129/><D129/><U90/><E90/><V124/><F124/><N who="0" m="47690" /><D63/><U47/><E126/><V29/><AGARI ba="1,0" hai="4,9,13,22,27,29,65,66,101,102,103" m="49607" machi="29" ten="30,1100,0" yaku="8,1" doraHai="72" who="2" fromWho="2" sc="309,-6,22,-4,488,14,181,-4" /><INIT seed="5,0,0,4,2,55" ten="303,18,502,177" oya="1" hai0="35,19,90,38,75,26,82,109,121,94,95,37,40" hai1="10,29,21,43,105,64,70,132,84,2,98,63,14" hai2="107,54,22,61,62,113,66,7,134,119,116,58,117" hai3="91,0,81,89,96,112,52,127,51,73,5,110,125"/><U76/><E132/><V77/><F107/><W122/><G110/><T56/><D109/><U118/><E118/><V25/><F134/><W88/><G122/><T3/><D3/><U1/><E43/><V130/><F130/><W59/><G112/><T93/><D121/><U24/><E76/><V126/><F113/><W65/><G65/><T69/><D69/><U17/><E84/><V111/><F111/><W45/><G96/><T15/><D40/><U53/><E53/><V102/><F102/><W57/><G5/><T133/><D133/><U124/><E124/><N who="3" m="47690" /><G0/><T9/><D35/><U85/><E85/><V87/><F7/><W83/><G83/><T50/><D26/><U36/><E36/><V42/><F42/><W20/><G20/><T18/><D18/><U47/><E47/><V31/><F126/><W106/><G106/><T128/><D128/><U135/><E135/><V8/><F8/><W120/><G120/><T78/><D90/><U23/><E23/><V41/><F41/><W97/><G97/><T131/><D131/><U72/><E72/><V48/><REACH who="2" step="1"/><F66/><REACH who="2" ten="303,18,492,177" step="2"/><W86/><G73/><T92/><N who="0" m="23552" /><DORA hai="101" /><T32/><D38/><U114/><REACH who="1" step="1"/><E114/><REACH who="1" ten="303,8,492,177" step="2"/><V68/><F68/><W30/><G30/><T123/><D37/><U80/><E80/><AGARI ba="0,2" hai="22,25,31,48,54,58,61,62,77,80,87,116,117,119" machi="80" ten="40,5200,0" yaku="1,1,52,1,53,1" doraHai="55,101" doraHaiUra="46,6" who="2" fromWho="1" sc="303,0,8,-52,492,72,177,0" owari="303,10.3,-44,-54.4,564,66.4,177,-22.3" /></mjloggm>