<mjloggm ver="2.3"><GO type="225" lobby="0"/><UN n0="%E7%B4%94%E6%BD%94%E3%83%94%E3%83%A9%E3%83%8B%E3%82%A2" n1="%E5%8D%A0%E3%81%84%E5%B8%AB%E8%A3%8F%E3%81%AA%E3%81%84%E3%81%97" n2="%E3%83%A9%E3%83%BC%E3%83%A1%E3%83%B3%E4%BA%94%E9%83%8E" n3="%E3%81%BF%E3%81%BF%E3%81%9A" dan="17,17,16,17" rate="2211.03,2213.85,2087.29,2216.66" sx="M,M,M,M"/><TAIKYOKU oya="0"/><INIT seed="0,0,0,5,0,27" ten="250,250,250,250" oya="0" hai0="127,5,51,8,130,61,50,43,98,85,31,66,100" hai1="96,120,82,104,109,67,47,116,32,111,11,16,97" hai2="53,117,122,6,48,80,2,74,65,40,76,41,1" hai3="63,91,35,124,70,34,39,110,128,0,42,14,92"/><T129/><D85/><U83/><E116/><V125/><F122/><W25/><G0/><T133/><D127/><U99/><E120/><V24/><F125/><W54/><G124/><T20/><D133/><U13/><E104/><V28/><F117/><W56/><G110/><N who="1" m="41994" /><E67/><V77/><F65/><W112/><G112/><T62/><D8/><U60/><E60/><V73/><F6/><W105/><G105/><T106/><D5/><U4/><E32/><V38/><F38/><W52/><G128/><N who="0" m="49259" /><D43/><U12/><E47/><V49/><F1/><W79/><G79/><T18/><D31/><U46/><E46/><V7/><F7/><W55/><G70/><N who="0" m="42319" /><D62/><U9/><AGARI ba="0,0" hai="4,9,11,12,13,16,82,83,96,97,99" m="41994" machi="9" ten="40,2700,0" yaku="14,1,54,1" doraHai="27" who="1" fromWho="1" sc="250,-13,250,27,250,-7,250,-7" /><INIT seed="1,0,0,5,4,118" ten="237,277,243,243" oya="1" hai0="35,102,60,110,81,48,113,95,117,106,66,47,97" hai1="86,37,12,76,26,83,123,129,78,93,84,98,24" hai2="89,107,50,54,105,71,2,133,80,125,6,108,91" hai3="14,57,101,31,132,44,61,32,0,5,134,27,82"/><U64/><E37/><V73/><F71/><W55/><G101/><T119/><D113/><U69/><E129/><V3/><F108/><W90/><G0/><T46/><D110/><U16/><E69/><V1/><F125/><W131/><G131/><T72/><D35/><U28/><E64/><V87/><F133/><N who="3" m="51307" /><G44/><T23/><D47/><U38/><E38/><V33/><F33/><W36/><G36/><T77/><D23/><U104/><E104/><V30/><F30/><W11/><G82/><T7/><D7/><U70/><E70/><V116/><F116/><W100/><G100/><T96/><D96/><U20/><E123/><V67/><F73/><W88/><AGARI ba="0,0" hai="5,11,14,27,31,32,55,57,61,88,90" m="51307" machi="88" ten="30,2000,0" yaku="20,1,54,1" doraHai="118" who="3" fromWho="3" sc="237,-5,277,-10,243,-5,243,20" /><INIT seed="2,0,0,1,4,36" ten="232,267,238,263" oya="2" hai0="120,75,132,115,32,41,113,45,99,50,11,18,112" hai1="78,124,118,76,73,6,34,19,91,104,0,128,81" hai2="63,53,51,88,57,83,44,127,79,114,131,107,125" hai3="39,47,90,21,119,2,17,109,26,31,65,9,1"/><V134/><F114/><W89/><G119/><T4/><D75/><U22/><E118/><V100/><F131/><W33/><G109/><T111/><D111/><U64/><E34/><V86/><F134/><W92/><G65/><T58/><D32/><U48/><E104/><V28/><F28/><W110/><G110/><T55/><D120/><U35/><E35/><V116/><F116/><W12/><G89/><T61/><D99/><U98/><E128/><V87/><F100/><W43/><REACH who="3" step="1"/><G33/><REACH who="3" ten="232,267,238,253" step="2"/><T129/><D129/><U68/><E91/><V122/><F122/><W74/><G74/><T46/><D132/><U54/><E64/><V49/><F107/><W13/><G13/><T96/><D96/><AGARI ba="0,1" hai="1,2,9,12,17,21,26,31,39,43,47,90,92,96" machi="96" ten="30,7700,0" yaku="1,1,7,1,52,1,53,1" doraHai="36" doraHaiUra="25" who="3" fromWho="0" sc="232,-77,267,0,238,0,253,87" /><INIT seed="3,0,0,5,0,6" ten="155,267,238,340" oya="3" hai0="2,116,11,58,25,95,46,94,124,74,130,15,122" hai1="131,80,79,39,98,127,4,123,118,73,107,72,76" hai2="10,132,40,115,23,9,20,91,135,61,24,117,85" hai3="18,1,84,78,68,8,57,29,77,110,0,16,92"/><W19/><G68/><T54/><D116/><U90/><E39/><V43/><F115/><W97/><G110/><T128/><D122/><U103/><E4/><V27/><F61/><W34/><G34/><T30/><D2/><U47/><E47/><V44/><F117/><W101/><G29/><T133/><D74/><U63/><E63/><V36/><F43/><W87/><G0/><T55/><D124/><U126/><E118/><V65/><F65/><W114/><G114/><T60/><D133/><N who="2" m="51274" /><F23/><W17/><G57/><T71/><D71/><U49/><E49/><V13/><F13/><N who="3" m="7207" /><G1/><T106/><D106/><U88/><E131/><V82/><F27/><W104/><G104/><T21/><D128/><U134/><E123/><V86/><F86/><AGARI ba="0,0" hai="17,18,19,77,78,84,86,87,92,97,101" m="7207" machi="86" ten="30,5800,0" yaku="8,1,52,1,54,1" doraHai="6" who="3" fromWho="2" sc="155,0,267,0,238,-58,340,58" owari="155,-34.5,267,6.7,180,-22.0,398,49.8" /></mjloggm>