<mjloggm ver="2.3"><GO type="169" lobby="0"/><UN n0="%68%69%73%61%74%6F%E6%A3%92" n1="%E5%85%BC%E6%98%8E%E5%81%8F%E6%9A%97" n2="%53%6F%6C%69%64" n3="%53%68%69%72%6C%65%79" dan="16,17,17,16" rate="2131.79,2207.65,2145.06,2090.19" sx="M,M,M,M"/><TAIKYOKU oya="0"/><INIT seed="0,0,0,2,2,54" ten="250,250,250,250" oya="0" hai0="18,57,128,13,83,124,14,65,131,19,91,36,109" hai1="49,4,94,62,76,60,111,96,119,58,80,27,48" hai2="61,106,134,100,5,126,97,53,51,23,121,22,130" hai3="40,92,132,20,17,15,30,112,2,101,120,45,32"/><T42/><D124/><U66/><E119/><V8/><F121/><W41/><G112/><T7/><D36/><U35/><E111/><V110/><F110/><W70/><G70/><T31/><D31/><U104/><E104/><V86/><F126/><W9/><G132/><T90/><D42/><U1/><E1/><V26/><F134/><W88/><G101/><T95/><D7/><U0/><E0/><V72/><F72/><W73/><BYE who="2" /><G73/><T16/><D109/><U64/><E4/><V6/><F6/><N who="3" m="1239" /><G45/><T116/><D83/><U117/><E117/><V135/><F135/><W75/><G75/><T39/><D39/><U74/><E27/><V67/><F67/><W25/><G120/><T59/><D65/><UN n2="%53%6F%6C%69%64" /><U118/><E35/><V29/><F130/><N who="0" m="49706" /><D116/><U113/><E113/><V78/><F61/><W107/><G107/><T55/><D55/><U44/><E44/><V34/><F78/><W77/><G77/><T10/><D10/><U105/><E105/><V63/><F63/><W129/><G129/><T69/><D69/><U99/><E118/><V123/><F123/><W103/><G103/><T84/><D91/><U56/><E94/><V38/><F38/><W11/><G11/><T82/><D95/><U102/><E102/><V98/><F100/><W108/><G108/><T71/><D71/><U47/><E48/><V37/><F37/><W81/><G81/><T46/><D46/><U28/><E28/><V87/><F106/><W21/><G21/><N who="2" m="7689" /><F8/><W93/><G93/><T133/><D133/><U50/><E50/><V43/><F51/><W33/><G33/><RYUUKYOKU ba="0,0" sc="250,10,250,10,250,-30,250,10" hai0="13,14,16,18,19,57,59,82,84,90" hai1="47,49,56,58,60,62,64,66,74,76,80,96,99" hai3="15,17,20,25,30,32,40,41,88,92" /><INIT seed="0,1,0,5,2,55" ten="260,260,220,260" oya="0" hai0="109,127,68,60,24,97,14,61,5,108,117,59,46" hai1="39,86,20,75,64,42,120,92,71,81,87,12,122" hai2="121,99,1,18,67,51,84,102,45,100,98,83,74" hai3="36,119,95,94,111,134,26,49,54,50,65,63,2"/><T69/><D24/><U28/><E39/><V17/><F121/><W115/><G2/><T91/><D46/><U53/><E42/><V32/><F32/><W27/><G115/><T0/><D61/><U35/><E35/><V116/><F74/><W133/><G119/><T70/><D127/><U37/><E37/><V90/><F1/><W93/><G36/><T124/><D124/><U96/><E75/><V72/><F72/><W13/><G13/><T23/><D0/><U3/><E3/><V110/><F110/><N who="0" m="42602" /><D117/><U56/><E64/><V43/><F67/><W8/><G8/><N who="0" m="4367" /><D23/><U58/><E71/><V82/><F82/><W113/><G113/><T123/><D123/><U52/><E120/><V30/><F30/><W79/><G111/><T77/><D77/><U62/><E122/><V129/><F116/><W128/><G79/><T66/><D91/><N who="1" m="55327" /><E81/><V33/><F33/><W131/><G26/><T29/><D97/><N who="2" m="36874" /><F129/><W16/><G128/><T44/><D44/><U57/><E57/><V9/><F9/><W78/><G131/><T85/><D29/><U47/><E47/><V88/><F90/><W76/><G76/><T21/><D21/><U105/><E105/><V6/><F6/><W7/><G7/><T132/><D132/><U73/><E28/><V118/><F118/><W19/><G78/><T135/><D135/><U126/><E126/><V25/><F25/><W107/><G27/><T38/><D38/><U80/><E73/><V103/><AGARI ba="1,0" hai="17,18,43,45,51,83,84,88,100,102,103" m="36874" machi="103" ten="30,2000,0" yaku="8,1,54,1" doraHai="55" who="2" fromWho="2" sc="260,-11,260,-6,220,23,260,-6" /><INIT seed="1,0,0,2,1,44" ten="249,254,243,254" oya="1" hai0="105,10,78,87,23,85,8,14,99,6,58,77,39" hai1="127,118,94,84,72,32,61,24,70,47,65,42,125" hai2="108,120,16,101,7,33,49,51,68,107,5,100,122" hai3="59,35,113,48,91,2,112,3,71,115,90,104,36"/><U50/><E118/><V25/><F68/><W111/><G36/><T73/><D39/><U9/><E72/><V15/><F107/><W75/><G104/><T13/><D23/><U18/><E9/><V131/><F120/><W116/><G71/><T17/><D99/><U41/><E41/><V56/><F122/><W106/><G106/><T45/><D45/><U126/><E18/><V40/><F108/><W76/><G35/><T96/><D96/><U82/><E94/><V124/><F124/><W12/><G111/><T95/><D105/><U46/><E46/><N who="2" m="25799" /><F33/><W38/><G38/><T31/><D31/><U20/><E32/><V57/><F25/><W135/><G2/><T53/><D73/><U63/><E63/><V69/><F69/><W83/><G3/><T129/><D129/><U121/><E121/><V132/><F132/><W109/><G135/><T103/><D103/><N who="2" m="39498" /><F131/><W62/><G116/><T134/><D134/><U97/><E97/><V30/><F30/><W19/><G109/><T114/><D114/><U67/><E61/><V98/><F98/><W79/><G75/><T28/><D28/><N who="1" m="17415" /><E70/><V37/><F37/><W110/><G110/><T92/><D92/><U22/><E22/><N who="2" m="11551" /><F57/><W81/><G113/><T55/><D58/><U133/><E133/><V29/><F29/><W93/><G115/><T130/><D130/><U64/><E126/><V117/><F117/><W88/><G112/><T60/><D60/><U74/><E74/><V11/><F11/><W128/><G128/><T119/><D119/><U80/><E84/><N who="0" m="32329" /><D95/><U43/><E43/><V66/><F66/><RYUUKYOKU type="nm" ba="0,0" sc="249,-20,254,-40,243,-20,254,80" hai0="6,8,10,13,14,17,53,55,77,78" hai1="42,47,50,64,65,67,80,82,125,127" hai2="5,7,51,56" /><INIT seed="1,1,0,2,1,132" ten="229,214,223,334" oya="1" hai0="64,100,82,24,59,86,54,62,102,2,44,18,80" hai1="88,130,6,125,28,75,84,76,83,40,68,53,5" hai2="96,116,19,60,110,15,128,94,91,92,37,52,121" hai3="95,21,12,113,81,87,42,56,17,25,71,47,36"/><U16/><E130/><V90/><F116/><W63/><G71/><T27/><D2/><U123/><E123/><V61/><F121/><W114/><G95/><T38/><D80/><U20/><E68/><V119/><F119/><W89/><REACH who="3" step="1"/><G12/><REACH who="3" ten="229,214,223,324" step="2"/><T122/><D122/><U85/><E125/><V4/><F128/><W73/><G73/><T55/><D100/><U66/><E75/><V109/><F109/><W8/><G8/><T10/><D102/><U30/><E66/><AGARI ba="1,1" hai="17,21,25,36,42,47,56,63,66,81,87,89,113,114" machi="66" ten="30,2000,0" yaku="1,1,7,1,53,0" doraHai="132" doraHaiUra="101" who="3" fromWho="1" sc="229,0,214,-23,223,0,324,33" /><INIT seed="2,0,0,1,3,108" ten="229,191,223,357" oya="2" hai0="19,78,35,51,124,89,126,129,20,52,117,64,80" hai1="32,90,41,72,128,15,130,33,120,4,63,69,46" hai2="95,116,109,21,2,49,86,131,62,9,30,50,96" hai3="16,132,99,135,134,68,24,103,88,12,98,34,31"/><V53/><F116/><W94/><G68/><T37/><D37/><U118/><E118/><V93/><F131/><N who="1" m="50217" /><E72/><V43/><F109/><W47/><G47/><T84/><D35/><U122/><E90/><N who="2" m="53463" /><F2/><W14/><REACH who="3" step="1"/><G16/><REACH who="3" ten="229,191,223,347" step="2"/><T1/><D117/><U79/><E120/><V121/><F121/><W58/><G58/><T73/><D129/><U7/><E122/><V18/><F9/><W83/><G83/><T23/><D19/><U74/><E69/><V70/><F70/><W114/><G114/><T10/><D10/><U115/><E115/><V75/><F43/><W104/><AGARI ba="0,1" hai="12,14,24,31,34,88,94,98,99,103,104,132,134,135" machi="104" ten="30,7900,0" yaku="1,1,0,1,20,1,54,1,53,0" doraHai="108" doraHaiUra="113" who="3" fromWho="3" sc="229,-20,191,-20,223,-39,347,89" /><INIT seed="3,0,0,4,4,0" ten="209,171,184,436" oya="3" hai0="2,104,63,39,5,83,14,46,97,127,95,129,13" hai1="117,96,74,38,110,51,54,28,52,48,81,23,24" hai2="56,106,76,25,71,6,4,15,20,17,3,115,128" hai3="68,109,34,42,114,64,26,35,29,112,121,108,1"/><W75/><G121/><T103/><D95/><U92/><E38/><V93/><F106/><W8/><G42/><T44/><D129/><U85/><E110/><N who="3" m="42602" /><G35/><T87/><D63/><U78/><E117/><V9/><F71/><W47/><G47/><T79/><D46/><U30/><E74/><V84/><F115/><W91/><G91/><T105/><D105/><U66/><E66/><V73/><F128/><W120/><G75/><T94/><D104/><U122/><E122/><V16/><F73/><W62/><G120/><T107/><D107/><U77/><E78/><V123/><F123/><W69/><G69/><T49/><D39/><U70/><E70/><V50/><F3/><W118/><G118/><T27/><D27/><U12/><E12/><V86/><F93/><W11/><G11/><T101/><D101/><U67/><E67/><V40/><F40/><W111/><G111/><T59/><D59/><U133/><E133/><V82/><F84/><W55/><G55/><AGARI ba="0,0" hai="4,6,9,15,16,17,20,25,50,55,56,76,82,86" machi="55" ten="40,8000,1" yaku="8,1,52,2,54,1" doraHai="0" who="2" fromWho="3" sc="209,0,171,0,184,80,436,-80" /><INIT seed="4,0,0,4,0,52" ten="209,171,264,356" oya="0" hai0="120,99,70,27,0,4,26,78,49,117,11,80,86" hai1="45,105,66,23,82,134,94,58,127,114,123,61,62" hai2="119,38,40,5,9,110,84,109,113,25,135,35,34" hai3="47,132,53,111,48,126,83,19,89,63,15,106,16"/><T115/><D120/><U118/><E105/><V73/><F113/><W50/><G111/><T30/><D117/><U18/><E118/><V44/><F119/><W107/><G132/><T133/><D70/><U36/><E123/><V3/><F84/><N who="3" m="50335" /><G126/><T56/><D133/><U90/><E134/><V42/><F135/><W122/><G50/><T121/><D115/><U74/><E127/><V69/><F42/><W87/><G87/><T129/><D129/><U17/><E114/><V97/><F97/><W21/><G63/><T20/><D27/><U46/><E36/><V8/><F8/><N who="3" m="6247" /><G122/><T59/><D121/><U125/><E62/><V65/><F73/><W100/><G100/><T43/><D99/><U72/><E72/><V88/><F88/><W22/><G22/><T54/><D43/><U85/><E125/><V131/><F131/><W39/><G39/><T32/><D32/><N who="2" m="12330" /><F25/><AGARI ba="0,0" hai="19,21,25,47,48,53,106,107" m="6247,50335" machi="25" ten="30,2000,0" yaku="25,1,54,1" doraHai="52" who="3" fromWho="2" sc="209,0,171,0,264,-20,356,20" /><INIT seed="5,0,0,0,4,31" ten="209,171,244,376" oya="1" hai0="27,14,2,36,7,114,20,23,130,0,123,120,40" hai1="110,87,6,63,124,100,98,13,18,68,125,3,116" hai2="55,86,122,119,58,10,127,89,29,133,33,61,108" hai3="72,41,21,9,105,80,102,34,96,82,11,44,88"/><U90/><E116/><V64/><F119/><W28/><G21/><T22/><D40/><U79/><E79/><V24/><F122/><N who="0" m="46634" /><D36/><U132/><E132/><V62/><F108/><W59/><G59/><T30/><D114/><U128/><E110/><V83/><F133/><W19/><G19/><T16/><D130/><U118/><E128/><V48/><F127/><N who="1" m="48713" /><E118/><V91/><F10/><W78/><G82/><T70/><D70/><U56/><E68/><V111/><F111/><W52/><G41/><T126/><D126/><U46/><E46/><V66/><REACH who="2" step="1"/><F89/><REACH who="2" ten="209,171,234,376" step="2"/><W112/><G88/><T115/><D115/><U74/><E3/><N who="0" m="1065" /><D7/><U85/><E6/><V104/><F104/><W106/><G106/><T12/><D12/><U113/><E113/><V25/><F25/><W5/><G5/><T71/><D71/><U57/><E90/><V47/><F47/><W65/><G44/><T43/><D43/><U75/><E13/><V1/><F1/><W54/><G112/><T101/><D101/><U15/><E100/><V97/><F97/><W8/><G96/><T37/><D37/><U135/><E98/><V134/><F134/><W39/><G39/><T60/><D60/><AGARI ba="0,1" hai="24,29,33,48,55,58,60,61,62,64,66,83,86,91" machi="60" ten="40,2600,0" yaku="1,1,52,1,53,0" doraHai="31" doraHaiUra="35" who="2" fromWho="0" sc="209,-26,171,0,234,36,376,0" /><INIT seed="6,0,0,4,4,22" ten="183,171,270,376" oya="2" hai0="112,92,8,49,106,52,121,79,17,126,110,114,39" hai1="2,100,130,19,120,21,29,25,56,15,118,45,109" hai2="32,28,70,58,124,61,51,63,54,43,88,35,27" hai3="62,14,111,105,125,128,115,107,90,132,82,75,81"/><V101/><F124/><W5/><G111/><T3/><D106/><U34/><E109/><V127/><F127/><W66/><G125/><T122/><D39/><U55/><E118/><V53/><F101/><W102/><G102/><T80/><D92/><U40/><E130/><V10/><F10/><W83/><G5/><T59/><D110/><U24/><E120/><V4/><F4/><W65/><G14/><T96/><D96/><U77/><E77/><V135/><F135/><W41/><G41/><T72/><D126/><U12/><E2/><V103/><F103/><W84/><G65/><T78/><D78/><U47/><E100/><V42/><F35/><W44/><G44/><T95/><D95/><U68/><E68/><V60/><F70/><W73/><G62/><T119/><D119/><U99/><E99/><V91/><REACH who="2" step="1"/><F54/><REACH who="2" ten="183,171,260,376" step="2"/><W98/><G132/><T87/><D121/><U69/><E69/><V134/><F134/><W30/><G128/><T74/><D122/><U46/><REACH who="1" step="1"/><E40/><AGARI ba="0,1" hai="27,28,32,40,42,43,51,53,58,60,61,63,88,91" machi="40" ten="40,7700,0" yaku="1,1,52,1,54,1,53,0" doraHai="22" doraHaiUra="9" who="2" fromWho="1" sc="183,0,171,-77,260,87,376,0" /><INIT seed="6,1,0,5,3,5" ten="183,94,347,376" oya="2" hai0="4,82,65,71,16,9,11,74,104,131,90,22,25" hai1="32,1,45,123,63,97,86,106,81,8,26,60,120" hai2="53,58,34,62,33,61,124,57,119,46,84,101,3" hai3="38,2,94,44,10,50,6,49,113,128,107,132,51"/><V59/><F119/><W69/><G107/><T129/><D104/><U88/><E45/><V41/><F3/><W96/><G69/><T125/><D125/><U0/><E32/><V109/><F124/><W73/><G73/><T15/><D65/><U93/><E106/><V110/><F101/><W30/><G132/><T21/><D71/><U77/><E26/><V29/><F84/><W18/><G30/><N who="0" m="17711" /><D90/><U68/><E0/><V114/><F29/><W92/><G128/><N who="0" m="49227" /><D4/><U87/><E68/><V28/><F28/><W116/><G116/><T76/><AGARI ba="1,0" hai="9,11,15,16,22,74,76,82" m="49227,17711" machi="76" ten="30,7900,0" yaku="19,1,52,2,54,1" doraHai="5" who="0" fromWho="0" sc="183,82,94,-21,347,-40,376,-21" /><INIT seed="7,0,0,2,0,4" ten="265,73,307,355" oya="3" hai0="128,44,79,80,49,74,3,34,8,71,22,26,124" hai1="86,132,57,39,19,123,0,100,104,28,122,47,53" hai2="107,35,89,29,111,66,96,94,9,31,133,95,127" hai3="59,75,33,130,38,72,10,118,63,54,1,5,32"/><W67/><G118/><T58/><D71/><U14/><E0/><V82/><F111/><W93/><G38/><T76/><D76/><U46/><E132/><V23/><F107/><W105/><G105/><T15/><D58/><U30/><E100/><V64/><F35/><W62/><G130/><T117/><D124/><U78/><E104/><V42/><F127/><W135/><G135/><T126/><D126/><U21/><E39/><V65/><F133/><W97/><G33/><T83/><D83/><U134/><E134/><V85/><F42/><W45/><G32/><T12/><D34/><U60/><E122/><V99/><F23/><W56/><G45/><T101/><D101/><AGARI ba="0,0" hai="1,5,10,54,56,59,62,63,67,72,75,93,97,101" machi="101" ten="30,2900,0" yaku="7,1,52,1" doraHai="4" who="3" fromWho="0" sc="265,-29,73,0,307,0,355,29" owari="236,-16.4,73,-42.7,307,10.7,384,48.4" /></mjloggm>