<mjloggm ver="2.3"><GO type="225" lobby="0"/><UN n0="%E3%81%BF%E3%81%BF%E3%81%9A" n1="%E3%81%BE%E3%81%A8%E3%81%9F" n2="%E3%82%BC%E3%83%AB%E3%83%80%E3%81%AE%E4%BC%9D%E8%AA%AC" n3="%E3%83%96%E3%83%83%E3%83%91%E3%82%AA%E3%83%96%E3%83%81%E3%82%AD%E3%83%B3" dan="17,16,17,16" rate="2224.50,2108.59,2152.71,2138.89" sx="M,M,M,M"/><TAIKYOKU oya="0"/><INIT seed="0,0,0,3,0,36" ten="250,250,250,250" oya="0" hai0="91,13,19,112,114,130,62,94,74,14,32,80,135" hai1="92,86,109,39,133,77,117,8,71,33,121,95,26" hai2="82,102,6,16,25,35,58,21,72,0,96,46,51" hai3="119,40,2,84,93,53,131,76,31,18,64,20,23"/><T106/><D106/><U59/><E71/><V65/><F35/><W85/><G119/><T69/><D32/><U15/><E39/><V38/><F0/><W24/><G131/><T78/><D130/><U28/><E109/><V103/><F6/><W105/><G105/><T27/><D135/><U10/><E117/><V11/><F11/><W124/><G2/><T128/><D128/><U45/><E45/><V30/><F38/><W116/><G116/><T115/><D27/><U5/><E121/><V129/><F129/><W97/><G124/><T118/><D118/><U134/><E59/><V81/><F72/><W7/><G7/><T113/><N who="0" m="28672" /><DORA hai="41" /><T100/><D100/><N who="2" m="38442" /><F96/><W1/><G1/><T88/><D94/><U52/><E10/><V99/><F99/><W48/><G64/><T12/><REACH who="0" step="1"/><D19/><REACH who="0" ten="240,250,250,250" step="2"/><U3/><E92/><V9/><F30/><W125/><G31/><T126/><D126/><U122/><E95/><V55/><F9/><W123/><G93/><T56/><D56/><U49/><E133/><V42/><F65/><AGARI ba="0,1" hai="12,13,14,62,65,69,74,78,80,88,91" m="28672" machi="65" ten="70,12000,1" yaku="1,1,54,1,53,1" doraHai="36,41" doraHaiUra="17,66" who="0" fromWho="2" sc="240,130,250,0,250,-120,250,0" /><INIT seed="0,1,0,1,0,34" ten="370,250,130,250" oya="0" hai0="50,129,124,65,5,122,55,72,30,56,19,61,110" hai1="64,38,104,113,11,4,100,120,47,81,42,49,130" hai2="134,107,58,7,126,33,69,106,40,71,60,84,111" hai3="13,97,86,28,70,118,52,132,20,59,121,80,94"/><T112/><D72/><U36/><E120/><V53/><F33/><W117/><G132/><T127/><D30/><U103/><E130/><V123/><F123/><W85/><G70/><T91/><D122/><U90/><E64/><V2/><F134/><W75/><G121/><T39/><D19/><U119/><E119/><V9/><F111/><W83/><G75/><T109/><D91/><U78/><E90/><V76/><F126/><N who="0" m="48170" /><D5/><U133/><E113/><V131/><F131/><W10/><G117/><T41/><D129/><U99/><E103/><V8/><F40/><W67/><G67/><T77/><D77/><U1/><REACH who="1" step="1"/><E133/><REACH who="1" ten="370,240,130,250" step="2"/><V24/><F71/><W68/><G68/><N who="0" m="42031" /><D112/><U115/><E115/><V48/><F69/><W0/><G118/><T79/><D79/><U92/><E92/><V37/><F107/><W135/><G94/><T17/><D17/><U6/><E6/><V27/><F106/><W25/><G135/><T23/><D23/><U88/><E88/><V114/><F114/><W51/><G20/><T46/><AGARI ba="1,1" hai="39,41,46,50,55,56,109,110" m="42031,48170" machi="46" ten="40,12000,1" yaku="24,1,18,1,34,2" doraHai="34" who="0" fromWho="0" sc="370,133,240,-41,130,-41,250,-41" /><INIT seed="0,2,0,3,0,129" ten="503,199,89,209" oya="0" hai0="31,76,17,97,9,63,114,14,89,132,121,78,95" hai1="40,71,70,102,109,107,57,131,81,112,124,3,128" hai2="130,82,123,100,55,126,79,84,68,36,11,111,28" hai3="10,49,4,88,59,6,61,113,96,118,39,51,98"/><T65/><D114/><U23/><E3/><V20/><F123/><W26/><G113/><T91/><D121/><U22/><E112/><V67/><F130/><N who="1" m="49705" /><E40/><V53/><F36/><W7/><G39/><T87/><D132/><U48/><E22/><V103/><F111/><W8/><G118/><T94/><REACH who="0" step="1"/><D31/><REACH who="0" ten="493,199,89,209" step="2"/><U62/><E109/><V5/><F28/><W41/><G26/><T64/><D64/><U35/><E124/><V93/><F67/><W50/><G41/><T66/><D66/><U108/><E108/><V18/><F126/><W2/><G2/><T13/><D13/><U105/><E71/><AGARI ba="2,1" hai="9,14,17,63,65,71,76,78,87,89,91,94,95,97" machi="71" ten="30,2900,0" yaku="1,1,7,1,53,0" doraHai="129" doraHaiUra="115" who="0" fromWho="1" sc="493,45,199,-35,89,0,209,0" /><INIT seed="0,3,0,5,1,122" ten="538,164,89,209" oya="0" hai0="100,129,73,69,15,3,54,14,21,75,81,104,80" hai1="20,68,49,33,11,4,127,84,61,114,19,34,36" hai2="45,5,93,63,113,133,13,46,60,56,90,53,124" hai3="134,44,16,42,43,72,1,22,110,121,25,48,31"/><T103/><D3/><U128/><E36/><V12/><F124/><W112/><G121/><T51/><D69/><U88/><E128/><V70/><F133/><W76/><G112/><T94/><D129/><U109/><E109/><V67/><F113/><W107/><G134/><T55/><D94/><U65/><E49/><V40/><F5/><W79/><G107/><T66/><D51/><U135/><E135/><V131/><F131/><W125/><G125/><T106/><REACH who="0" step="1"/><D21/><REACH who="0" ten="528,164,89,209" step="2"/><U17/><E127/><V47/><REACH who="2" step="1"/><F40/><REACH who="2" ten="528,164,79,209" step="2"/><W37/><G43/><T10/><D10/><U27/><E114/><V0/><F0/><W82/><G1/><T28/><D28/><U8/><E8/><V30/><F30/><W58/><G31/><T26/><D26/><U120/><E120/><V23/><F23/><W74/><G25/><T9/><D9/><U117/><E17/><V130/><F130/><W102/><G16/><T108/><D108/><U85/><E11/><V62/><F62/><W115/><G22/><T24/><D24/><U39/><E19/><V2/><F2/><W89/><G110/><T32/><D32/><U87/><E33/><V18/><F18/><W111/><G111/><T7/><D7/><U6/><E34/><V64/><F64/><AGARI ba="3,2" hai="14,15,54,55,64,66,73,75,80,81,100,103,104,106" machi="64" ten="25,4800,0" yaku="1,1,22,2,53,0" doraHai="122" doraHaiUra="83" who="0" fromWho="2" sc="528,77,164,0,79,-57,209,0" /><INIT seed="0,4,0,5,5,133" ten="605,164,22,209" oya="0" hai0="44,107,132,45,33,5,106,99,27,16,125,31,87" hai1="119,101,49,55,130,117,61,86,80,41,122,109,91" hai2="89,97,11,12,84,121,68,83,21,14,39,112,37" hai3="17,64,46,131,38,59,10,110,77,51,127,4,93"/><T30/><D132/><U35/><E122/><V63/><F112/><W57/><G110/><T128/><D128/><U26/><E109/><V18/><F121/><W71/><G131/><T25/><D5/><U85/><E130/><V42/><F42/><N who="3" m="22871" /><G77/><T105/><D99/><U7/><E101/><V82/><F97/><W69/><G17/><T50/><D87/><U79/><E41/><V19/><REACH who="2" step="1"/><F82/><REACH who="2" ten="605,164,12,209" step="2"/><W0/><G71/><T115/><D115/><U90/><E117/><V23/><F23/><W92/><G69/><T66/><D66/><AGARI ba="4,1" hai="11,12,14,18,19,21,37,39,63,66,68,83,84,89" machi="66" ten="40,1300,0" yaku="1,1,53,0" doraHai="133" doraHaiUra="47" who="2" fromWho="0" sc="605,-25,164,0,12,35,209,0" /><INIT seed="1,0,0,3,0,92" ten="580,164,47,209" oya="1" hai0="58,72,133,91,84,109,63,135,36,57,35,113,3" hai1="40,126,25,88,19,132,131,118,24,31,85,104,30" hai2="134,51,94,68,6,80,48,120,119,74,21,11,82" hai3="26,90,52,93,18,16,71,75,117,77,47,114,28"/><U46/><E118/><V37/><F119/><W76/><G114/><T103/><D113/><U17/><E126/><V22/><F120/><W41/><G71/><T107/><D72/><U69/><E69/><V53/><F68/><W67/><G67/><T115/><D115/><U61/><E104/><V130/><F37/><W100/><G100/><T66/><D36/><U12/><E61/><V55/><F134/><N who="0" m="51210" /><D3/><U9/><E19/><N who="3" m="7210" /><G41/><T98/><D35/><U10/><E10/><V45/><F130/><W5/><G5/><T34/><D34/><U33/><E131/><V20/><F74/><W29/><G75/><T110/><D57/><U83/><E132/><V128/><F94/><AGARI ba="0,0" hai="58,63,66,84,91,94,98,103,107,109,110" m="51210" machi="94" ten="30,2000,0" yaku="20,1,52,1" doraHai="92" who="0" fromWho="2" sc="580,20,164,0,47,-20,209,0" /><INIT seed="2,0,0,5,2,107" ten="600,164,27,209" oya="2" hai0="64,63,18,83,73,22,108,52,87,41,62,2,5" hai1="82,49,17,118,31,133,72,93,80,21,4,135,30" hai2="102,3,98,71,99,134,78,50,111,32,12,77,117" hai3="122,86,85,112,16,113,44,53,37,29,1,48,110"/><V23/><F3/><W88/><G122/><T106/><D106/><U0/><E93/><V25/><F117/><W15/><G1/><T92/><D108/><U6/><E49/><V28/><F134/><W19/><G110/><T68/><D41/><U11/><E118/><V66/><F111/><W129/><G129/><T76/><D5/><U115/><E6/><V46/><F71/><W55/><G29/><T36/><D36/><U43/><E43/><V70/><F70/><W132/><G132/><N who="1" m="50762" /><E72/><V95/><F66/><W90/><G37/><T27/><D2/><U127/><E82/><V91/><F12/><W120/><G120/><T65/><D52/><N who="3" m="20041" /><G48/><T58/><REACH who="0" step="1"/><D92/><REACH who="0" ten="590,164,27,209" step="2"/><U109/><E109/><V20/><F32/><W10/><G44/><T9/><D9/><U56/><E11/><V51/><F20/><W84/><G10/><T96/><D96/><U45/><E21/><V101/><F51/><W54/><G54/><T121/><D121/><U126/><E0/><V60/><F60/><W123/><G123/><T128/><D128/><U79/><E45/><V67/><F67/><W94/><G94/><T39/><D39/><U8/><E8/><V119/><F119/><W47/><G47/><T131/><D131/><U59/><E4/><V130/><F130/><W74/><G112/><T100/><D100/><N who="2" m="38506" /><F99/><W61/><G113/><T81/><D81/><U14/><E115/><V24/><F24/><W33/><G15/><T105/><D105/><U26/><E26/><V38/><F38/><W42/><G42/><AGARI ba="0,1" hai="23,25,28,42,46,50,77,78,91,95,98" m="38506" machi="42" ten="30,1500,0" yaku="8,1" doraHai="107" who="2" fromWho="3" sc="590,0,164,0,27,25,209,-15" /><INIT seed="2,1,0,2,3,104" ten="590,164,52,194" oya="2" hai0="26,113,11,77,90,61,24,4,50,9,32,96,55" hai1="8,10,119,66,33,108,97,13,16,68,79,40,53" hai2="83,74,20,92,71,64,110,85,121,0,6,123,131" hai3="106,28,80,31,47,78,132,87,115,7,15,107,52"/><V19/><F131/><W62/><G132/><T14/><D113/><U93/><E33/><V114/><F114/><W98/><G115/><T105/><D32/><U49/><E119/><V51/><F110/><W37/><G37/><T126/><D126/><U38/><E79/><V88/><F0/><W95/><G107/><T135/><D135/><U116/><E116/><V2/><F2/><W39/><G106/><T67/><D77/><U89/><E38/><V130/><F6/><W44/><G39/><T109/><D109/><U84/><E40/><V128/><F64/><W81/><G81/><T82/><D11/><U70/><E66/><V60/><F60/><W129/><G129/><N who="2" m="49769" /><F71/><W65/><G7/><T42/><D42/><U86/><E108/><V46/><F83/><W18/><G31/><T101/><D90/><U54/><E70/><V127/><F127/><W23/><G28/><T41/><D41/><U75/><E68/><V94/><F94/><W34/><G34/><T72/><D61/><U117/><E54/><N who="2" m="30071" /><F74/><W100/><G65/><T69/><D67/><U1/><E75/><V29/><F29/><W112/><G112/><T48/><D69/><U99/><E117/><V63/><F63/><W124/><G124/><T27/><D55/><U36/><E1/><V30/><F30/><W103/><G103/><T21/><D72/><U91/><E36/><V43/><F43/><W122/><G122/><T118/><D82/><U35/><E93/><V22/><F22/><W57/><AGARI ba="1,0" hai="15,18,23,44,47,52,57,62,78,80,87,95,98,100" machi="57" ten="30,4000,0" yaku="0,1,8,1,54,1" doraHai="104" who="3" fromWho="3" sc="590,-11,164,-11,52,-21,194,43" /><INIT seed="3,0,0,2,5,36" ten="579,153,31,237" oya="3" hai0="135,105,53,132,27,13,110,47,67,39,12,54,56" hai1="76,128,82,34,113,41,121,90,83,7,2,28,115" hai2="116,42,79,87,11,55,111,72,95,106,98,134,0" hai3="117,126,122,38,103,14,6,109,45,85,96,18,74"/><W20/><G117/><T97/><D110/><U77/><E28/><V127/><F116/><W102/><G122/><T69/><D27/><U101/><E34/><V57/><F111/><W86/><G74/><T120/><D105/><U37/><E7/><V24/><F127/><W25/><G126/><T64/><D97/><U130/><E2/><V119/><F119/><W5/><G109/><T8/><D120/><U33/><E37/><V80/><F134/><N who="0" m="51242" /><D69/><U60/><E60/><V16/><F0/><W62/><G38/><T112/><D13/><U26/><E26/><V63/><F106/><W89/><G45/><T129/><D129/><U44/><E44/><V91/><F72/><W68/><G68/><T4/><D112/><U22/><E22/><V114/><F114/><W40/><G40/><N who="0" m="22943" /><D53/><U108/><E33/><V65/><F65/><W100/><G89/><T107/><D107/><U17/><E108/><V52/><F55/><W46/><G86/><T10/><D10/><U9/><E9/><V94/><F94/><W133/><G85/><T35/><D35/><U92/><E92/><V51/><F11/><W61/><G5/><T30/><D30/><U15/><E121/><V99/><F99/><W29/><G96/><T78/><D78/><U71/><E76/><V50/><F42/><W73/><G73/><T104/><D104/><U81/><E41/><V118/><F118/><W124/><G133/><T84/><D84/><U131/><E77/><V1/><F1/><W70/><G124/><T21/><D21/><U3/><E128/><V58/><F58/><W125/><G125/><RYUUKYOKU ba="0,0" sc="579,15,153,-15,31,15,237,-15" hai0="4,8,12,54,56,64,67" hai2="16,24,50,51,52,57,63,79,80,87,91,95,98" owari="594,69.4,138,-26.2,46,-45.4,222,2.2" /></mjloggm>