<mjloggm ver="2.3"><GO type="169" lobby="0"/><UN n0="%E3%81%9F%E3%81%AA%E3%81%8B%E6%95%99%E7%A5%96" n1="%E5%85%A9%E5%84%80%E4%B8%B6%E5%BC%8F" n2="%E3%82%88%E3%81%86%E3%81%B8%E3%83%BC%58" n3="%E5%B0%8F%E6%B3%89%E3%83%81%E3%83%AB%E3%83%89%E3%83%AC%E3%83%B3" dan="17,16,17,16" rate="2175.06,2124.86,2235.21,2102.48" sx="M,M,M,M"/><TAIKYOKU oya="0"/><INIT seed="0,0,0,4,4,10" ten="250,250,250,250" oya="0" hai0="108,50,29,61,68,99,20,15,37,81,59,127,38" hai1="82,80,84,133,113,31,21,36,114,24,46,18,7" hai2="116,39,88,83,60,54,65,135,110,11,48,91,126" hai3="121,78,27,134,23,69,118,34,28,30,26,107,117"/><T2/><D2/><U52/><E133/><V47/><F135/><W17/><G69/><T104/><D108/><U19/><E7/><V124/><F110/><W43/><G107/><T132/><D132/><U66/><E66/><V49/><F116/><N who="3" m="44651" /><G78/><T131/><D131/><U102/><E102/><V106/><F106/><W1/><G43/><T115/><D115/><N who="1" m="44043" /><E82/><V33/><F33/><N who="3" m="20631" /><G134/><T4/><D68/><U98/><E98/><V119/><F119/><W22/><G1/><T96/><D104/><U105/><E105/><V0/><F39/><W14/><G121/><T62/><D38/><U85/><E36/><V93/><F49/><W94/><G94/><T128/><D37/><U123/><E123/><V87/><F0/><W74/><G74/><T73/><D73/><U103/><E103/><V5/><F93/><W40/><G40/><T41/><D41/><U6/><E6/><V58/><REACH who="2" step="1"/><F91/><REACH who="2" ten="250,250,240,250" step="2"/><W53/><G53/><T42/><D50/><N who="1" m="28759" /><E85/><V3/><AGARI ba="0,1" hai="3,5,11,47,48,54,58,60,65,83,87,88,124,126" machi="3" ten="30,4000,0" yaku="1,1,0,1,54,1,53,0" doraHai="10" doraHaiUra="72" who="2" fromWho="2" sc="250,-20,250,-10,240,50,250,-10" /><INIT seed="1,0,0,1,3,84" ten="230,240,290,240" oya="1" hai0="5,89,114,76,122,53,105,21,23,48,115,134,44" hai1="50,107,93,71,94,125,19,62,2,24,7,46,95" hai2="60,75,117,112,49,47,29,124,74,31,67,36,102" hai3="77,101,70,61,92,69,120,86,16,33,119,109,41"/><U106/><E125/><V55/><F117/><W98/><G120/><T8/><D122/><U37/><E37/><V30/><F124/><W54/><G33/><T40/><D105/><U131/><E131/><V127/><F127/><W65/><G109/><T97/><D134/><U80/><E2/><V130/><F130/><W96/><G119/><T103/><D76/><U56/><E7/><V87/><F112/><W100/><G41/><T22/><D40/><U12/><E71/><V17/><F102/><W88/><G69/><T133/><D133/><U45/><E24/><V38/><F17/><W52/><G77/><T68/><D68/><U132/><E132/><V39/><REACH who="2" step="1"/><F87/><REACH who="2" ten="230,240,280,240" step="2"/><W59/><G16/><T79/><D114/><U57/><E107/><V51/><F51/><W113/><G113/><T32/><D115/><U99/><E106/><V13/><F13/><W10/><G10/><T83/><D103/><N who="3" m="39497" /><G70/><AGARI ba="0,1" hai="29,30,31,36,38,39,47,49,55,60,67,70,74,75" machi="70" ten="50,1600,0" yaku="1,1,53,0" doraHai="84" doraHaiUra="72" who="2" fromWho="3" sc="230,0,240,0,280,26,240,-16" /><INIT seed="2,0,0,3,0,16" ten="230,240,306,224" oya="2" hai0="48,14,123,116,112,50,114,0,111,93,105,19,5" hai1="29,28,43,133,135,18,90,61,100,56,67,57,51" hai2="45,70,125,39,117,80,129,75,12,118,77,98,34" hai3="130,62,104,131,106,1,63,102,64,59,49,68,37"/><V4/><F70/><W83/><G1/><T65/><D105/><U41/><E100/><V107/><F34/><W25/><G37/><T110/><D65/><U108/><E90/><V27/><F129/><N who="3" m="49163" /><G102/><T109/><D93/><U103/><E103/><N who="2" m="62967" /><F12/><W101/><G101/><T42/><D42/><N who="1" m="15883" /><E108/><V40/><F27/><W72/><G49/><T36/><D36/><U52/><E18/><V47/><F47/><W120/><G120/><T30/><D123/><U17/><E17/><V91/><F91/><W15/><G15/><T113/><D30/><U127/><E28/><V134/><F4/><W89/><G25/><T99/><D99/><U66/><E29/><V24/><F24/><W84/><G72/><T96/><D96/><U92/><E92/><V20/><F118/><W115/><G115/><T79/><D79/><U82/><E82/><V128/><F128/><W3/><G3/><T2/><D116/><U13/><E13/><V11/><F117/><W58/><G68/><T87/><D2/><U8/><E8/><V81/><F11/><W21/><G21/><N who="0" m="11511" /><D87/><U35/><E35/><V88/><F20/><W124/><G124/><T44/><D44/><N who="1" m="27751" /><E127/><V86/><F125/><W95/><G95/><T122/><D122/><U7/><E7/><V94/><F81/><W9/><G9/><AGARI ba="0,0" hai="0,5,9,48,50,109,110,111,112,113,114" m="11511" machi="9" ten="40,2600,0" yaku="14,1,52,1" doraHai="16" who="0" fromWho="3" sc="230,26,240,0,306,0,224,-26" /><INIT seed="3,0,0,1,3,5" ten="256,240,306,198" oya="3" hai0="47,26,2,30,0,74,105,95,100,38,43,98,41" hai1="97,84,31,70,7,122,22,1,44,128,19,51,4" hai2="121,135,59,93,69,71,52,130,45,25,11,16,72" hai3="66,92,109,131,35,10,62,24,115,113,17,42,116"/><W73/><G116/><T68/><D43/><U120/><E70/><V119/><F72/><W129/><G73/><T6/><D95/><U110/><E110/><V101/><F119/><W53/><G42/><T76/><D6/><U89/><E128/><N who="3" m="49226" /><G53/><T36/><D36/><U55/><E97/><N who="2" m="59567" /><F130/><W81/><G109/><T13/><D13/><U50/><E31/><V107/><F107/><W27/><G81/><T21/><D68/><U56/><E4/><V103/><F103/><W125/><G92/><T12/><D12/><U58/><E7/><V91/><F45/><W28/><G125/><T108/><D108/><U127/><E1/><V114/><F114/><N who="3" m="43531" /><G62/><T106/><D106/><U88/><E127/><V46/><F46/><W63/><G63/><T75/><D74/><U117/><E117/><V79/><F79/><W40/><G66/><T134/><D2/><U15/><E89/><V83/><F91/><W102/><G40/><T96/><D0/><U118/><E118/><V32/><F83/><W54/><G54/><T90/><D76/><U86/><E86/><V29/><F121/><W87/><G87/><T23/><D75/><U60/><E51/><N who="2" m="31135" /><F71/><W124/><G102/><T123/><D123/><U82/><E58/><V39/><F69/><W61/><G61/><T78/><D78/><U111/><REACH who="1" step="1"/><E111/><REACH who="1" ten="256,230,306,198" step="2"/><V3/><F3/><W85/><G85/><T112/><D112/><U94/><E94/><V8/><F39/><W80/><G124/><T104/><D105/><U9/><E9/><N who="2" m="3659" /><F135/><W99/><G80/><T49/><D38/><U133/><E133/><V65/><F16/><RYUUKYOKU ba="0,1" sc="256,-15,230,15,306,15,198,-15" hai1="15,19,22,44,50,55,56,60,82,84,88,120,122" hai2="25,29,32,65" /><INIT seed="4,1,1,4,5,116" ten="241,245,321,183" oya="0" hai0="89,53,95,108,23,84,91,37,32,29,85,54,126" hai1="134,71,35,62,69,64,22,97,98,6,117,17,122" hai2="119,9,130,67,59,43,49,113,58,8,101,41,2" hai3="100,132,106,47,21,118,36,90,107,39,73,38,12"/><T19/><D37/><U82/><E117/><V75/><F75/><W15/><G118/><T114/><D114/><U72/><E35/><V25/><F2/><W115/><G73/><T18/><D126/><U63/><E134/><V30/><F113/><W1/><G1/><T60/><D108/><U51/><E122/><V28/><F101/><W50/><G132/><T87/><D32/><U20/><E6/><V52/><F130/><W0/><G0/><T65/><D29/><N who="2" m="11370" /><F25/><W10/><G115/><T14/><D19/><U7/><E7/><V129/><F129/><W40/><G100/><T42/><D42/><N who="2" m="15882" /><F119/><W88/><G21/><T94/><REACH who="0" step="1"/><D85/><REACH who="0" ten="231,245,321,183" step="2"/><U131/><E17/><V46/><F67/><W74/><G74/><T123/><D123/><U45/><E72/><V56/><AGARI ba="1,2" hai="8,9,46,49,52,56,58,59" m="15882,11370" machi="56" ten="30,2000,0" yaku="8,1,54,1" doraHai="116" who="2" fromWho="2" sc="231,-11,245,-6,321,43,183,-6" /><INIT seed="5,0,0,4,4,7" ten="220,239,364,177" oya="1" hai0="21,117,133,44,8,68,112,52,79,62,78,58,86" hai1="42,18,10,126,17,83,82,5,129,0,87,92,102" hai2="91,25,67,73,81,14,51,2,26,53,90,36,38" hai3="60,19,124,115,9,132,76,45,66,31,37,46,71"/><U116/><E116/><V95/><F2/><W77/><G115/><T84/><D117/><U1/><E129/><V49/><F67/><W85/><G124/><T63/><D112/><U64/><E126/><V13/><F73/><W28/><G132/><T93/><D133/><U69/><E0/><V11/><F81/><W72/><G72/><T27/><D68/><U75/><E42/><V70/><F70/><W34/><G34/><T48/><D63/><U118/><E118/><V16/><F36/><W59/><G71/><T6/><D93/><U80/><E75/><V41/><F38/><W131/><G131/><T121/><D121/><U89/><E69/><V61/><F61/><W114/><G114/><T47/><D78/><N who="3" m="30313" /><G85/><N who="0" m="32875" /><D79/><U65/><E102/><V94/><F41/><W128/><G37/><T3/><D3/><U120/><E120/><V74/><F74/><W134/><G134/><T96/><D96/><U98/><E98/><N who="2" m="57687" /><F95/><W43/><G43/><T22/><D27/><N who="2" m="10250" /><F91/><W103/><G103/><T109/><D109/><U107/><E107/><V57/><F14/><N who="3" m="7631" /><G128/><T40/><D47/><AGARI ba="0,0" hai="28,31,45,46,47,59,60,66" m="7631,30313" machi="47" ten="30,2000,0" yaku="8,1,52,1" doraHai="7" who="3" fromWho="0" sc="220,-20,239,0,364,0,177,20" /><INIT seed="6,0,0,3,5,2" ten="200,239,364,197" oya="2" hai0="22,57,88,109,87,112,26,40,104,126,52,65,5" hai1="73,71,45,82,37,113,81,35,117,41,72,132,125" hai2="79,111,95,107,3,119,130,122,100,43,49,25,84" hai3="115,94,74,105,48,58,129,89,64,75,18,44,85"/><V60/><F3/><W103/><G129/><T59/><D109/><U11/><E117/><V61/><F107/><W70/><G70/><T33/><D104/><U98/><E132/><V120/><F119/><W15/><G115/><T108/><D108/><U54/><E113/><V19/><F111/><W17/><G105/><T1/><D112/><U10/><E125/><V96/><F130/><W29/><G103/><T121/><D121/><U83/><E35/><V101/><F101/><W24/><G64/><T34/><D126/><U39/><E71/><V97/><F97/><W114/><G58/><T50/><D40/><U134/><E134/><V46/><F122/><W66/><G66/><T78/><D78/><U30/><E30/><V13/><F25/><W23/><G18/><T131/><D131/><U0/><E98/><V93/><F120/><W91/><G91/><T63/><D5/><N who="1" m="1319" /><E39/><V36/><F36/><W4/><G4/><T110/><D1/><U27/><E27/><V118/><F118/><W76/><G76/><T55/><D65/><U133/><E73/><V102/><F102/><W56/><G56/><T128/><D128/><U99/><E99/><V116/><F116/><W20/><REACH who="3" step="1"/><G114/><REACH who="3" ten="200,239,364,187" step="2"/><T62/><D110/><U42/><E133/><V53/><F79/><W123/><G123/><T47/><D59/><U86/><E72/><V68/><F68/><W32/><G32/><T127/><D127/><U67/><E67/><V135/><F135/><W8/><G8/><T9/><D9/><U124/><E11/><V38/><F100/><W28/><G28/><N who="0" m="17495" /><D63/><U80/><E124/><RYUUKYOKU ba="0,1" sc="200,15,239,-15,364,-15,187,15" hai0="33,34,47,50,52,55,57,62,87,88" hai3="15,17,20,23,24,29,44,48,74,75,85,89,94" /><INIT seed="7,1,1,5,1,38" ten="215,224,349,202" oya="3" hai0="126,47,131,61,69,119,86,91,122,32,53,93,40" hai1="17,36,125,30,71,100,101,41,33,99,60,96,114" hai2="74,129,110,8,132,88,34,89,66,50,56,85,31" hai3="48,134,43,109,42,102,103,116,1,27,81,67,26"/><W4/><G116/><T76/><D119/><U105/><E125/><V3/><F74/><W90/><G134/><T120/><D32/><U98/><E114/><V121/><F89/><W82/><G109/><T64/><D126/><U70/><E17/><V123/><F132/><W80/><G1/><T22/><D131/><U72/><E72/><V113/><F113/><W54/><G4/><T10/><D10/><U117/><E117/><V24/><F129/><W75/><G67/><T11/><D76/><U87/><E87/><V95/><F110/><W84/><G75/><T18/><D53/><U112/><E112/><V78/><F78/><W13/><G13/><T6/><D22/><U104/><E99/><V133/><F133/><W65/><G65/><T62/><D62/><U83/><E83/><N who="3" m="31818" /><G26/><T107/><D18/><U16/><E16/><V127/><F127/><W118/><G27/><T44/><D44/><N who="1" m="23591" /><E60/><V115/><F115/><W0/><G0/><T7/><D107/><U108/><E108/><V73/><F73/><W63/><G63/><T55/><D7/><U130/><E130/><V12/><F3/><W19/><G19/><T58/><D64/><U79/><E79/><V45/><F12/><W2/><G2/><N who="0" m="471" /><D69/><U14/><E14/><V46/><F8/><W25/><G25/><AGARI ba="1,1" hai="25,30,33,70,71,96,98,100,101,104,105" m="23591" machi="25" ten="30,3900,0" yaku="33,2,52,1" doraHai="38" who="1" fromWho="3" sc="215,0,224,52,349,0,202,-42" owari="215,-18.5,276,7.6,349,44.9,160,-34.0" /></mjloggm>