<mjloggm ver="2.3"><GO type="169" lobby="0"/><UN n0="%3D%E5%A4%9C%E5%87%AA%E6%99%AF%3D" n1="%70%6F%6E%2D%65%6E" n2="%E3%82%A2%E3%83%B3%E3%81%95%E3%82%93" n3="%E4%B8%96%E7%95%8C%E3%81%AE%E4%BA%80%E4%BA%95" dan="16,16,18,17" rate="2133.27,2106.77,2212.91,2165.07" sx="M,F,M,M"/><TAIKYOKU oya="0"/><INIT seed="0,0,0,5,4,112" ten="250,250,250,250" oya="0" hai0="89,33,68,43,87,24,42,101,91,0,110,104,113" hai1="133,129,60,94,9,26,65,82,126,130,19,31,36" hai2="109,54,40,66,69,11,59,45,22,63,134,28,55" hai3="114,77,121,74,105,8,106,34,92,118,46,67,135"/><T80/><D113/><U3/><E36/><V30/><F109/><W119/><G34/><T102/><D110/><U1/><E94/><V99/><F134/><W13/><G114/><T78/><D0/><N who="1" m="75" /><E82/><V115/><F115/><W71/><G135/><T35/><D68/><U15/><E60/><V83/><F11/><W75/><G92/><T41/><D104/><U58/><E58/><V53/><F83/><W85/><G46/><T25/><D35/><N who="1" m="20983" /><E65/><V20/><F99/><W111/><G111/><T52/><D33/><U27/><E133/><V72/><F72/><W98/><G121/><T50/><D78/><U122/><E122/><V44/><F69/><W86/><G67/><T2/><D2/><U38/><E38/><V7/><F44/><W70/><G13/><T103/><REACH who="0" step="1"/><D91/><REACH who="0" ten="240,250,250,250" step="2"/><U124/><E27/><V100/><F100/><W123/><G123/><T79/><D79/><U127/><AGARI ba="0,1" hai="9,15,19,124,126,127,129,130" m="20983,75" machi="127" ten="40,5200,0" yaku="18,1,34,2" doraHai="112" who="1" fromWho="1" sc="240,-26,250,62,250,-13,250,-13" /><INIT seed="1,0,0,3,5,16" ten="214,312,237,237" oya="1" hai0="53,52,99,77,45,123,61,31,14,4,69,79,78" hai1="118,100,0,20,94,37,44,119,75,3,5,111,21" hai2="18,97,124,11,122,125,106,12,62,115,24,133,84" hai3="107,64,98,13,83,50,109,68,127,30,90,73,91"/><U113/><E113/><V82/><F122/><W74/><G30/><T49/><D123/><U88/><E75/><V25/><F115/><W128/><G68/><T42/><D31/><U29/><E100/><N who="2" m="62735" /><F62/><W108/><G64/><T120/><D120/><U57/><E29/><V87/><F87/><N who="3" m="50559" /><G50/><T35/><D35/><U47/><E111/><N who="3" m="42570" /><G13/><T129/><D129/><U36/><E57/><V48/><F48/><W102/><G128/><T55/><D99/><U51/><E88/><N who="2" m="51223" /><F133/><W33/><G33/><T114/><D114/><U28/><E94/><V43/><F43/><W66/><G66/><T126/><D69/><U10/><E28/><V81/><F81/><W9/><G9/><N who="0" m="4391" /><D126/><AGARI ba="0,0" hai="11,12,18,24,25,124,125,126" m="51223,62735" machi="126" ten="30,2000,0" yaku="18,1,54,1" doraHai="16" who="2" fromWho="0" sc="214,-20,312,0,237,20,237,0" /><INIT seed="2,0,0,0,2,94" ten="194,312,257,237" oya="2" hai0="84,18,127,7,123,129,51,41,32,23,21,27,49" hai1="104,15,83,56,130,65,63,16,122,37,62,54,73" hai2="100,93,115,77,4,90,75,86,61,117,0,12,55" hai3="101,135,79,116,70,52,25,30,26,87,22,2,109"/><V97/><F115/><W126/><G116/><T74/><D74/><U106/><E37/><V33/><F117/><W95/><G109/><T3/><D41/><U64/><E130/><V36/><F33/><W45/><G2/><T108/><D84/><U29/><E29/><V110/><F36/><W118/><G118/><T47/><D47/><U81/><E122/><V134/><F134/><W57/><G70/><T19/><D123/><U107/><E73/><V50/><F110/><W43/><G126/><T121/><D121/><U35/><E35/><V82/><F61/><W48/><G135/><T105/><D32/><U91/><E91/><V67/><F67/><W13/><G79/><T59/><D108/><U11/><REACH who="1" step="1"/><E54/><REACH who="1" ten="194,302,257,237" step="2"/><V68/><F75/><W6/><G30/><T58/><D129/><U10/><E10/><V71/><F0/><W102/><G22/><T20/><D21/><U133/><E133/><V113/><F113/><W72/><G72/><T14/><D3/><U114/><E114/><V124/><F124/><W132/><G132/><T128/><D127/><U96/><E96/><V1/><F1/><W98/><G87/><T38/><D38/><U76/><E76/><V34/><F34/><W24/><G98/><T120/><D128/><U66/><E66/><V39/><F39/><W31/><G31/><N who="0" m="17895" /><D120/><U40/><E40/><V53/><F77/><W44/><G43/><T103/><D23/><U99/><E99/><V80/><F86/><W125/><G125/><T92/><D103/><U8/><E8/><V5/><F97/><N who="3" m="59583" /><G102/><T42/><D42/><U131/><E131/><RYUUKYOKU ba="0,1" sc="194,-15,302,15,257,-15,237,15" hai1="11,15,16,56,62,63,64,65,81,83,104,106,107" hai3="6,13,24,25,26,44,45,48,52,57" /><INIT seed="3,1,1,4,5,0" ten="179,317,242,252" oya="3" hai0="80,1,43,123,38,13,132,106,40,79,73,66,83" hai1="16,27,81,28,7,90,118,96,23,32,11,110,107" hai2="12,93,124,31,130,3,26,97,50,75,24,114,48" hai3="115,87,86,34,4,53,30,113,94,89,122,128,104"/><W46/><G122/><T9/><D123/><U41/><E110/><V61/><F114/><W101/><G128/><T60/><D106/><U105/><E118/><V131/><F3/><W108/><G108/><T71/><D132/><U45/><E81/><V55/><F75/><W49/><G34/><T119/><D119/><U21/><E90/><V70/><F124/><W65/><G30/><T112/><D112/><U92/><E92/><V52/><F12/><W36/><G65/><T63/><D38/><U74/><E74/><V78/><F78/><W109/><G109/><T129/><D129/><N who="2" m="49162" /><F24/><W76/><G36/><T82/><D63/><U15/><E96/><V84/><F84/><W72/><G87/><T57/><D71/><U117/><E23/><N who="2" m="15839" /><F48/><W44/><G76/><T54/><D66/><U62/><E62/><V126/><F50/><W5/><G72/><T6/><REACH who="0" step="1"/><D1/><REACH who="0" ten="169,317,242,252" step="2"/><N who="1" m="495" /><E117/><V39/><F39/><AGARI ba="1,2" hai="15,16,21,27,28,32,39,41,45,105,107" m="495" machi="39" ten="30,3900,0" yaku="24,1,52,1,54,1" doraHai="0" who="1" fromWho="2" sc="169,0,317,62,242,-42,252,0" /><INIT seed="4,0,0,1,5,76" ten="169,379,200,252" oya="0" hai0="60,104,35,18,120,8,107,0,79,56,81,64,54" hai1="51,28,97,17,124,112,55,63,82,40,27,119,125" hai2="42,13,126,95,9,99,66,1,10,47,73,121,30" hai3="111,129,117,77,130,110,71,128,48,23,52,29,85"/><T133/><D133/><U89/><E119/><V98/><F126/><W93/><G117/><T68/><D120/><U122/><E122/><V31/><F121/><W59/><G71/><T25/><D35/><U58/><E17/><V24/><F73/><W87/><G93/><T39/><D39/><U69/><E112/><V37/><F98/><W26/><REACH who="3" step="1"/><G77/><REACH who="3" ten="169,379,200,242" step="2"/><T84/><D0/><U106/><E69/><V80/><F1/><W3/><G3/><T90/><D79/><U101/><E125/><V67/><F95/><W75/><G75/><T20/><REACH who="0" step="1"/><D8/><REACH who="0" ten="159,379,200,242" step="2"/><U61/><E124/><V118/><F9/><W113/><G113/><T34/><D34/><U108/><E108/><AGARI ba="0,2" hai="23,26,29,48,52,59,85,87,108,110,111,128,129,130" machi="108" ten="50,6400,0" yaku="1,1,19,1,54,1,53,0" doraHai="76" doraHaiUra="57" who="3" fromWho="1" sc="159,0,379,-64,200,0,242,84" /><INIT seed="5,0,0,3,1,116" ten="159,315,200,326" oya="1" hai0="63,0,15,94,120,17,105,101,132,90,8,67,37" hai1="51,28,127,34,71,113,7,85,43,30,104,54,3" hai2="48,55,99,112,14,65,56,33,88,117,118,41,74" hai3="18,134,108,106,42,109,84,80,40,58,16,83,97"/><U24/><E104/><V103/><F33/><W79/><G134/><T129/><D37/><U19/><E113/><V49/><F112/><W4/><G4/><T125/><D132/><U59/><E127/><V45/><F74/><W50/><G106/><T1/><D125/><U20/><E71/><V114/><F114/><W77/><G97/><T73/><D73/><U98/><E43/><V2/><F2/><W32/><G32/><T52/><D129/><U102/><E85/><V122/><F65/><W121/><G58/><T87/><D67/><U131/><E131/><V111/><F111/><W123/><G84/><T135/><D135/><U53/><E34/><V69/><F69/><W6/><G6/><T10/><D10/><U133/><E133/><V44/><F56/><W26/><G50/><T47/><D120/><U61/><E7/><V21/><F122/><W64/><G64/><T31/><D31/><U35/><E3/><V62/><F62/><W92/><G92/><T115/><D115/><U107/><REACH who="1" step="1"/><E35/><REACH who="1" ten="159,305,200,326" step="2"/><V39/><F118/><W22/><G109/><T91/><D0/><U46/><AGARI ba="0,1" hai="19,20,24,28,30,46,51,53,54,59,61,98,102,107" machi="46" ten="20,7800,0" yaku="1,1,2,1,0,1,7,1,53,0" doraHai="116" doraHaiUra="110" who="1" fromWho="1" sc="159,-26,305,88,200,-26,326,-26" /><INIT seed="5,1,0,3,2,124" ten="133,393,174,300" oya="1" hai0="125,86,73,72,128,66,21,109,119,105,91,58,106" hai1="65,32,75,25,59,95,115,7,134,4,53,102,52" hai2="110,56,33,49,50,114,61,77,14,90,47,34,117" hai3="60,43,35,67,45,46,40,85,37,51,18,80,71"/><U5/><E75/><N who="0" m="28745" /><D21/><U79/><E79/><V27/><F117/><W123/><G123/><T118/><D58/><U15/><E115/><V83/><F110/><W135/><G135/><T97/><D66/><U120/><E120/><V2/><F114/><W30/><G30/><T121/><D121/><U54/><E134/><V3/><F90/><W55/><G35/><T24/><D24/><U126/><E126/><V42/><F50/><W78/><G18/><T11/><D11/><U17/><E32/><V0/><F27/><W122/><G122/><T22/><D22/><N who="1" m="13519" /><E95/><V6/><F77/><W57/><REACH who="3" step="1"/><G40/><REACH who="3" ten="133,393,174,290" step="2"/><T74/><D125/><U44/><E102/><V48/><F42/><W1/><G1/><T103/><D109/><U127/><E127/><V28/><F34/><W16/><G16/><T116/><N who="0" m="28753" /><T88/><DORA hai="36" /><D128/><U130/><E130/><V76/><F28/><W131/><G131/><T41/><D41/><U99/><E7/><V13/><F33/><W23/><G23/><T87/><D106/><U10/><E5/><V129/><F129/><W84/><G84/><AGARI ba="1,1" hai="84,86,87,88,91,97,103,105,116,118,119" m="28753" machi="84" ten="50,6400,0" yaku="34,2,54,1" doraHai="124,36" who="0" fromWho="3" sc="133,77,393,0,174,0,290,-67" /><INIT seed="6,0,0,5,2,21" ten="210,393,174,223" oya="2" hai0="132,85,88,105,109,117,66,31,125,14,24,33,97" hai1="83,52,64,128,124,80,107,78,79,75,65,127,77" hai2="37,30,58,39,106,87,115,16,42,91,6,121,118" hai3="11,62,101,57,129,59,45,98,100,10,49,32,99"/><V71/><F118/><W29/><G129/><T90/><D109/><U133/><E107/><V63/><F121/><W51/><G29/><T76/><D117/><U55/><E128/><V84/><F115/><W18/><G18/><T119/><D119/><U19/><E19/><V53/><F106/><W15/><G15/><T38/><D38/><U17/><E17/><V61/><F6/><W135/><G62/><T9/><D132/><U25/><E25/><V50/><F87/><W103/><G32/><T120/><D125/><N who="1" m="48203" /><E133/><V41/><F30/><W113/><G135/><T1/><D66/><N who="1" m="25707" /><E79/><V12/><F39/><W116/><G116/><T112/><D112/><U70/><E70/><V74/><F37/><W40/><G113/><T5/><D120/><U96/><E96/><N who="3" m="36906" /><G51/><T43/><D1/><U8/><E8/><AGARI ba="0,0" hai="8,10,11,40,45,49,57,59,100,101,103" m="36906" machi="8" ten="30,1000,0" yaku="8,1" doraHai="21" who="3" fromWho="1" sc="210,0,393,-10,174,0,223,10" /><INIT seed="7,0,0,1,5,33" ten="210,383,174,233" oya="3" hai0="65,45,103,31,22,76,96,62,6,128,52,36,132" hai1="1,120,98,35,7,102,113,12,0,105,39,80,50" hai2="38,63,51,66,77,18,69,88,44,121,127,43,57" hai3="71,28,3,41,59,79,5,91,95,37,131,67,21"/><W49/><G131/><T115/><D128/><U100/><E39/><V20/><F127/><W108/><G79/><T4/><D132/><U104/><E35/><V2/><F121/><W15/><G108/><T34/><D115/><U107/><E120/><V53/><F77/><W13/><G3/><T17/><D76/><U86/><E50/><V90/><F2/><W29/><G71/><N who="0" m="42423" /><D36/><U56/><E56/><V92/><F92/><W32/><G32/><T117/><D117/><U124/><E104/><V73/><F73/><W116/><G37/><T19/><D52/><U93/><E93/><V16/><F18/><N who="0" m="6666" /><D45/><U26/><E26/><AGARI ba="0,0" hai="16,20,26,38,43,44,51,53,57,63,66,69,88,90" machi="26" ten="30,8000,1" yaku="7,1,24,2,54,2" doraHai="33" who="2" fromWho="1" sc="210,0,383,-80,174,80,233,0" owari="210,-29.0,303,40.3,254,5.4,233,-16.7" /></mjloggm>