<mjloggm ver="2.3"><GO type="169" lobby="0"/><UN n0="%E3%83%9F%E3%82%B2%E3%83%BC%E3%83%AB%E6%94%B9" n1="%E4%BE%8D" n2="%E6%81%8B%E3%81%AE%E3%81%86%E3%81%9F" n3="%E5%B0%8F%E4%B8%89%E5%85%83%E5%8D%97%E5%8D%98%E9%A8%8E" dan="16,17,17,16" rate="2197.56,2221.69,2217.68,2097.40" sx="M,M,M,M"/><TAIKYOKU oya="0"/><INIT seed="0,0,0,0,3,107" ten="250,250,250,250" oya="0" hai0="7,132,46,101,4,90,14,2,76,111,108,54,65" hai1="25,10,73,5,61,92,94,51,131,117,87,38,123" hai2="30,28,96,6,24,69,128,26,71,49,35,81,89" hai3="27,41,17,40,115,121,66,36,34,105,39,122,15"/><T55/><D2/><U72/><E117/><V12/><F128/><W33/><G105/><T83/><D101/><U98/><E123/><V124/><F124/><W109/><G66/><T80/><D65/><U53/><E38/><V114/><F114/><W63/><G63/><T129/><D129/><U43/><E131/><V57/><F6/><N who="0" m="2090" /><D14/><U78/><E61/><V79/><F12/><W104/><G15/><T102/><D102/><U113/><E113/><V58/><F89/><W85/><G104/><T70/><D70/><U134/><E134/><V62/><F96/><W116/><G115/><T99/><D132/><U88/><E25/><V120/><F49/><W103/><G103/><T91/><D46/><U74/><E43/><V133/><F120/><W21/><G27/><T29/><D29/><U75/><N who="1" m="18432" /><DORA hai="44" /><U110/><E110/><N who="0" m="42025" /><D76/><U9/><E5/><V93/><F133/><W95/><G109/><T77/><D77/><U67/><E67/><V59/><F69/><W118/><G122/><T31/><D31/><U86/><E78/><V127/><F71/><W82/><G121/><T13/><D13/><U3/><E3/><V100/><F30/><W126/><G116/><T97/><D97/><U23/><E23/><V22/><F22/><W16/><G21/><T119/><D119/><U112/><E112/><V125/><F24/><W20/><G20/><T18/><D18/><U50/><E98/><N who="2" m="59471" /><F127/><W135/><G118/><T37/><D37/><U84/><E88/><N who="0" m="33833" /><D99/><U47/><E94/><V64/><F125/><W60/><G126/><T48/><D55/><N who="1" m="30175" /><E92/><V8/><F79/><RYUUKYOKU ba="0,0" sc="250,15,250,15,250,-15,250,-15" hai0="48,54,80,83" hai1="9,10,51,53,84,86,87" /><INIT seed="0,1,0,4,1,45" ten="265,265,235,235" oya="0" hai0="50,107,81,109,95,123,33,102,26,15,117,9,74" hai1="116,108,90,36,8,93,40,11,17,77,126,96,3" hai2="104,54,38,1,65,52,31,66,115,92,111,14,6" hai3="0,64,127,63,87,100,21,125,91,37,119,68,20"/><T23/><D123/><U124/><E116/><V39/><F104/><W18/><G119/><T10/><D117/><U120/><E120/><V27/><F1/><W44/><G0/><T134/><D107/><U43/><E108/><V71/><F115/><W60/><G100/><T22/><D33/><U97/><E77/><V128/><F128/><W48/><G37/><T58/><D74/><U72/><E72/><V13/><F71/><W35/><G63/><T67/><D109/><U76/><E76/><V73/><F73/><W5/><G5/><T12/><D67/><U113/><E113/><V83/><F111/><W19/><G35/><T25/><D81/><U131/><E131/><V80/><F27/><W118/><G118/><T70/><D70/><U61/><E61/><V98/><F92/><N who="3" m="54399" /><G21/><N who="0" m="7691" /><D134/><U99/><E17/><V29/><REACH who="2" step="1"/><F6/><REACH who="2" ten="265,265,225,235" step="2"/><W84/><G68/><T69/><D26/><U135/><E3/><V7/><F7/><W112/><G112/><T121/><D25/><U16/><E135/><V105/><F105/><W132/><G132/><T88/><D69/><U51/><E126/><V49/><F49/><W86/><G125/><T85/><D121/><U101/><E124/><V4/><F4/><W82/><G127/><T130/><D130/><U53/><E36/><V24/><F24/><W42/><G48/><T75/><D75/><U28/><E51/><V41/><F41/><W2/><G42/><T30/><D30/><U114/><E28/><V122/><F122/><W110/><G2/><T62/><D50/><U103/><E114/><V78/><F78/><W55/><G110/><RYUUKYOKU ba="1,1" sc="265,-10,265,-10,225,30,235,-10" hai2="13,14,29,31,38,39,52,54,65,66,80,83,98" /><INIT seed="1,2,1,3,4,39" ten="255,255,255,225" oya="1" hai0="21,63,71,67,25,89,76,113,92,38,59,129,119" hai1="62,11,64,36,65,117,29,43,48,116,124,80,130" hai2="83,100,97,135,101,4,61,134,51,1,34,99,93" hai3="110,69,90,70,10,16,105,125,108,127,54,9,112"/><U72/><E29/><V30/><F4/><W18/><G90/><T121/><D119/><U79/><E130/><V24/><F1/><W107/><REACH who="3" step="1"/><G54/><REACH who="3" ten="255,255,255,215" step="2"/><T42/><D129/><U85/><E124/><V68/><F83/><W44/><G44/><T57/><D121/><U33/><E117/><V53/><F53/><W35/><G35/><T128/><D128/><U133/><E33/><V84/><F135/><W66/><G66/><T49/><D76/><U58/><E133/><V114/><F134/><W6/><G6/><T88/><D89/><U60/><E116/><V14/><F34/><W46/><G46/><T45/><D113/><AGARI ba="2,2" hai="9,10,16,18,69,70,105,107,108,110,112,113,125,127" machi="113" ten="25,6400,0" yaku="1,1,22,2,54,1,53,0" doraHai="39" doraHaiUra="50" who="3" fromWho="0" sc="255,-70,255,0,255,0,215,90" /><INIT seed="2,0,0,0,1,96" ten="185,255,255,305" oya="2" hai0="56,35,9,106,108,34,54,71,61,50,104,94,22" hai1="90,127,122,113,8,101,26,80,10,73,70,32,91" hai2="7,30,46,79,112,64,111,67,21,114,48,82,17" hai3="118,47,117,119,3,53,14,115,131,5,92,77,85"/><V45/><F30/><W59/><G131/><T97/><D108/><U128/><E113/><V95/><F111/><W28/><G115/><T105/><D9/><U16/><E70/><V109/><F109/><W100/><G28/><T63/><D22/><U69/><E69/><V18/><F95/><W62/><G3/><T38/><D38/><U60/><E128/><V49/><F82/><W116/><N who="3" m="29696" /><DORA hai="124" /><W76/><G47/><T37/><D37/><U33/><E127/><V125/><F21/><W24/><G24/><T31/><D31/><U123/><E60/><V15/><F79/><W129/><G129/><T12/><D12/><U74/><E80/><V86/><F15/><W42/><G42/><T55/><D63/><U121/><E101/><V0/><F86/><W66/><G66/><T2/><D2/><U126/><E126/><V107/><F125/><W36/><G36/><T89/><REACH who="0" step="1"/><D71/><REACH who="0" ten="175,255,255,305" step="2"/><U88/><E26/><V20/><F20/><W19/><G5/><T27/><D27/><U39/><E39/><V99/><F7/><W4/><G4/><T41/><D41/><U110/><E110/><V120/><F0/><W103/><G14/><T52/><D52/><U43/><E43/><V83/><F112/><W44/><G62/><T84/><D84/><U98/><E16/><V1/><F114/><W132/><G19/><T134/><D134/><U13/><E13/><V40/><F17/><W68/><G68/><T29/><D29/><U11/><E98/><V135/><F18/><W102/><G132/><T57/><AGARI ba="0,1" hai="34,35,50,54,55,56,57,61,89,94,97,104,105,106" machi="57" ten="40,2700,0" yaku="1,1,0,1,53,0" doraHai="96,124" doraHaiUra="130,6" who="0" fromWho="0" sc="175,37,255,-7,255,-13,305,-7" /><INIT seed="3,0,0,2,4,24" ten="212,248,242,298" oya="3" hai0="116,94,8,13,126,72,125,16,59,95,4,22,99" hai1="58,89,83,52,135,76,19,92,87,7,67,56,117" hai2="30,2,85,18,15,127,110,114,118,46,84,132,69" hai3="104,25,39,42,108,50,93,35,128,33,49,32,73"/><W107/><G128/><T43/><D72/><U31/><E135/><V91/><F2/><W21/><G73/><T47/><D116/><U44/><E117/><V81/><F69/><W9/><G108/><T0/><D59/><U60/><E31/><V70/><F127/><W55/><G39/><T97/><D95/><U109/><E109/><V80/><F70/><W10/><G93/><T130/><D130/><U112/><E112/><V41/><F110/><W68/><G68/><T88/><REACH who="0" step="1"/><D99/><REACH who="0" ten="202,248,242,298" step="2"/><U3/><E44/><V75/><F75/><W61/><G104/><T120/><D120/><U115/><E115/><V64/><F118/><W66/><G107/><T27/><D27/><U101/><E58/><V100/><F114/><W129/><G129/><T37/><AGARI ba="0,1" hai="0,4,8,13,16,22,37,43,47,88,94,97,125,126" machi="37" ten="30,7900,0" yaku="1,1,0,1,54,2,53,0" doraHai="24" doraHaiUra="103" who="0" fromWho="0" sc="202,89,248,-20,242,-20,298,-39" /><INIT seed="4,0,0,2,2,135" ten="291,228,222,259" oya="0" hai0="36,7,101,109,78,24,51,110,87,79,1,64,43" hai1="16,116,108,29,61,128,35,84,113,93,65,88,32" hai2="90,100,49,121,18,48,11,120,40,53,126,38,39" hai3="21,23,50,42,63,57,127,46,115,80,92,99,102"/><T13/><D1/><U97/><E116/><V133/><F100/><W129/><G115/><T96/><D36/><N who="2" m="13866" /><F18/><W111/><G129/><T31/><D64/><U15/><E108/><N who="0" m="41577" /><D43/><U12/><E128/><V62/><F90/><W60/><G127/><T8/><D51/><N who="2" m="19530" /><F11/><W77/><G63/><T10/><D10/><U5/><E113/><V66/><F133/><W6/><G6/><T27/><D87/><U28/><E5/><V41/><F53/><W74/><REACH who="3" step="1"/><G111/><REACH who="3" ten="291,228,222,249" step="2"/><T75/><D75/><U34/><E84/><V107/><F126/><W69/><G69/><T83/><D83/><U14/><REACH who="1" step="1"/><E16/><REACH who="1" ten="291,218,222,249" step="2"/><V9/><F121/><W58/><G58/><AGARI ba="0,2" hai="12,14,15,28,29,32,34,35,58,61,65,88,93,97" machi="58" ten="50,6400,0" yaku="1,1,2,1,54,1,53,0" doraHai="135" doraHaiUra="70" who="1" fromWho="3" sc="291,0,218,84,222,0,249,-64" /><INIT seed="5,0,0,1,0,85" ten="291,302,222,185" oya="1" hai0="59,21,86,133,92,105,103,50,53,129,117,119,5" hai1="83,78,36,46,107,134,48,37,77,116,8,87,97" hai2="71,74,3,110,126,60,132,9,33,123,15,47,93" hai3="32,6,43,62,54,91,81,18,31,79,114,49,112"/><U45/><E116/><V23/><F123/><W82/><G6/><T19/><D133/><U113/><E113/><N who="3" m="43626" /><G43/><T56/><D5/><U84/><E134/><V63/><F132/><W111/><G111/><T122/><D129/><U131/><E131/><V4/><F110/><W127/><G62/><T120/><D105/><U98/><E8/><V35/><F74/><W73/><G127/><T41/><D59/><U70/><E107/><V44/><F126/><W11/><G31/><T29/><D41/><U130/><E130/><V106/><F106/><W20/><G32/><T58/><D58/><U121/><E70/><V38/><F38/><W25/><G11/><T75/><D75/><U1/><E1/><V69/><F33/><W14/><G25/><T2/><D29/><U100/><E121/><N who="0" m="46697" /><D2/><U57/><E57/><V40/><F35/><W118/><G118/><T68/><D68/><U72/><E72/><V26/><F71/><W124/><G124/><T28/><D28/><U125/><E125/><V12/><F69/><W67/><G67/><T88/><D103/><U42/><E100/><V128/><F128/><W115/><N who="3" m="43634" /><W24/><DORA hai="94" /><G24/><AGARI ba="0,0" hai="19,21,24,50,53,56,86,88,92,117,119" m="46697" machi="24" ten="30,3900,0" yaku="13,1,52,1,54,1" doraHai="85,94" who="0" fromWho="3" sc="291,39,302,0,222,0,185,-39" /><INIT seed="6,0,0,2,5,127" ten="330,302,222,146" oya="2" hai0="122,77,10,75,119,111,21,7,130,30,108,73,47" hai1="90,124,20,32,22,103,50,52,13,74,79,61,64" hai2="107,89,63,59,86,96,41,99,126,132,37,36,19" hai3="120,5,31,68,33,93,92,23,46,3,100,88,58"/><V129/><F126/><W72/><G120/><T114/><D77/><U102/><E32/><V17/><F132/><W15/><G68/><T133/><D47/><U1/><E1/><V45/><F37/><W48/><G72/><T70/><D30/><U18/><E124/><V9/><F129/><W39/><G100/><T65/><D21/><U116/><E116/><V35/><F35/><W94/><G39/><T27/><D10/><U60/><E79/><V113/><F113/><W110/><G110/><T117/><D65/><U34/><E74/><V135/><F135/><W66/><G3/><T76/><D76/><U115/><E34/><V84/><F84/><W29/><G33/><T16/><D7/><U67/><E22/><V54/><F107/><W109/><G109/><T53/><D75/><U125/><E115/><V97/><REACH who="2" step="1"/><F9/><REACH who="2" ten="330,302,212,146" step="2"/><W95/><G66/><T104/><D104/><U38/><E38/><V105/><F105/><W87/><G58/><T121/><D133/><U134/><E134/><V123/><F123/><W24/><G5/><T6/><D122/><U55/><E125/><V56/><F56/><W44/><G15/><T2/><D121/><U42/><E67/><V131/><F131/><W12/><G12/><T57/><D130/><U26/><E13/><V118/><F118/><W51/><REACH who="3" step="1"/><G31/><REACH who="3" ten="330,302,212,136" step="2"/><T28/><D28/><U106/><E64/><V112/><F112/><W128/><G128/><T69/><D114/><U11/><E11/><V49/><F49/><AGARI ba="0,2" hai="23,24,29,44,46,48,49,51,87,88,92,93,94,95" machi="49" ten="40,8000,1" yaku="1,1,8,1,54,1,53,1" doraHai="127" doraHaiUra="80" who="3" fromWho="2" sc="330,0,302,0,212,-80,136,100" /><INIT seed="7,0,0,3,1,122" ten="330,302,132,236" oya="3" hai0="69,8,104,57,49,76,56,108,24,111,123,121,58" hai1="2,129,39,9,66,3,26,110,1,48,35,63,23" hai2="16,135,97,36,70,25,5,87,119,103,132,114,91" hai3="83,105,19,68,32,133,109,106,31,128,118,88,46"/><W75/><G19/><T77/><D104/><U27/><E129/><V21/><F119/><W117/><G31/><T82/><D82/><U131/><E39/><V52/><F36/><W15/><G15/><T90/><D90/><U13/><E131/><V62/><F114/><W29/><G46/><T4/><D24/><U100/><E48/><V92/><F5/><W30/><G68/><T65/><D76/><U17/><E100/><V51/><F70/><W54/><G54/><T120/><D77/><U43/><E43/><V55/><F62/><W74/><G128/><T80/><D80/><U81/><E81/><V60/><F60/><W102/><G83/><T107/><D107/><U124/><E63/><V44/><REACH who="2" step="1"/><F55/><REACH who="2" ten="330,302,122,236" step="2"/><W28/><G117/><T22/><D4/><N who="1" m="3239" /><E66/><V79/><F79/><W0/><G118/><T67/><D65/><U86/><E124/><V95/><AGARI ba="0,1" hai="16,21,25,44,51,52,87,91,92,95,97,103,132,135" machi="95" ten="30,7900,0" yaku="1,1,0,1,54,2,53,0" doraHai="122" doraHaiUra="78" who="2" fromWho="2" sc="330,-20,302,-20,122,89,236,-39" owari="310,41.0,282,8.2,211,-18.9,197,-30.3" /></mjloggm>