<mjloggm ver="2.3"><GO type="169" lobby="0"/><UN n0="%E9%BB%92%E6%B2%A2%E7%BE%A9%E6%98%8E" n1="%E7%B4%8D%E5%8D%9A%E7%A7%91%E5%A4%AB" n2="%E4%BA%BA%E5%8F%82%E5%BD%B9%E8%80%85%E3%81%8F%E3%82%93" n3="%31%35%2E%31%35%63%6D" dan="17,16,17,16" rate="2196.61,2151.42,2155.91,2145.76" sx="M,F,M,M"/><TAIKYOKU oya="0"/><INIT seed="0,0,0,5,1,129" ten="250,250,250,250" oya="0" hai0="38,106,107,64,90,85,25,36,26,8,42,117,122" hai1="12,60,19,1,71,112,57,63,24,53,75,32,40" hai2="58,125,17,93,54,7,81,135,68,23,37,27,48" hai3="103,111,10,76,88,73,43,66,72,92,65,39,13"/><T86/><D117/><U134/><E75/><V121/><F121/><W82/><G111/><T132/><D122/><U44/><E1/><V89/><F125/><W34/><G34/><T49/><D64/><U123/><E123/><V61/><F37/><W83/><G103/><T124/><D124/><U131/><E131/><V115/><F115/><W30/><G30/><T21/><D8/><U96/><E112/><V80/><F7/><W5/><G43/><T46/><D26/><U100/><E24/><V78/><F135/><W105/><G105/><T14/><D14/><U91/><E32/><V128/><F128/><W94/><G39/><T108/><D86/><U16/><E91/><V99/><F68/><W74/><G94/><T126/><D126/><U104/><E134/><V15/><F48/><W3/><G3/><T127/><D127/><U41/><E19/><V51/><F51/><W87/><REACH who="3" step="1"/><G82/><REACH who="3" ten="250,250,250,240" step="2"/><T29/><D108/><U109/><E109/><V62/><F81/><W47/><G47/><T52/><D38/><U50/><E41/><V101/><F101/><W35/><G35/><T18/><D29/><U84/><E40/><V95/><F95/><W6/><G6/><T4/><D4/><U69/><E44/><V120/><F80/><W102/><G102/><T56/><REACH who="0" step="1"/><D132/><REACH who="0" ten="240,250,250,240" step="2"/><U97/><E104/><V31/><F120/><W28/><G28/><T114/><D114/><U11/><E100/><V45/><F31/><W113/><G113/><T116/><D116/><U110/><E110/><V59/><F17/><W0/><G0/><T133/><D133/><U130/><E16/><RYUUKYOKU ba="0,2" sc="240,15,250,-15,250,-15,240,15" hai0="18,21,25,36,42,46,49,52,56,85,90,106,107" hai3="5,10,13,65,66,72,73,74,76,83,87,88,92" /><INIT seed="0,1,2,4,3,56" ten="255,235,235,255" oya="0" hai0="88,96,47,71,102,58,105,19,120,62,72,132,91" hai1="6,37,8,97,54,11,103,93,135,110,114,101,17" hai2="89,40,69,24,129,32,43,133,63,44,53,35,60" hai3="126,82,121,115,31,80,18,10,65,9,23,30,78"/><T130/><D120/><U48/><E37/><V55/><F133/><W81/><G115/><T94/><D132/><U41/><E135/><V4/><F4/><W26/><G121/><T39/><D72/><U75/><E75/><V46/><F89/><W113/><G113/><T59/><D130/><U34/><E114/><V13/><F13/><W16/><G126/><T87/><D19/><U2/><E34/><V84/><F84/><W95/><G78/><T125/><D125/><U52/><E110/><V128/><REACH who="2" step="1"/><F69/><REACH who="2" ten="255,235,225,255" step="2"/><W124/><G124/><T45/><D91/><U61/><E6/><V83/><F83/><W107/><G81/><T119/><D119/><U79/><E2/><V0/><F0/><W92/><G82/><T127/><D127/><U90/><E90/><V28/><F28/><W21/><G80/><T25/><D25/><AGARI ba="1,3" hai="24,25,32,35,40,43,44,46,53,55,60,63,128,129" machi="25" ten="25,8000,1" yaku="1,1,22,2,52,2,53,0" doraHai="56" doraHaiUra="7" who="2" fromWho="0" sc="255,-83,235,0,225,113,255,0" /><INIT seed="1,0,0,5,4,103" ten="172,235,338,255" oya="1" hai0="40,33,135,37,0,121,122,86,115,98,35,119,82" hai1="101,66,53,94,123,32,90,120,114,116,57,58,105" hai2="81,55,88,34,22,68,41,72,110,1,99,93,95" hai3="128,106,26,112,27,48,69,43,16,45,63,89,113"/><U46/><E114/><V11/><F34/><W15/><G128/><T4/><D115/><U78/><E116/><V71/><F110/><W104/><G113/><T87/><D119/><U79/><E32/><V25/><F41/><W62/><G112/><T85/><D135/><U54/><E66/><V29/><F95/><W67/><G63/><T13/><D0/><U109/><E46/><V76/><REACH who="2" step="1"/><F55/><REACH who="2" ten="172,235,328,255" step="2"/><W50/><G50/><T8/><D35/><U9/><E109/><V19/><F19/><W130/><G130/><T133/><D33/><U61/><E123/><V56/><F56/><W92/><G27/><T73/><D40/><U2/><E120/><V125/><F125/><W111/><G26/><T91/><D122/><U75/><E57/><V5/><AGARI ba="0,1" hai="1,5,11,22,25,29,68,71,72,76,81,88,93,99" machi="5" ten="30,4000,0" yaku="1,1,0,1,54,1,53,0" doraHai="103" doraHaiUra="70" who="2" fromWho="2" sc="172,-10,235,-20,328,50,255,-10" /><INIT seed="2,0,0,2,3,48" ten="162,215,378,245" oya="2" hai0="51,110,26,78,33,17,9,45,61,113,50,112,133" hai1="97,101,21,25,12,34,30,11,54,31,1,7,0" hai2="88,114,73,14,109,3,106,18,32,19,79,70,15" hai3="56,75,129,118,105,82,2,69,58,28,66,46,86"/><V74/><F114/><W126/><G2/><N who="1" m="1130" /><E54/><V83/><F3/><W107/><G75/><T95/><D110/><U94/><E94/><V104/><F32/><W72/><G72/><T91/><D78/><U5/><E97/><V52/><F70/><W13/><G118/><T35/><D133/><U42/><E42/><V100/><F109/><W93/><G28/><N who="1" m="10794" /><E101/><V71/><F71/><W63/><G93/><T47/><D61/><U24/><E34/><V128/><F73/><W102/><G46/><T111/><D111/><U76/><E76/><V120/><F100/><W121/><G86/><T117/><D117/><U41/><E41/><V49/><F88/><W81/><G66/><T77/><D77/><U92/><E92/><V122/><F106/><W80/><G63/><T99/><D35/><U64/><E64/><V68/><F104/><W62/><G62/><T44/><D33/><U67/><E67/><V20/><F68/><W36/><G81/><T116/><D116/><U115/><E115/><V123/><F123/><W40/><G121/><T103/><D113/><U119/><E119/><V134/><F122/><W85/><G102/><T60/><D60/><U130/><E130/><V127/><F120/><W6/><G129/><T65/><D65/><U132/><E132/><V4/><F128/><W43/><G69/><T39/><D112/><U27/><E5/><V98/><F134/><W37/><G6/><T55/><D103/><U10/><E10/><N who="2" m="6487" /><F4/><W131/><G131/><T23/><D9/><U59/><E59/><N who="2" m="33167" /><F98/><W38/><G38/><T84/><D39/><U125/><E125/><AGARI ba="0,0" hai="15,19,20,74,79,83,125,127" m="33167,6487" machi="125" ten="30,5800,0" yaku="6,1,52,1,54,1" doraHai="48" who="2" fromWho="1" sc="162,0,215,-58,378,58,245,0" /><INIT seed="2,1,0,2,0,96" ten="162,157,436,245" oya="2" hai0="9,68,21,113,37,22,62,55,19,50,76,72,8" hai1="42,81,99,128,106,52,56,11,92,87,51,109,111" hai2="20,95,35,69,103,18,30,67,120,80,3,44,59" hai3="36,7,31,34,101,104,126,108,26,41,119,48,46"/><V122/><F3/><W90/><G119/><T64/><D113/><U83/><E128/><V70/><F35/><W33/><G108/><N who="1" m="41546" /><E106/><V97/><F44/><W14/><G126/><T84/><D72/><U105/><E105/><V107/><F107/><W124/><G124/><T117/><D37/><U61/><E11/><V121/><F80/><N who="1" m="30793" /><E87/><V98/><F98/><W16/><G7/><T23/><D117/><U82/><N who="1" m="30801" /><U66/><DORA hai="47" /><E42/><V94/><F94/><W93/><G104/><T28/><D84/><U39/><E39/><V112/><F112/><W86/><G36/><T129/><D129/><U116/><E116/><V24/><F18/><W4/><G4/><T12/><D76/><U27/><E27/><V17/><F17/><W127/><G127/><T45/><REACH who="0" step="1"/><D8/><REACH who="0" ten="152,157,436,245" step="2"/><U57/><E99/><V29/><F122/><W102/><G34/><T74/><D74/><U25/><E25/><AGARI ba="1,1" hai="9,12,19,21,22,23,25,28,45,50,55,62,64,68" machi="25" ten="40,5200,0" yaku="1,1,52,1,53,1" doraHai="96,47" doraHaiUra="88,63" who="0" fromWho="1" sc="152,65,157,-55,436,0,245,0" /><INIT seed="3,0,0,0,3,48" ten="217,102,436,245" oya="3" hai0="108,0,52,42,125,93,134,82,103,65,114,78,61" hai1="60,123,113,99,115,121,14,51,71,70,127,43,133" hai2="66,135,47,111,27,132,13,45,34,129,29,81,20" hai3="64,24,117,2,16,44,30,11,36,40,96,105,104"/><W87/><G117/><T80/><D0/><U100/><E14/><V102/><F111/><W22/><G64/><T94/><D108/><U59/><E99/><V8/><F129/><W38/><G38/><T6/><D6/><U95/><E95/><V131/><F131/><W79/><G96/><T89/><D42/><U97/><E97/><V67/><F102/><W130/><G130/><T25/><D103/><U23/><E23/><V91/><F34/><W10/><G2/><T128/><D128/><U75/><E100/><V124/><F124/><W35/><G79/><T12/><D12/><U92/><E75/><V46/><F135/><W118/><G118/><T107/><D107/><U74/><E92/><V119/><F132/><W112/><G112/><N who="1" m="43082" /><E74/><V28/><F28/><W106/><REACH who="3" step="1"/><G87/><REACH who="3" ten="217,102,436,235" step="2"/><T39/><D78/><U77/><E77/><V126/><F119/><W26/><AGARI ba="0,1" hai="10,11,16,22,24,26,30,35,36,40,44,104,105,106" machi="26" ten="40,12000,1" yaku="1,1,2,1,0,1,54,1,53,0" doraHai="48" doraHaiUra="32" who="3" fromWho="3" sc="217,-40,102,-40,436,-40,235,130" /><INIT seed="3,1,0,4,4,17" ten="177,62,396,365" oya="3" hai0="2,30,33,92,62,3,87,77,128,52,0,81,100" hai1="21,55,40,41,83,25,58,64,50,68,70,89,105" hai2="20,131,36,45,27,24,60,121,124,34,102,22,122" hai3="93,38,1,88,118,103,119,85,16,106,47,39,48"/><W80/><G1/><T59/><D128/><U116/><E105/><V11/><F131/><W123/><G123/><N who="2" m="47113" /><F102/><W35/><G35/><T46/><D46/><U98/><E116/><V31/><F124/><W6/><G6/><T43/><D43/><U97/><E68/><V84/><F60/><W109/><G106/><T65/><D33/><U113/><E113/><V110/><F110/><W56/><G56/><T61/><D30/><U117/><E117/><V10/><F84/><W82/><G118/><T72/><D100/><U112/><E112/><V127/><F127/><W14/><G119/><T120/><D120/><U78/><E64/><V94/><F94/><W129/><G129/><T23/><D23/><N who="2" m="8746" /><F27/><W75/><G109/><T90/><REACH who="0" step="1"/><D0/><REACH who="0" ten="167,62,396,365" step="2"/><U134/><E25/><V76/><F76/><N who="3" m="44063" /><G103/><T7/><D7/><U19/><E78/><V135/><F135/><W53/><G93/><T133/><D133/><U125/><E134/><V28/><F28/><W69/><G69/><AGARI ba="1,1" hai="2,3,52,59,61,62,65,69,72,77,81,87,90,92" machi="69" ten="30,3900,0" yaku="1,1,7,1,54,1,53,0" doraHai="17" doraHaiUra="96" who="0" fromWho="3" sc="167,52,62,0,396,0,365,-42" /><INIT seed="4,0,0,5,0,54" ten="219,62,396,323" oya="0" hai0="12,18,6,72,62,57,124,104,112,129,116,2,49" hai1="20,45,103,59,79,28,46,1,115,35,58,132,51" hai2="93,63,84,53,98,61,42,83,11,33,55,22,86" hai3="66,87,125,127,131,27,85,119,60,92,10,94,5"/><T128/><D116/><U113/><E1/><V107/><F107/><W114/><G119/><T89/><D72/><U0/><E0/><V36/><F33/><W32/><G114/><N who="1" m="43530" /><E132/><V4/><F42/><W76/><G131/><N who="0" m="50251" /><D112/><U56/><E103/><V111/><F36/><W74/><G74/><T101/><D124/><N who="3" m="47689" /><G32/><T108/><D108/><U25/><E79/><V73/><F73/><W133/><G27/><T8/><D89/><U47/><E35/><V67/><F22/><W88/><G133/><T29/><D29/><U120/><E120/><V117/><F111/><W110/><G110/><T39/><D39/><U23/><E23/><V52/><F117/><W69/><G76/><T31/><D31/><U9/><E9/><V135/><F135/><W68/><G68/><T82/><D82/><U71/><E71/><V118/><F118/><W38/><G38/><T15/><D49/><AGARI ba="0,0" hai="20,25,28,45,46,47,49,51,56,58,59" m="43530" machi="49" ten="40,8000,1" yaku="15,1,11,1,52,3" doraHai="54" who="1" fromWho="0" sc="219,-80,62,80,396,0,323,0" /><INIT seed="5,0,0,1,5,95" ten="139,142,396,323" oya="1" hai0="90,71,135,53,128,86,89,92,52,61,98,45,73" hai1="50,40,109,104,75,88,103,56,85,59,133,117,58" hai2="39,77,108,7,112,47,121,101,96,16,6,67,93" hai3="130,22,102,44,113,24,28,74,69,14,3,107,131"/><U33/><E117/><V17/><F108/><W35/><G74/><T62/><D73/><U64/><E109/><V70/><F121/><W97/><G113/><T51/><D128/><U79/><E33/><V32/><F32/><W65/><G3/><T54/><D135/><U8/><E133/><V114/><F77/><W42/><G14/><T9/><D9/><U4/><E79/><V83/><F83/><W127/><G22/><T87/><D87/><U43/><E75/><V94/><F67/><W80/><G80/><N who="0" m="49351" /><D71/><U110/><E110/><V123/><F70/><W134/><G134/><T48/><D48/><U36/><E36/><V72/><F93/><W106/><G106/><T63/><AGARI ba="0,0" hai="45,51,52,53,54,61,62,63,90,92,98" m="49351" machi="63" ten="30,4000,0" yaku="8,1,52,1,54,1" doraHai="95" who="0" fromWho="0" sc="139,40,142,-20,396,-10,323,-10" /><INIT seed="6,0,0,1,5,7" ten="179,122,386,313" oya="2" hai0="71,21,10,84,35,27,89,111,20,11,101,6,87" hai1="72,38,47,120,102,121,97,105,91,86,114,3,37" hai2="61,98,39,53,40,58,19,0,116,100,16,32,112" hai3="52,70,13,119,4,75,96,99,118,54,76,95,15"/><V62/><F116/><W29/><G70/><T48/><D111/><U12/><E3/><V24/><F112/><W113/><G29/><T124/><D71/><U26/><E114/><V117/><F0/><W66/><G66/><T81/><D124/><U56/><E72/><V133/><F133/><W93/><G76/><T94/><D35/><U25/><E56/><V128/><F128/><W132/><G75/><T51/><D20/><U9/><E26/><V34/><F117/><W64/><G64/><T2/><D101/><U127/><E25/><V115/><F115/><W78/><G78/><T80/><D94/><U82/><E127/><V42/><F62/><W110/><G113/><T135/><D135/><U122/><REACH who="1" step="1"/><E47/><REACH who="1" ten="179,112,386,313" step="2"/><V22/><F24/><W77/><G132/><T107/><D107/><U106/><E106/><V125/><F58/><W50/><G118/><T18/><REACH who="0" step="1"/><D11/><REACH who="0" ten="169,112,386,313" step="2"/><U73/><E73/><V69/><F125/><W63/><G119/><T108/><D108/><U46/><E46/><V8/><F69/><W55/><G110/><T90/><AGARI ba="0,2" hai="2,6,10,18,21,27,48,51,80,81,84,87,89,90" machi="90" ten="20,8000,1" yaku="1,1,0,1,7,1,9,1,52,1,53,0" doraHai="7" doraHaiUra="129" who="0" fromWho="0" sc="169,100,112,-20,386,-40,313,-20" /><INIT seed="7,0,0,1,1,80" ten="269,92,346,293" oya="3" hai0="64,100,41,94,28,129,67,6,32,61,110,47,54" hai1="22,7,119,2,74,56,76,107,135,4,90,97,50" hai2="123,45,125,112,113,38,103,82,120,10,49,46,55" hai3="105,93,134,133,17,84,13,53,0,116,11,86,35"/><W8/><G116/><T114/><D110/><U98/><E119/><V16/><F103/><W66/><G105/><T85/><D129/><U108/><E135/><N who="3" m="51722" /><G35/><T95/><D6/><U89/><E108/><V72/><F125/><W99/><G66/><T12/><D12/><U73/><E107/><V71/><F71/><W25/><G25/><T109/><D109/><U48/><E56/><N who="2" m="32879" /><F16/><W36/><G36/><T58/><D114/><N who="2" m="44138" /><F10/><N who="3" m="3627" /><G53/><T121/><D121/><N who="2" m="46666" /><F38/><W132/><G0/><T40/><D28/><U106/><E106/><V59/><F59/><W75/><G75/><T63/><D32/><U3/><E22/><V26/><F26/><W111/><G111/><T62/><D67/><U92/><E92/><V51/><F51/><W39/><G39/><T21/><D21/><U60/><REACH who="1" step="1"/><E76/><AGARI ba="0,0" hai="45,46,72,76,82" m="46666,44138,32879" machi="76" ten="30,2000,0" yaku="15,1,13,1" doraHai="80" who="2" fromWho="1" sc="269,0,92,-20,346,20,293,0" owari="269,-13.1,72,-42.8,366,46.6,293,9.3" /></mjloggm>