<mjloggm ver="2.3"><GO type="169" lobby="0"/><UN n0="%E3%83%A1%E3%82%BF%E3%83%93%E3%83%BC%E3%83%88" n1="%E7%9A%AE%E3%80%85" n2="%41%4C%50%45%52%49%4E" n3="%69%6B%61%6D%6F%66%75%40" dan="19,16,16,17" rate="2264.74,2172.97,2192.86,2215.22" sx="M,M,M,M"/><TAIKYOKU oya="0"/><INIT seed="0,0,0,2,3,73" ten="250,250,250,250" oya="0" hai0="105,57,39,6,77,112,122,129,108,72,24,5,48" hai1="132,134,92,59,49,44,131,0,102,14,124,113,23" hai2="118,68,109,114,1,66,117,93,126,101,86,34,87" hai3="52,82,43,21,111,81,56,110,16,80,25,104,76"/><T98/><D112/><U91/><E0/><V127/><F1/><W28/><G43/><T107/><D39/><U128/><E113/><V130/><F34/><W31/><G104/><T45/><D122/><U17/><E102/><V85/><F114/><W99/><G99/><T4/><D129/><N who="1" m="49739" /><E59/><V133/><F130/><W15/><G15/><T83/><D108/><N who="3" m="41513" /><G76/><T100/><D57/><U54/><E124/><N who="2" m="47659" /><F66/><W67/><G67/><T116/><D116/><N who="2" m="44650" /><F68/><W71/><G71/><T74/><D74/><U88/><E92/><V51/><F51/><AGARI ba="0,0" hai="16,21,25,28,31,51,52,56,80,81,82" m="41513" machi="51" ten="30,3900,0" yaku="14,1,54,2" doraHai="73" who="3" fromWho="2" sc="250,0,250,0,250,-39,250,39" /><INIT seed="1,0,0,3,4,79" ten="250,250,211,289" oya="1" hai0="26,92,75,71,106,14,10,131,19,58,6,105,22" hai1="48,28,83,109,27,120,65,64,52,5,61,9,133" hai2="127,99,57,110,114,135,54,51,81,62,4,43,118" hai3="97,72,39,12,108,124,37,41,111,67,1,104,82"/><U11/><E120/><V13/><F118/><W74/><G1/><T87/><D71/><U116/><E116/><V8/><F110/><W17/><G124/><T68/><D68/><U84/><E109/><N who="3" m="42058" /><G67/><N who="1" m="25674" /><E133/><V56/><F127/><W76/><G72/><T44/><D75/><U112/><E61/><V122/><F122/><W119/><G41/><T77/><D131/><U78/><E112/><V89/><F135/><W59/><G59/><T102/><D105/><U93/><E5/><V90/><F114/><W3/><G3/><T34/><D106/><U33/><E33/><V115/><F115/><W91/><G119/><T47/><D34/><U69/><E69/><V36/><F36/><W45/><G45/><T132/><D58/><N who="1" m="33031" /><E28/><V24/><F24/><W85/><G97/><N who="0" m="59687" /><D132/><U0/><E0/><V20/><F99/><W15/><G104/><T80/><AGARI ba="0,0" hai="6,10,14,19,22,26,44,47,77,80,87" m="59687" machi="80" ten="30,2000,0" yaku="8,1,52,1" doraHai="79" who="0" fromWho="0" sc="250,20,250,-10,211,-5,289,-5" /><INIT seed="2,0,0,5,3,27" ten="270,240,206,284" oya="2" hai0="83,110,96,103,62,80,122,19,33,35,92,124,132" hai1="120,130,59,70,26,20,134,74,10,94,93,24,60" hai2="29,7,114,17,54,40,11,0,44,3,56,25,4" hai3="84,72,90,43,38,34,45,67,115,125,128,71,76"/><V100/><F114/><W37/><G34/><T98/><D122/><U49/><E74/><V101/><F17/><W63/><G115/><T28/><D110/><U64/><E120/><V129/><F129/><W105/><G105/><T13/><D124/><U75/><E75/><V61/><F7/><W107/><G107/><T18/><D132/><U97/><E134/><V6/><F6/><W127/><G128/><T15/><D62/><U32/><E130/><V119/><F0/><W116/><G116/><T117/><D92/><U21/><E32/><V89/><F89/><W113/><G113/><T66/><D66/><U5/><E70/><V109/><F109/><W99/><G99/><T48/><D48/><U87/><E49/><V22/><REACH who="2" step="1"/><F119/><REACH who="2" ten="270,240,196,284" step="2"/><W14/><G90/><T69/><D117/><U41/><E5/><V131/><F131/><W79/><G125/><T42/><D19/><U23/><E10/><V77/><F77/><W102/><G79/><T82/><D18/><U53/><E41/><V8/><F8/><W1/><G43/><T51/><D42/><U39/><E39/><AGARI ba="0,1" hai="3,4,11,22,25,29,39,40,44,54,56,61,100,101" machi="39" ten="30,5800,0" yaku="1,1,7,1,52,1,53,0" doraHai="27" doraHaiUra="30" who="2" fromWho="1" sc="270,0,240,-58,196,68,284,0" /><INIT seed="2,1,0,2,4,47" ten="270,182,264,284" oya="2" hai0="0,124,89,129,11,76,96,37,103,93,24,13,51" hai1="46,81,60,28,52,104,48,32,90,83,2,19,116" hai2="119,42,59,55,27,3,123,30,118,4,114,39,126" hai3="92,63,87,65,44,132,66,43,62,108,38,14,97"/><V84/><F114/><W127/><G108/><T128/><D37/><U1/><E116/><V109/><F123/><W82/><G132/><T115/><D115/><U95/><E104/><V45/><F126/><W77/><G127/><T50/><D0/><U8/><E1/><V54/><F109/><W64/><REACH who="3" step="1"/><G14/><REACH who="3" ten="270,182,264,274" step="2"/><T17/><D124/><U105/><E2/><V33/><F3/><W56/><G56/><T49/><D76/><U88/><E105/><V53/><F59/><W111/><G111/><T131/><D24/><U113/><E113/><V110/><F110/><W134/><G134/><T29/><D29/><U26/><E60/><V22/><F4/><W107/><G107/><T85/><D103/><AGARI ba="1,1" hai="38,43,44,62,63,64,65,66,77,82,87,92,97,103" machi="103" ten="40,1300,0" yaku="1,1,53,0" doraHai="47" doraHaiUra="120" who="3" fromWho="0" sc="270,-16,182,0,264,0,274,26" /><INIT seed="3,0,0,0,1,86" ten="254,182,264,300" oya="3" hai0="7,36,108,51,19,113,114,71,15,50,42,105,47" hai1="112,28,25,97,78,70,134,26,130,129,23,52,63" hai2="64,53,122,102,83,10,100,66,131,14,22,2,96" hai3="107,68,45,21,127,95,61,9,106,44,135,57,132"/><W69/><G127/><T85/><D108/><U94/><E112/><N who="0" m="43113" /><D105/><N who="3" m="39945" /><G9/><N who="0" m="4543" /><D71/><N who="3" m="27209" /><G21/><T133/><D133/><N who="3" m="51273" /><G95/><T125/><D125/><U24/><E134/><V33/><F22/><W67/><AGARI ba="0,0" hai="44,45,57,61,67" m="51273,27209,39945" machi="67" ten="40,2100,0" yaku="20,1" doraHai="86" who="3" fromWho="3" sc="254,-7,182,-7,264,-7,300,21" /><INIT seed="3,1,0,2,1,113" ten="247,175,257,321" oya="3" hai0="65,130,31,89,6,27,104,34,9,108,20,118,17" hai1="102,80,87,125,133,127,54,91,64,56,68,12,58" hai2="107,59,11,131,61,13,66,73,32,122,5,29,44" hai3="50,55,28,84,0,49,23,57,115,25,128,114,43"/><W99/><G128/><T70/><D104/><U121/><E121/><V18/><F73/><W40/><G0/><T48/><D108/><U75/><E75/><V36/><F107/><W8/><G99/><T24/><D70/><U63/><E133/><V33/><F131/><W51/><G114/><T14/><D65/><U88/><E102/><V15/><F122/><W4/><G115/><T83/><D130/><U110/><E110/><V116/><F29/><W1/><REACH who="3" step="1"/><G84/><REACH who="3" ten="247,175,257,311" step="2"/><T41/><D118/><U134/><E134/><V117/><F116/><W22/><G22/><T19/><D20/><U95/><E127/><V101/><F117/><W52/><G52/><T46/><D34/><U92/><E125/><V35/><F32/><W72/><G72/><T98/><D98/><U74/><E54/><V62/><F33/><W78/><G78/><T10/><D9/><U16/><E74/><V129/><F35/><W120/><G120/><T45/><D10/><U69/><E69/><V37/><F11/><W53/><G53/><T124/><D124/><U96/><REACH who="1" step="1"/><E80/><REACH who="1" ten="247,165,257,311" step="2"/><V90/><F129/><W76/><G76/><T100/><D83/><U123/><E123/><V2/><F2/><W60/><AGARI ba="1,2" hai="1,4,8,23,25,28,40,43,49,50,51,55,57,60" machi="60" ten="30,12000,1" yaku="1,1,0,1,53,3" doraHai="113" doraHaiUra="47" who="3" fromWho="3" sc="247,-41,165,-41,257,-41,311,143" /><INIT seed="3,2,0,3,0,84" ten="206,124,216,454" oya="3" hai0="131,57,35,95,56,59,63,15,85,64,3,110,98" hai1="80,102,67,107,14,4,66,51,119,36,82,94,126" hai2="99,23,30,134,90,12,26,6,18,132,69,61,101" hai3="27,73,116,79,19,34,100,68,76,33,135,43,124"/><W21/><G116/><T96/><D3/><U86/><E36/><V83/><F6/><W2/><G68/><T89/><D35/><U47/><E119/><V41/><F41/><W53/><G2/><T123/><D123/><U130/><E130/><V122/><F122/><W118/><G118/><T88/><D131/><U87/><E126/><V22/><F83/><W133/><G43/><T58/><D110/><U54/><E107/><V93/><REACH who="2" step="1"/><F101/><REACH who="2" ten="206,124,206,454" step="2"/><W44/><G100/><T28/><D28/><U109/><E109/><V104/><F104/><W29/><G124/><T72/><D72/><U48/><E102/><V91/><F91/><W78/><G73/><T70/><N who="0" m="14336" /><DORA hai="103" /><T39/><D39/><U60/><E94/><V120/><F120/><W42/><G53/><T50/><D50/><U9/><E51/><V115/><F115/><W5/><G5/><T106/><D106/><U65/><E60/><V25/><F25/><W7/><G7/><T8/><REACH who="0" step="1"/><D89/><REACH who="0" ten="196,124,206,454" step="2"/><N who="1" m="51399" /><E65/><AGARI ba="2,2" hai="12,18,22,23,26,30,61,65,69,90,93,99,132,134" machi="65" ten="40,2600,0" yaku="1,1,52,1,53,0" doraHai="84,103" doraHaiUra="71,105" who="2" fromWho="1" sc="196,0,124,-32,206,52,454,0" /><INIT seed="4,0,0,0,0,50" ten="196,92,258,454" oya="0" hai0="123,131,92,72,61,130,6,122,64,23,25,69,62" hai1="11,53,10,3,22,89,107,70,45,68,60,42,79" hai2="126,119,8,12,75,108,100,51,132,14,96,106,5" hai3="128,67,76,30,114,116,98,74,81,2,48,73,95"/><T21/><D72/><U1/><E107/><V56/><F108/><W102/><G2/><T83/><D6/><U117/><E117/><V78/><F119/><W121/><G114/><T0/><D0/><U49/><E79/><V32/><F32/><W86/><G128/><N who="0" m="49195" /><D83/><U103/><E103/><V57/><F126/><W20/><G74/><T46/><D46/><U52/><E89/><V101/><F132/><W115/><G73/><T33/><D62/><U133/><E133/><V77/><F100/><W41/><G115/><T7/><D7/><U118/><E118/><V109/><F109/><W35/><G121/><N who="0" m="46091" /><D92/><U17/><E1/><V4/><F75/><W104/><G95/><T9/><D9/><U99/><E99/><V134/><F134/><W58/><G81/><T113/><D113/><U127/><E127/><V39/><F4/><W111/><G98/><T28/><AGARI ba="0,0" hai="21,23,25,28,33,61,64,69" m="46091,49195" machi="28" ten="40,2100,0" yaku="19,1" doraHai="50" who="0" fromWho="0" sc="196,21,92,-7,258,-7,454,-7" /><INIT seed="4,1,0,1,3,131" ten="217,85,251,447" oya="0" hai0="30,103,36,62,19,106,60,14,132,40,4,0,72" hai1="42,94,35,20,126,93,27,108,74,48,57,17,113" hai2="59,129,61,3,9,97,10,50,41,120,11,92,110" hai3="70,123,117,96,58,66,7,49,124,99,78,67,116"/><T83/><D30/><U6/><E108/><V25/><F110/><W127/><G70/><T121/><D121/><U56/><E74/><V23/><F120/><W64/><G123/><T52/><D0/><U81/><E126/><N who="3" m="48170" /><G78/><T68/><D68/><U112/><E35/><V77/><F129/><W75/><G7/><T22/><D4/><U115/><E6/><V76/><F3/><W43/><G75/><T18/><D36/><U88/><E81/><V100/><F50/><W79/><G79/><T2/><D2/><U31/><E31/><V73/><F41/><W29/><G29/><T114/><D114/><U86/><REACH who="1" step="1"/><E93/><REACH who="1" ten="217,75,251,447" step="2"/><V1/><F73/><W111/><G111/><T95/><D95/><U45/><AGARI ba="1,1" hai="17,20,27,42,45,48,56,57,86,88,94,112,113,115" machi="45" ten="40,12000,2" yaku="1,1,2,1,0,1,15,1,11,1,54,1,53,1" doraHai="131" doraHaiUra="84" who="1" fromWho="1" sc="217,-61,75,133,251,-31,447,-31" /><INIT seed="5,0,0,4,3,65" ten="156,208,220,416" oya="1" hai0="116,57,96,50,27,53,26,79,35,77,16,33,23" hai1="87,64,7,102,112,118,129,88,76,29,107,43,15" hai2="18,46,75,58,105,85,117,48,6,14,19,37,131" hai3="83,101,54,69,91,2,11,104,9,89,42,21,63"/><U28/><E118/><V94/><F117/><W100/><G69/><T55/><D116/><U40/><E112/><V125/><F105/><W59/><G104/><T128/><D128/><U98/><E129/><V73/><F131/><W119/><G42/><T0/><D0/><U66/><E76/><V51/><F125/><W115/><G115/><T99/><D33/><U25/><E28/><V24/><F37/><W130/><G2/><T32/><D32/><U92/><E64/><V109/><F109/><W67/><G130/><T5/><D5/><U71/><E15/><V127/><F127/><W80/><G21/><T12/><D35/><N who="1" m="20911" /><E7/><V135/><F135/><W108/><G108/><T60/><D79/><U124/><E124/><V95/><F24/><N who="0" m="9258" /><D77/><U103/><E103/><N who="3" m="39498" /><G67/><T61/><D61/><AGARI ba="0,0" hai="40,43,61,66,71,87,88,92,98,102,107" m="20911" machi="61" ten="30,5800,0" yaku="25,1,52,1,54,1" doraHai="65" who="1" fromWho="0" sc="156,-58,208,58,220,0,416,0" /><INIT seed="5,1,0,2,1,34" ten="98,266,220,416" oya="1" hai0="9,114,97,71,72,38,66,131,96,77,21,12,84" hai1="59,57,46,128,83,98,33,87,5,76,22,115,93" hai2="82,78,0,101,89,91,104,135,109,15,106,68,48" hai3="43,63,99,53,8,133,13,94,120,132,70,86,26"/><U36/><E33/><V79/><F68/><W54/><G120/><T123/><D123/><U52/><E115/><V92/><F109/><W47/><G86/><T60/><D114/><U23/><E128/><V30/><F135/><N who="3" m="51787" /><G26/><T129/><D72/><U27/><E5/><V20/><F0/><W61/><G70/><T39/><D21/><U80/><E80/><V31/><F48/><N who="3" m="26751" /><G63/><T108/><D108/><U45/><E36/><V118/><F118/><W19/><G61/><T2/><D39/><U7/><E7/><V11/><F101/><AGARI ba="1,0" hai="8,13,19,53,54,94,99,101" m="26751,51787" machi="101" ten="30,1000,0" yaku="20,1" doraHai="34" who="3" fromWho="2" sc="98,0,266,0,220,-13,416,13" /><INIT seed="6,0,0,0,5,110" ten="98,266,207,429" oya="2" hai0="21,11,109,50,8,58,56,107,26,23,69,96,125" hai1="79,90,103,7,98,6,130,70,20,59,66,29,126" hai2="108,15,68,73,92,105,127,116,52,41,88,2,89" hai3="36,44,43,81,112,119,102,121,122,135,75,49,134"/><V100/><F116/><W74/><G112/><T85/><D69/><U5/><E130/><V24/><F2/><W32/><G119/><T131/><D109/><U120/><E120/><V0/><F0/><W71/><G32/><T3/><D131/><U77/><E126/><V132/><F68/><W17/><G71/><T9/><D125/><U39/><E39/><V25/><F73/><W124/><G75/><T76/><D3/><U53/><E70/><V13/><F127/><W82/><G124/><T37/><D37/><U80/><E66/><V87/><F108/><W106/><G17/><T93/><D107/><U31/><E103/><V38/><F132/><N who="3" m="50731" /><G36/><T129/><D129/><U51/><E20/><V4/><F41/><W111/><G111/><T47/><D23/><U12/><E12/><V67/><F67/><W99/><G74/><T64/><D85/><N who="1" m="50471" /><E98/><V54/><F38/><W55/><G43/><N who="0" m="24959" /><D76/><AGARI ba="0,0" hai="5,6,7,29,31,51,53,59,76,77,79" m="50471" machi="76" ten="30,1000,0" yaku="8,1" doraHai="110" who="1" fromWho="0" sc="98,-10,266,10,207,0,429,0" /><INIT seed="7,0,0,4,4,92" ten="88,276,207,429" oya="3" hai0="39,40,74,3,91,37,75,21,63,7,84,118,131" hai1="116,132,9,101,95,64,73,6,78,80,110,102,89" hai2="67,24,15,129,96,26,54,58,35,120,4,27,81" hai3="72,113,13,109,122,55,99,19,123,125,127,25,16"/><W112/><G72/><T10/><D118/><U60/><E110/><V100/><F129/><W12/><G109/><T48/><D131/><U121/><E121/><V5/><F120/><W134/><G55/><T66/><D48/><U88/><E132/><V117/><F117/><W36/><G25/><T128/><D128/><U103/><E116/><V68/><F35/><W17/><G17/><T0/><D21/><U61/><E64/><V93/><F68/><W51/><G51/><T1/><D91/><U76/><E89/><V33/><F67/><W52/><G52/><T94/><D94/><U43/><E43/><V20/><F33/><W69/><G36/><N who="0" m="13899" /><D84/><N who="1" m="48135" /><E78/><V14/><F81/><W105/><G105/><T50/><D50/><U135/><E73/><N who="0" m="27657" /><D40/><U115/><E101/><V106/><F106/><W18/><G19/><T32/><D10/><U79/><E102/><V83/><F20/><W98/><G134/><T30/><D7/><N who="2" m="2634" /><F83/><W11/><G69/><N who="0" m="42207" /><D30/><U87/><E135/><V124/><F93/><W82/><G82/><T34/><D34/><U65/><E95/><V45/><F15/><W31/><G31/><T114/><D32/><U119/><E119/><V23/><F14/><W41/><G41/><T22/><D22/><U29/><E29/><V2/><F23/><W44/><G11/><T62/><D62/><U133/><E9/><V108/><F27/><W42/><G42/><T47/><D47/><AGARI ba="0,0" hai="12,13,16,18,44,47,98,99,112,113,122,123,125,127" machi="47" ten="25,12000,1" yaku="22,2,52,2,54,1" doraHai="92" who="3" fromWho="0" sc="88,-120,276,0,207,0,429,120" owari="-32,-53.2,276,7.6,207,-19.3,549,64.9" /></mjloggm>