<mjloggm ver="2.3"><GO type="169" lobby="0"/><UN n0="%E8%90%BD%E8%8A%B1%E4%B8%8D%E7%9F%A5%E6%84%8F" n1="%E6%B2%B3%E7%AB%A5%E3%81%AE%E3%83%AF%E3%82%AB%E3%83%9E%E3%83%84" n2="%74%6F%72%69%30%36%31%32" n3="%E9%A2%A8%E3%81%A7%E9%B3%B4%E3%81%8F" dan="17,17,18,16" rate="2170.17,2209.56,2183.30,2180.33" sx="M,M,M,M"/><TAIKYOKU oya="0"/><INIT seed="0,0,0,5,0,112" ten="250,250,250,250" oya="0" hai0="129,81,132,65,96,47,23,43,60,133,38,54,59" hai1="127,24,56,40,103,7,20,46,72,107,26,113,106" hai2="49,87,109,58,39,117,53,18,35,9,2,89,62" hai3="11,91,134,51,131,63,104,90,135,5,68,57,48"/><T93/><D129/><U123/><E123/><V12/><F39/><W125/><G104/><T94/><D81/><U121/><E121/><V85/><F109/><W1/><G125/><T99/><D23/><U95/><E72/><V88/><F2/><W122/><G122/><T25/><D25/><U3/><E113/><V36/><F36/><W111/><G111/><T130/><D130/><U70/><E70/><V67/><F117/><W76/><G76/><T31/><D31/><U45/><E56/><V33/><F87/><W4/><G4/><T98/><REACH who="0" step="1"/><D65/><REACH who="0" ten="240,250,250,250" step="2"/><U118/><E20/><V69/><F89/><W83/><G83/><AGARI ba="0,1" hai="9,12,18,33,35,49,53,58,62,67,69,83,85,88" machi="83" ten="30,2000,0" yaku="7,1,54,1" doraHai="112" who="2" fromWho="3" sc="240,0,250,0,250,30,250,-20" /><INIT seed="1,0,0,4,1,125" ten="240,250,280,230" oya="1" hai0="43,103,48,122,83,79,118,52,96,112,109,4,73" hai1="85,14,30,22,20,89,41,93,65,132,98,46,39" hai2="21,74,54,7,131,58,76,5,72,75,60,111,110" hai3="106,15,107,18,108,100,67,124,123,64,19,47,17"/><U61/><E132/><V115/><F115/><W24/><G124/><T1/><D112/><U126/><E126/><V13/><F76/><W33/><G123/><T32/><D118/><U57/><E30/><V81/><F81/><W104/><G108/><N who="2" m="41513" /><F131/><W28/><G100/><T50/><D109/><U29/><E29/><V40/><F40/><W87/><G15/><T70/><D32/><U130/><E130/><V9/><F21/><W129/><G129/><T69/><D122/><U62/><E14/><V45/><F45/><W71/><G71/><T82/><D82/><U101/><REACH who="1" step="1"/><E62/><REACH who="1" ten="240,240,280,230" step="2"/><V55/><F7/><W12/><G12/><T42/><D4/><U116/><E116/><V66/><AGARI ba="0,1" hai="5,9,13,54,55,58,60,66,72,74,75" m="41513" machi="66" ten="40,1500,0" yaku="14,1" doraHai="125" who="2" fromWho="2" sc="240,-4,240,-7,280,25,230,-4" /><INIT seed="2,0,0,0,5,100" ten="236,233,305,226" oya="2" hai0="30,18,120,108,85,37,59,4,27,130,42,16,15" hai1="34,38,111,82,88,35,76,84,5,63,99,26,44" hai2="102,36,64,114,40,49,69,112,78,89,107,48,115" hai3="129,24,51,47,31,73,58,103,12,77,80,72,71"/><V97/><F36/><W110/><G71/><T52/><D120/><U57/><E111/><V62/><F40/><W65/><G110/><T118/><D108/><U86/><E5/><V105/><F78/><W67/><G129/><T2/><D130/><U54/><E99/><V74/><F74/><W109/><G109/><T90/><D118/><U132/><E132/><V11/><F89/><W25/><G25/><T83/><D2/><U66/><E26/><V127/><F127/><W128/><G72/><T135/><D135/><U14/><E14/><V121/><F121/><W1/><G1/><T45/><D4/><U91/><E76/><V75/><F11/><W29/><G29/><T43/><D43/><U60/><E38/><V98/><F75/><W46/><G46/><T19/><D15/><U101/><E101/><AGARI ba="0,0" hai="48,49,62,64,69,97,98,101,102,105,107,112,114,115" machi="101" ten="40,7700,0" yaku="9,1,52,2" doraHai="100" who="2" fromWho="1" sc="236,0,233,-77,305,77,226,0" /><INIT seed="2,1,0,0,3,46" ten="236,156,382,226" oya="2" hai0="42,67,117,90,68,123,98,131,121,13,1,93,78" hai1="60,32,115,52,125,36,21,94,91,54,69,12,118" hai2="40,135,58,101,49,33,0,105,19,5,97,24,129" hai3="87,4,82,15,44,7,103,79,16,133,134,20,26"/><V50/><F129/><W45/><G103/><T55/><D1/><U111/><E118/><V71/><F40/><W53/><G7/><T41/><D131/><U35/><E36/><V43/><F43/><W28/><G4/><T51/><D117/><U77/><E115/><V38/><F38/><W100/><G100/><T47/><D78/><U14/><E77/><V37/><F37/><W2/><G2/><T102/><D41/><U72/><E72/><V120/><F58/><W114/><G114/><T96/><D13/><U8/><E21/><V116/><F116/><W75/><G75/><T132/><D132/><N who="3" m="50793" /><G53/><T106/><REACH who="0" step="1"/><D55/><REACH who="0" ten="226,156,382,226" step="2"/><U29/><E52/><V107/><F0/><W126/><G126/><T124/><D124/><U92/><E125/><V81/><F135/><W108/><G108/><T23/><D23/><AGARI ba="1,1" hai="15,16,20,23,26,28,44,45,79,82,87" m="50793" machi="23" ten="30,2000,0" yaku="20,1,54,1" doraHai="46" who="3" fromWho="0" sc="226,-23,156,0,382,0,226,33" /><INIT seed="3,0,0,3,1,3" ten="203,156,382,259" oya="3" hai0="64,111,115,56,65,1,24,91,19,76,21,8,107" hai1="17,108,109,37,45,38,44,95,30,103,102,2,63" hai2="100,72,41,59,121,132,11,104,74,36,27,119,57" hai3="84,79,58,53,29,110,68,10,122,5,112,118,69"/><W9/><G112/><T7/><D107/><U127/><E2/><V43/><F27/><W13/><G118/><T35/><D111/><N who="1" m="42571" /><E63/><V82/><F119/><W117/><G117/><T101/><D115/><U88/><E17/><V52/><F100/><N who="1" m="38441" /><E30/><V133/><F104/><W99/><G110/><T92/><D101/><U70/><E70/><V93/><F93/><W97/><G122/><T4/><D76/><U128/><E128/><V90/><F121/><W129/><G29/><T12/><D56/><U31/><E31/><V94/><F82/><W54/><G129/><T6/><D35/><U47/><E127/><V66/><F59/><W34/><G34/><T15/><D1/><U96/><AGARI ba="0,0" hai="37,38,44,45,47,88,95,96" m="38441,42571" machi="96" ten="40,2700,0" yaku="14,1,54,1" doraHai="3" who="1" fromWho="1" sc="203,-7,156,27,382,-7,259,-13" /><INIT seed="4,0,0,1,5,6" ten="196,183,375,246" oya="0" hai0="1,106,40,35,135,14,100,2,53,7,81,109,46" hai1="69,66,45,99,84,85,126,92,26,105,89,97,78" hai2="29,132,90,55,12,58,30,64,13,9,54,121,62" hai3="134,107,96,94,21,49,119,80,56,39,16,122,24"/><T129/><D35/><U98/><E45/><V91/><F132/><W18/><G39/><T32/><D32/><U27/><E105/><V75/><F75/><W31/><G119/><T42/><D135/><U88/><E126/><V8/><F121/><W74/><G134/><T47/><D129/><U50/><E78/><V67/><F58/><W116/><G107/><T43/><D109/><U25/><E50/><V51/><F51/><W4/><G4/><T48/><D48/><U73/><BYE who="0" /><E73/><V38/><REACH who="2" step="1"/><F62/><REACH who="2" ten="196,183,365,246" step="2"/><W111/><G56/><T123/><D123/><U17/><E69/><UN n0="%E8%90%BD%E8%8A%B1%E4%B8%8D%E7%9F%A5%E6%84%8F" /><V113/><BYE who="0" /><F113/><W104/><G49/><UN n0="%E8%90%BD%E8%8A%B1%E4%B8%8D%E7%9F%A5%E6%84%8F" /><T60/><D60/><U114/><E114/><V34/><F34/><W77/><G122/><T110/><D47/><U44/><E44/><V128/><F128/><W36/><G36/><AGARI ba="0,1" hai="8,9,12,13,29,30,36,38,54,55,64,67,90,91" machi="36" ten="25,8000,1" yaku="1,1,22,2,52,2,53,0" doraHai="6" doraHaiUra="72" who="2" fromWho="3" sc="196,0,183,0,365,90,246,-80" /><INIT seed="5,0,0,4,3,72" ten="196,183,455,166" oya="1" hai0="18,57,76,77,31,99,34,35,92,112,20,32,116" hai1="2,118,58,80,53,135,85,128,47,66,12,63,88" hai2="113,0,71,52,64,22,14,25,107,129,46,122,106" hai3="121,101,130,89,115,5,45,26,62,75,9,123,11"/><U38/><E118/><V29/><F0/><W94/><G101/><T51/><D116/><U82/><E2/><V84/><F122/><W95/><G115/><T96/><D31/><U133/><E128/><V42/><F52/><W40/><G130/><T43/><D112/><U56/><E12/><V68/><F129/><W105/><G105/><T65/><D43/><U27/><E27/><V134/><F134/><W37/><G94/><T70/><D70/><U44/><E82/><V74/><F74/><W4/><G75/><T79/><D92/><U97/><E97/><V30/><F64/><W13/><G26/><T19/><D19/><U24/><E24/><V55/><F55/><W102/><G62/><T83/><D83/><U111/><E111/><V17/><F30/><W33/><G102/><T110/><D110/><U67/><E67/><V16/><F17/><W41/><G41/><T127/><D127/><U124/><E124/><V8/><F113/><W87/><REACH who="3" step="1"/><G33/><REACH who="3" ten="196,183,455,156" step="2"/><T36/><D35/><U91/><E63/><V28/><F28/><W59/><G59/><T104/><D104/><U48/><E58/><V132/><F107/><W49/><G49/><T125/><D125/><U131/><E131/><V78/><F106/><W126/><G126/><T108/><D108/><U54/><E48/><N who="2" m="26711" /><F71/><W23/><G23/><T61/><D51/><U81/><E56/><V7/><F68/><W117/><G117/><T21/><D21/><U10/><E133/><V93/><F132/><W3/><AGARI ba="0,1" hai="3,4,5,9,11,13,37,40,45,87,89,95,121,123" machi="3" ten="20,2700,0" yaku="1,1,0,1,7,1,53,0" doraHai="72" doraHaiUra="103" who="3" fromWho="3" sc="196,-7,183,-13,455,-7,156,37" /><INIT seed="6,0,0,1,0,54" ten="189,170,448,193" oya="2" hai0="43,36,1,118,88,34,124,53,39,16,119,33,130" hai1="104,6,30,84,75,3,81,103,133,91,49,52,83" hai2="126,85,101,86,14,112,58,96,38,17,111,26,5" hai3="109,69,98,82,8,25,11,108,128,63,7,28,22"/><V18/><F38/><W12/><G128/><T60/><D1/><U27/><E133/><V71/><F71/><W79/><G98/><T107/><D107/><U20/><E104/><V15/><F111/><W115/><G115/><T117/><D130/><U127/><E103/><V76/><F126/><W95/><G95/><T110/><D110/><U99/><E99/><V59/><F5/><W131/><G131/><T67/><D124/><U70/><E70/><V66/><F26/><W100/><G100/><T105/><D105/><U64/><E64/><V57/><F66/><W116/><G116/><T94/><D53/><U9/><E127/><V35/><F35/><N who="0" m="13322" /><D43/><U68/><E68/><V73/><F73/><W29/><G29/><T135/><D16/><N who="2" m="6250" /><F112/><W21/><G21/><T90/><D135/><U41/><E41/><V45/><F45/><W48/><G11/><T4/><D4/><U114/><E114/><V0/><F0/><W56/><G69/><N who="0" m="42215" /><D90/><U87/><E75/><V74/><F74/><W32/><G32/><T13/><D13/><N who="2" m="4618" /><F76/><W65/><G48/><T122/><D122/><U24/><E20/><V72/><F72/><AGARI ba="0,0" hai="7,8,12,22,25,28,56,63,65,72,79,82,108,109" machi="72" ten="30,2000,0" yaku="7,1,52,1" doraHai="54" who="3" fromWho="2" sc="189,0,170,0,448,-20,193,20" /><INIT seed="7,0,0,0,4,79" ten="189,170,428,213" oya="3" hai0="12,135,89,76,73,109,78,34,130,75,6,99,111" hai1="72,42,92,25,9,129,87,18,59,84,117,35,32" hai2="31,69,3,100,53,98,67,90,41,83,63,65,123" hai3="47,26,128,132,37,58,91,7,80,21,107,52,86"/><W13/><G107/><T57/><D34/><U8/><E72/><N who="0" m="27721" /><D57/><U82/><E117/><V124/><F123/><W14/><G128/><T113/><D12/><U68/><E68/><V56/><F124/><W133/><G37/><T108/><D6/><U19/><E129/><V60/><F3/><W95/><G47/><T33/><D33/><U74/><E74/><V94/><F31/><N who="3" m="17871" /><G95/><N who="0" m="56815" /><D130/><U29/><E42/><V48/><F41/><W134/><G7/><T50/><D50/><AGARI ba="0,0" hai="13,14,50,52,58,80,86,91,132,133,134" m="17871" machi="50" ten="30,5800,0" yaku="20,1,52,1,54,1" doraHai="79" who="3" fromWho="0" sc="189,-58,170,0,428,0,213,58" /><INIT seed="7,1,0,3,0,12" ten="131,170,428,271" oya="3" hai0="46,106,107,97,78,95,99,23,62,73,33,27,82" hai1="93,9,55,100,41,116,76,42,114,25,89,120,84" hai2="14,26,134,91,72,70,22,32,15,68,65,43,4" hai3="29,51,98,86,81,130,49,113,30,50,11,60,8"/><W37/><G37/><T18/><D33/><U83/><E120/><V16/><F72/><W47/><G113/><T58/><D46/><U119/><E114/><V74/><F74/><W0/><G130/><T88/><D99/><N who="1" m="59503" /><E9/><N who="3" m="3658" /><G0/><T112/><D112/><U61/><E25/><V3/><F4/><W94/><G60/><T24/><D24/><U63/><E76/><V35/><F3/><W7/><G7/><T57/><D57/><N who="1" m="35007" /><E63/><V104/><F104/><W80/><G47/><T128/><D128/><U54/><E54/><AGARI ba="1,0" hai="18,23,27,54,58,62,73,78,82,88,95,97,106,107" machi="54" ten="30,8000,1" yaku="7,1,25,2,52,1,54,1" doraHai="12" who="0" fromWho="1" sc="131,83,170,-83,428,0,271,0" owari="214,-18.6,87,-41.3,428,52.8,271,7.1" /></mjloggm>