<mjloggm ver="2.3"><GO type="225" lobby="0"/><UN n0="%E3%82%BC%E3%83%AB%E3%83%80%E3%81%AE%E4%BC%9D%E8%AA%AC" n1="%E3%81%BF%E3%81%BF%E3%81%9A" n2="%70%68%65%6E%6F%6D%65" n3="%E3%83%96%E3%83%83%E3%83%91%E3%82%AA%E3%83%96%E3%83%81%E3%82%AD%E3%83%B3" dan="17,17,16,16" rate="2143.31,2232.18,2180.97,2132.45" sx="M,M,M,M"/><TAIKYOKU oya="0"/><INIT seed="0,0,0,5,1,91" ten="250,250,250,250" oya="0" hai0="33,19,130,113,84,63,75,25,111,39,86,23,90" hai1="18,58,49,38,29,135,48,97,52,127,82,109,1" hai2="103,20,87,76,107,85,42,8,69,125,2,92,44" hai3="118,61,114,80,10,14,51,78,47,94,123,95,45"/><T60/><D113/><U27/><E38/><V56/><F69/><W93/><G114/><T81/><D75/><U24/><E109/><V5/><F125/><W28/><G118/><T30/><D111/><U32/><E127/><V12/><F56/><W17/><G123/><T67/><D130/><U0/><E135/><V115/><F107/><W21/><G61/><T132/><D132/><U7/><E7/><V41/><F115/><W68/><G68/><T79/><D39/><U74/><E49/><V43/><F44/><W57/><G57/><T73/><D67/><U11/><E97/><N who="2" m="59815" /><F2/><W133/><G133/><T46/><D46/><U4/><E0/><V22/><F76/><W104/><G104/><T105/><D105/><U37/><E37/><V3/><F3/><W128/><G128/><T40/><D40/><N who="2" m="10242" /><V121/><DORA hai="70" /><F121/><W119/><G119/><T53/><D53/><U66/><E66/><V9/><F9/><W126/><G126/><T54/><D54/><U112/><E112/><V62/><F62/><W16/><G51/><T34/><D73/><U101/><E101/><V108/><F108/><W122/><G122/><T131/><D131/><U31/><E74/><V110/><F110/><W6/><G47/><T88/><D79/><U55/><E55/><V116/><F116/><W35/><G45/><T120/><D120/><U83/><REACH who="1" step="1"/><E18/><REACH who="1" ten="250,240,250,250" step="2"/><V124/><F124/><W65/><G65/><T59/><D19/><U72/><E72/><V77/><F85/><N who="3" m="48279" /><G35/><AGARI ba="0,1" hai="1,4,11,24,27,29,31,32,35,48,52,58,82,83" machi="35" ten="30,7700,0" yaku="1,1,7,1,9,1,54,1,53,0" doraHai="91,70" doraHaiUra="96,102" who="1" fromWho="3" sc="250,0,240,87,250,0,250,-77" /><INIT seed="1,0,0,0,4,53" ten="250,327,250,173" oya="1" hai0="82,92,78,3,49,89,39,108,123,31,54,91,52" hai1="109,116,110,129,100,56,55,131,65,122,60,117,18" hai2="130,71,105,98,21,16,96,93,86,69,72,8,124" hai3="45,62,77,0,85,88,57,97,83,41,132,25,67"/><U32/><E32/><V115/><F72/><W84/><G132/><T48/><D39/><U119/><E100/><V33/><F33/><W38/><G0/><T75/><D108/><N who="1" m="41579" /><E122/><V6/><F124/><W113/><G113/><T2/><D123/><U20/><E65/><V134/><F134/><W81/><REACH who="3" step="1"/><G25/><AGARI ba="0,0" hai="18,20,25,55,56,60,116,117,119,129,131" m="41579" machi="25" ten="40,7700,0" yaku="14,1,10,1,52,1" doraHai="53" who="1" fromWho="3" sc="250,0,327,77,250,0,173,-77" /><INIT seed="1,1,0,4,5,44" ten="250,404,250,96" oya="1" hai0="52,14,117,65,126,13,40,1,83,20,69,116,66" hai1="54,3,5,120,51,109,60,71,36,49,42,78,21" hai2="124,29,24,11,91,133,102,93,46,28,99,7,104" hai3="4,64,119,131,58,62,37,45,95,59,34,77,0"/><U135/><E120/><V123/><F123/><W112/><G112/><T57/><D1/><U70/><E78/><V23/><F124/><W25/><G119/><T101/><D126/><U67/><E5/><V47/><F133/><W98/><G131/><T63/><D40/><U134/><E3/><V113/><F29/><W27/><G77/><T68/><D101/><U96/><E96/><V87/><REACH who="2" step="1"/><F113/><REACH who="2" ten="250,404,240,96" step="2"/><W15/><G34/><T84/><D117/><U8/><E135/><V82/><F82/><W39/><G0/><AGARI ba="1,1" hai="0,7,11,23,24,28,46,47,87,91,93,99,102,104" machi="0" ten="30,2000,0" yaku="1,1,7,1,53,0" doraHai="44" doraHaiUra="125" who="2" fromWho="3" sc="250,0,404,0,240,33,96,-23" /><INIT seed="2,0,0,1,3,38" ten="250,404,273,73" oya="2" hai0="97,106,112,120,75,125,22,69,19,105,114,63,79" hai1="131,83,42,47,84,58,82,118,36,64,76,119,115" hai2="4,124,71,62,133,94,6,117,95,20,67,65,111" hai3="81,66,43,56,89,0,27,122,1,14,85,2,5"/><V88/><F117/><W50/><G122/><T40/><D120/><U108/><E115/><V41/><F124/><W80/><G27/><T91/><D125/><U73/><E108/><V87/><F111/><W135/><G135/><T12/><D40/><U48/><E131/><V93/><F133/><W107/><G107/><T132/><D132/><U13/><E13/><V55/><F67/><W113/><G113/><T25/><D106/><U33/><E33/><V11/><F55/><W70/><G70/><T8/><D79/><U49/><E49/><V44/><F20/><W51/><G66/><T3/><D75/><U121/><E121/><V34/><F34/><W68/><G68/><T110/><D110/><U31/><E31/><V60/><F60/><W92/><G56/><T10/><D3/><U45/><E58/><V39/><REACH who="2" step="1"/><F4/><REACH who="2" ten="250,404,263,73" step="2"/><W90/><G5/><T18/><D22/><U99/><E64/><V57/><F57/><W134/><G134/><T23/><D63/><U7/><E7/><V77/><F77/><W102/><G43/><T29/><D69/><U46/><E119/><V100/><F100/><W96/><REACH who="3" step="1"/><G14/><AGARI ba="0,1" hai="6,11,14,39,41,44,62,65,71,87,88,93,94,95" machi="14" ten="30,11600,0" yaku="1,1,7,1,52,1,54,1,53,0" doraHai="38" doraHaiUra="24" who="2" fromWho="3" sc="250,0,404,0,263,126,73,-116" owari="250,-15.0,404,50.4,389,18.9,-43,-54.3" /></mjloggm>