<mjloggm ver="2.3"><GO type="169" lobby="0"/><UN n0="%E3%82%AB%E3%83%AB%E3%83%94%E3%82%B9%E3%82%B5%E3%83%AF%E3%83%BC" n1="%E5%A4%A7%E7%A9%BA%E3%82%B9%E3%83%90%E3%83%AB%E2%98%86" n2="%E3%81%AE%E3%81%AF%E3%81%A3%E3%81%A1" n3="%74%6B%34%32" dan="17,16,16,16" rate="2218.52,2105.18,2182.88,2110.91" sx="M,F,M,M"/><TAIKYOKU oya="0"/><INIT seed="0,0,0,0,1,84" ten="250,250,250,250" oya="0" hai0="35,2,29,34,131,56,121,18,47,134,19,40,111" hai1="4,85,127,58,44,99,62,49,1,26,108,125,6" hai2="103,55,120,0,66,94,117,74,90,79,82,126,28" hai3="46,95,128,3,81,70,106,69,97,57,119,59,8"/><T118/><D118/><U112/><E108/><V105/><F120/><W75/><G119/><T25/><D121/><U45/><E112/><V88/><F126/><N who="1" m="48137" /><E1/><V109/><F0/><W123/><G106/><T5/><D35/><U37/><E99/><V10/><F117/><W52/><G123/><T65/><D131/><U32/><E37/><V93/><F66/><W43/><G128/><T30/><D30/><N who="1" m="19543" /><E85/><V14/><F109/><W7/><G69/><T122/><D122/><U53/><E45/><V21/><F55/><AGARI ba="0,0" hai="4,6,44,49,53,55,58,62" m="19543,48137" machi="55" ten="30,1000,0" yaku="18,1" doraHai="84" who="1" fromWho="2" sc="250,0,250,10,250,-10,250,0" /><INIT seed="1,0,0,0,4,33" ten="250,260,240,250" oya="1" hai0="23,59,102,126,36,134,28,119,29,57,96,40,17" hai1="80,76,13,0,3,42,100,34,25,114,133,68,43" hai2="113,39,61,97,38,53,58,47,111,106,51,50,89" hai3="118,67,82,83,135,66,117,30,74,90,86,99,73"/><U127/><E68/><V69/><F111/><W112/><G112/><T14/><D119/><N who="3" m="45577" /><G30/><T37/><D126/><U72/><E114/><V55/><F113/><W64/><G135/><T65/><D134/><U101/><E133/><V8/><F106/><W4/><G4/><T22/><D40/><U32/><E127/><V62/><F97/><W20/><G20/><T16/><D65/><N who="3" m="16641" /><W1/><DORA hai="121" /><G1/><T48/><D48/><U105/><E13/><V9/><F89/><W84/><G99/><T94/><D36/><U108/><E108/><V81/><F81/><W54/><G54/><T110/><D37/><U7/><E105/><V109/><F109/><W71/><G71/><T70/><D70/><U49/><E7/><V15/><F69/><W87/><G90/><T85/><D110/><U91/><E91/><V11/><F38/><W131/><G131/><T35/><D35/><U125/><E125/><V46/><F39/><W45/><G45/><T107/><D107/><U95/><E34/><V92/><F92/><W60/><G60/><T52/><D85/><N who="3" m="21761" /><W18/><DORA hai="120" /><G18/><T129/><D129/><U63/><E63/><V2/><F2/><W56/><G56/><N who="0" m="21579" /><D52/><U128/><E128/><V21/><F58/><W24/><G24/><AGARI ba="0,0" hai="14,16,17,22,23,24,28,29,94,96,102" m="21579" machi="24" ten="30,2000,0" yaku="8,1,54,1" doraHai="33,121,120" who="0" fromWho="3" sc="250,20,260,0,240,0,250,-20" /><INIT seed="2,0,0,0,4,51" ten="270,260,240,230" oya="2" hai0="131,18,79,74,49,107,88,27,75,78,45,4,58" hai1="47,111,3,69,132,101,97,41,10,1,128,85,92" hai2="53,119,40,123,109,61,114,126,20,50,102,12,120" hai3="57,127,19,9,14,103,83,121,11,81,36,129,108"/><V59/><F114/><W52/><G121/><T54/><D107/><U2/><E69/><V95/><F119/><W55/><G108/><T130/><D4/><U86/><E111/><V30/><F126/><W32/><G127/><T6/><D6/><U7/><E132/><V122/><F109/><W42/><G129/><N who="0" m="49163" /><D18/><U70/><E70/><V93/><F102/><W38/><G32/><T80/><D27/><U13/><REACH who="1" step="1"/><E128/><REACH who="1" ten="270,250,240,230" step="2"/><V26/><REACH who="2" step="1"/><F12/><REACH who="2" ten="270,250,230,230" step="2"/><N who="3" m="7567" /><G103/><T24/><D24/><U105/><E105/><V99/><F99/><W28/><G28/><T94/><D75/><U35/><E35/><V56/><F56/><W8/><G38/><AGARI ba="0,2" hai="1,2,3,7,10,13,38,41,47,85,86,92,97,101" machi="38" ten="40,2600,0" yaku="1,1,53,1" doraHai="51" doraHaiUra="43" who="1" fromWho="3" sc="270,0,250,46,230,0,230,-26" /><INIT seed="3,0,0,3,4,25" ten="270,296,230,204" oya="3" hai0="129,6,17,64,105,76,131,72,48,39,102,9,98" hai1="124,63,112,47,90,126,60,75,130,62,79,91,115" hai2="135,16,12,14,1,19,65,84,68,55,51,45,70" hai3="100,7,40,111,36,123,122,88,41,57,134,74,80"/><W128/><G128/><N who="0" m="49227" /><D39/><U109/><E130/><V107/><F135/><W23/><G134/><T71/><D17/><U85/><E47/><V34/><F1/><W42/><G36/><T4/><D48/><U73/><E109/><V99/><F34/><W0/><G100/><T54/><D54/><U108/><E108/><V93/><F65/><W83/><G111/><T95/><D105/><U101/><E101/><V8/><F84/><W132/><G132/><T89/><D102/><U24/><E24/><V3/><F3/><W78/><G23/><T96/><D96/><U13/><E13/><V53/><F107/><W22/><G22/><T5/><D76/><U32/><E32/><V86/><F86/><W30/><G30/><T33/><D72/><N who="1" m="27723" /><E79/><V35/><F35/><W38/><G57/><T113/><D33/><U29/><E85/><V10/><REACH who="2" step="1"/><F55/><REACH who="2" ten="270,296,220,204" step="2"/><W2/><G2/><N who="0" m="151" /><D113/><U121/><E115/><V117/><F117/><W44/><G122/><T69/><D64/><U37/><E121/><V67/><F67/><W52/><G123/><T46/><D46/><U77/><E112/><V11/><F11/><N who="3" m="2535" /><G52/><T104/><D104/><U97/><E97/><V119/><F119/><W94/><G80/><T87/><D98/><AGARI ba="0,1" hai="38,40,41,42,44,74,78,83,88,94,98" m="2535" machi="98" ten="30,2900,0" yaku="25,1,54,1" doraHai="25" who="3" fromWho="0" sc="270,-29,296,0,220,0,204,39" /><INIT seed="3,1,0,3,0,13" ten="241,296,220,243" oya="3" hai0="47,43,38,88,132,116,71,61,35,8,128,123,62" hai1="118,49,24,51,106,110,76,127,3,80,44,25,42" hai2="0,27,131,32,120,48,89,45,105,103,83,58,100" hai3="108,102,6,99,28,16,56,90,26,54,60,97,107"/><W84/><G108/><T63/><D35/><U72/><E3/><V121/><F0/><W46/><G6/><T115/><D116/><U101/><E127/><V91/><F131/><W70/><G70/><T135/><D8/><U34/><E34/><V85/><F58/><W129/><G129/><T73/><D73/><U112/><E112/><V82/><F32/><W53/><G97/><T20/><D128/><U33/><E33/><V19/><F105/><W74/><G74/><T41/><D20/><U113/><E113/><V68/><F68/><W109/><G109/><T1/><D1/><U37/><E110/><V4/><F4/><W39/><G28/><T134/><D115/><U79/><E79/><V55/><F121/><W66/><G46/><N who="0" m="23863" /><D88/><U5/><E5/><V15/><F27/><W81/><REACH who="3" step="1"/><G39/><REACH who="3" ten="241,296,220,233" step="2"/><N who="0" m="22015" /><D123/><U96/><E118/><V18/><F120/><W86/><G86/><T75/><D75/><U125/><E125/><V126/><F126/><W22/><AGARI ba="1,1" hai="16,22,26,53,54,56,60,66,81,84,90,99,102,107" machi="22" ten="30,11700,0" yaku="1,1,0,1,52,1,54,1,53,0" doraHai="13" doraHaiUra="30" who="3" fromWho="3" sc="241,-40,296,-40,220,-40,233,130" /><INIT seed="3,2,0,1,2,84" ten="201,256,180,363" oya="3" hai0="119,73,126,67,30,21,20,117,64,78,128,129,88" hai1="81,112,0,107,14,68,27,28,38,69,51,7,66" hai2="32,53,18,124,95,4,54,25,59,12,33,13,76" hai3="46,86,5,109,52,122,80,61,121,90,40,70,50"/><W41/><G109/><T8/><D8/><U63/><E38/><V89/><F124/><W36/><G5/><T110/><D126/><U19/><E107/><V132/><F132/><W35/><G35/><T6/><D6/><U93/><E112/><V17/><F76/><W55/><G55/><T72/><D78/><U83/><E69/><V34/><F25/><W106/><G106/><T104/><D104/><U82/><E51/><V116/><F4/><W47/><REACH who="3" step="1"/><G40/><REACH who="3" ten="201,256,180,353" step="2"/><T49/><D110/><U118/><E7/><V39/><F32/><W94/><G94/><T87/><D119/><U74/><E93/><V115/><F95/><W60/><G60/><T113/><D117/><U10/><E118/><V85/><F116/><W96/><G96/><T125/><D125/><U127/><E127/><V108/><F108/><W97/><G97/><T123/><D113/><U37/><E0/><V24/><F33/><W98/><G98/><T48/><D128/><U134/><E134/><V120/><F34/><W22/><G22/><T31/><D129/><U77/><E37/><V56/><F39/><W111/><G111/><T1/><D1/><U26/><E26/><V135/><F24/><W58/><G58/><T114/><D114/><U43/><E43/><V102/><F115/><W130/><G130/><T57/><D57/><U99/><E99/><V92/><F135/><W42/><G42/><T3/><D3/><U65/><E65/><AGARI ba="2,1" hai="36,41,46,47,50,52,61,65,70,80,86,90,121,122" machi="65" ten="40,7700,0" yaku="1,1,52,1,54,1,53,0" doraHai="84" doraHaiUra="101" who="3" fromWho="1" sc="201,0,256,-83,180,0,353,93" /><INIT seed="3,3,0,1,5,120" ten="201,173,180,446" oya="3" hai0="73,29,128,0,2,127,134,63,94,129,54,44,12" hai1="105,66,47,93,26,79,55,75,31,81,19,72,43" hai2="121,88,117,65,124,118,9,34,114,98,61,20,15" hai3="21,7,57,97,126,64,83,27,46,49,22,100,135"/><W56/><G135/><T89/><D73/><U13/><E105/><V104/><F114/><W108/><G126/><T17/><D29/><U123/><E123/><V92/><F34/><W113/><G113/><T39/><D134/><U102/><E66/><V132/><F121/><W41/><G7/><T14/><D127/><U3/><E3/><V90/><F132/><W74/><G74/><T130/><D39/><U91/><E55/><V103/><F20/><W38/><G83/><T28/><D28/><U115/><E102/><V51/><F51/><W62/><G108/><T78/><D78/><U80/><E115/><V77/><F77/><W16/><G22/><T23/><D14/><U33/><E79/><V99/><F90/><W37/><REACH who="3" step="1"/><G56/><REACH who="3" ten="201,173,180,436" step="2"/><N who="0" m="35223" /><D44/><U25/><E75/><V45/><F45/><W60/><G60/><T85/><AGARI ba="3,1" hai="0,2,12,17,23,85,89,94,128,129,130" m="35223" machi="85" ten="30,1100,0" yaku="19,1" doraHai="120" who="0" fromWho="0" sc="201,30,173,-6,180,-6,436,-8" /><INIT seed="4,0,0,2,3,17" ten="231,167,174,428" oya="0" hai0="94,129,6,57,49,32,92,84,58,66,63,76,53" hai1="74,86,91,122,131,128,20,102,27,0,71,134,1" hai2="104,96,133,45,115,48,62,125,90,10,100,16,33" hai3="132,47,117,127,4,120,112,12,25,95,114,5,38"/><T52/><D129/><N who="1" m="49739" /><E71/><V15/><F115/><W18/><G117/><T13/><D32/><U44/><E74/><V8/><F125/><W11/><G127/><T119/><D119/><U106/><E122/><V55/><F133/><W123/><G95/><T69/><D76/><U110/><E110/><V73/><F33/><W70/><G70/><T77/><D77/><U105/><E134/><V75/><F90/><W35/><G47/><T109/><D109/><U103/><E44/><V130/><F130/><W85/><G85/><T93/><D84/><U2/><E106/><V56/><REACH who="2" step="1"/><F8/><REACH who="2" ten="231,167,164,428" step="2"/><W30/><G132/><T101/><D101/><U54/><E54/><AGARI ba="0,1" hai="10,15,16,45,48,54,55,56,62,73,75,96,100,104" machi="54" ten="30,7700,0" yaku="1,1,2,1,7,1,54,1,53,0" doraHai="17" doraHaiUra="19" who="2" fromWho="1" sc="231,0,167,-77,164,87,428,0" /><INIT seed="5,0,0,1,5,69" ten="231,90,251,428" oya="1" hai0="40,29,55,125,73,51,71,97,85,37,91,93,0" hai1="50,110,38,33,120,25,60,15,32,116,58,86,133" hai2="53,75,124,89,114,46,135,52,13,7,90,134,66" hai3="16,44,27,101,121,104,115,61,42,30,59,45,4"/><U99/><E116/><V129/><F75/><W26/><G115/><T35/><D73/><U113/><E120/><V31/><F124/><W92/><G104/><T11/><D71/><U24/><E113/><V56/><F129/><W109/><G109/><T118/><D118/><U87/><E110/><V63/><F31/><W117/><G4/><T36/><D40/><U41/><E133/><N who="2" m="50699" /><F114/><W54/><G121/><T49/><D125/><U119/><E119/><V76/><F76/><W9/><G117/><T78/><D0/><U127/><E127/><V83/><F83/><W95/><G101/><T72/><D72/><U2/><E2/><V68/><F46/><W94/><G42/><T65/><D65/><U79/><E99/><V17/><F7/><W64/><G64/><T84/><D11/><U77/><E15/><V18/><F53/><W47/><G30/><T112/><D112/><U106/><E106/><V105/><F17/><W88/><G88/><T43/><D43/><U22/><E38/><V21/><F105/><W10/><G10/><T102/><D78/><N who="1" m="29707" /><E33/><V57/><F68/><W98/><G98/><T48/><D55/><N who="1" m="33887" /><E32/><V70/><F70/><W122/><G122/><T80/><REACH who="0" step="1"/><D85/><REACH who="0" ten="221,90,251,428" step="2"/><N who="1" m="32267" /><E22/><V128/><F128/><W107/><G107/><T126/><D126/><U39/><E39/><V5/><F5/><W19/><G9/><T3/><D3/><U12/><E12/><V82/><F82/><W28/><G27/><AGARI ba="0,1" hai="27,29,35,36,37,48,49,51,80,84,91,93,97,102" machi="27" ten="40,5200,0" yaku="1,1,52,2,53,0" doraHai="69" doraHaiUra="14" who="0" fromWho="3" sc="221,62,90,0,251,0,428,-52" /><INIT seed="6,0,0,1,5,115" ten="283,90,251,376" oya="2" hai0="91,106,93,121,20,1,53,116,96,27,110,105,59" hai1="117,98,65,92,22,95,55,120,114,75,107,42,113" hai2="123,17,131,54,2,33,18,67,70,101,62,108,25" hai3="28,30,134,71,125,58,19,119,97,132,43,15,88"/><V68/><F123/><W99/><G119/><T6/><D110/><U44/><E120/><V83/><F2/><W31/><G71/><T94/><D121/><U79/><E65/><V81/><F131/><W127/><G43/><T8/><D94/><N who="1" m="35883" /><E55/><V103/><F54/><W23/><G58/><T38/><D38/><U7/><E22/><V56/><F108/><W111/><G111/><T73/><D73/><U90/><E7/><V32/><F56/><W64/><G64/><T86/><D86/><U26/><E26/><V133/><F67/><W10/><G88/><T41/><D116/><U89/><E44/><V109/><F109/><W5/><G97/><T51/><REACH who="0" step="1"/><D41/><REACH who="0" ten="273,90,251,376" step="2"/><U45/><E42/><V35/><F35/><W87/><G87/><T50/><D50/><U66/><E117/><V14/><F62/><W21/><G99/><T112/><D112/><N who="1" m="43115" /><E45/><V49/><F49/><W34/><G34/><T13/><D13/><U84/><E75/><V100/><F14/><W118/><G118/><T37/><D37/><U129/><E129/><V124/><F32/><W24/><G23/><T60/><D60/><U16/><E66/><V102/><F33/><W74/><G74/><T63/><D63/><U104/><E79/><V122/><F122/><W9/><G10/><T48/><D48/><U128/><E128/><V57/><F68/><W69/><G69/><T80/><D80/><N who="1" m="49287" /><E16/><AGARI ba="0,1" hai="1,6,8,16,20,27,51,53,59,91,93,96,105,106" machi="16" ten="30,3900,0" yaku="1,1,7,1,54,1,53,0" doraHai="115" doraHaiUra="78" who="0" fromWho="1" sc="273,49,90,-39,251,0,376,0" /><INIT seed="7,0,0,4,2,3" ten="322,51,251,376" oya="3" hai0="7,22,129,87,115,94,130,51,34,2,0,52,65" hai1="85,38,106,57,82,4,71,102,120,5,135,74,50" hai2="18,101,40,113,88,1,103,42,92,33,128,77,81" hai3="69,39,9,107,90,96,63,86,19,28,21,23,111"/><W6/><G39/><T105/><D34/><U46/><E120/><V48/><F113/><W36/><G36/><T95/><D105/><U98/><E135/><V58/><F128/><N who="0" m="49258" /><D65/><U37/><E71/><V97/><F33/><W72/><G72/><T32/><D32/><U125/><E125/><V99/><F1/><N who="0" m="618" /><D115/><U66/><E74/><V35/><F35/><W116/><G28/><T44/><D87/><U64/><E38/><V55/><F18/><W27/><G19/><T79/><D79/><U68/><E68/><V67/><F67/><W61/><G69/><T14/><D22/><U10/><E10/><AGARI ba="0,0" hai="7,10,14,44,51,52,94,95" m="618,49258" machi="10" ten="30,3900,0" yaku="19,1,52,1,54,1" doraHai="3" who="0" fromWho="1" sc="322,39,51,-39,251,0,376,0" owari="361,16.1,12,-48.8,251,-14.9,376,47.6" /></mjloggm>