<mjloggm ver="2.3"><GO type="169" lobby="0"/><UN n0="%E5%9C%A7%E5%80%92%E7%9A%84%E3%83%9D%E3%83%B3" n1="%E6%81%8B%E3%81%AE%E3%81%86%E3%81%9F" n2="%E3%81%97%E3%82%82%E3%82%93%E3%81%AC" n3="%41%6C%6C%2D%4C%75%63%6B" dan="17,17,16,16" rate="2219.05,2232.51,2156.43,2127.59" sx="M,M,M,M"/><TAIKYOKU oya="0"/><INIT seed="0,0,0,5,0,98" ten="250,250,250,250" oya="0" hai0="118,90,12,94,5,93,103,63,13,99,8,78,113" hai1="120,122,14,68,44,133,65,112,31,86,116,106,135" hai2="101,2,72,17,102,69,7,97,35,123,23,57,132" hai3="28,55,37,114,39,60,40,53,3,30,20,134,85"/><T27/><D118/><U42/><E86/><V124/><F69/><W67/><G3/><T6/><D113/><U121/><E31/><V51/><F35/><W117/><G114/><T77/><D27/><U9/><E106/><V110/><F72/><W96/><G134/><N who="1" m="51210" /><E14/><V70/><F70/><W76/><G96/><T92/><D92/><U105/><E9/><V50/><F132/><W10/><G10/><N who="0" m="4175" /><D63/><N who="1" m="39999" /><E105/><V80/><F110/><W95/><G30/><T56/><D56/><U58/><E112/><V130/><F124/><W81/><G95/><T45/><D45/><U88/><E88/><V126/><F126/><W21/><G28/><T100/><D94/><U128/><E58/><V25/><F80/><W46/><G117/><T83/><D83/><U71/><E71/><V61/><F97/><W32/><G32/><T41/><D41/><U108/><E116/><V22/><F2/><W107/><G107/><T33/><D33/><U91/><E91/><V84/><F57/><N who="3" m="37263" /><G20/><T111/><D111/><U109/><E128/><V75/><F130/><W74/><G21/><T119/><D119/><U24/><E24/><V104/><F25/><W49/><G74/><T127/><D127/><U73/><E73/><V1/><F75/><W89/><G89/><T125/><D125/><U38/><AGARI ba="0,0" hai="38,42,44,108,109,120,121,122" m="39999,51210" machi="38" ten="40,8000,1" yaku="20,1,23,1,34,2" doraHai="98" who="1" fromWho="1" sc="250,-40,250,80,250,-20,250,-20" /><INIT seed="1,0,0,5,4,56" ten="210,330,230,230" oya="1" hai0="127,57,32,4,83,1,99,52,9,71,90,103,110" hai1="104,40,89,76,111,66,97,121,86,114,123,82,27" hai2="24,128,93,131,12,34,49,0,112,126,67,116,14" hai3="3,17,36,68,130,23,72,47,106,118,48,84,98"/><U81/><E40/><V11/><F93/><W74/><G3/><T6/><D71/><U10/><E27/><V54/><F67/><W55/><G130/><N who="2" m="49705" /><F54/><W43/><G118/><T69/><D110/><U120/><E10/><V65/><F49/><W59/><G68/><T16/><D69/><U85/><E66/><V132/><F65/><W33/><G33/><T119/><D32/><U87/><E114/><V7/><F116/><W8/><G8/><T51/><D119/><U22/><E22/><V102/><F102/><W80/><G98/><T113/><D113/><U129/><E129/><V77/><F77/><W117/><G106/><T101/><D127/><U53/><E53/><V20/><F112/><W29/><G29/><T26/><D6/><U42/><E42/><V124/><F132/><W78/><REACH who="3" step="1"/><G117/><REACH who="3" ten="210,330,230,220" step="2"/><T79/><D99/><U70/><E70/><V107/><F107/><W61/><G61/><T25/><D90/><U91/><E111/><V38/><F34/><W45/><G45/><T62/><D62/><U37/><E104/><V133/><F133/><W108/><G108/><T35/><D35/><U64/><E97/><V115/><F115/><W58/><G58/><T125/><D125/><N who="2" m="48234" /><F38/><W75/><G75/><T135/><D135/><U15/><E37/><V50/><F50/><W96/><G96/><T88/><D103/><U5/><E89/><V41/><F41/><W122/><G122/><T31/><D101/><U18/><E91/><V19/><AGARI ba="0,1" hai="0,7,11,12,14,19,20,24" m="48234,49705" machi="19" ten="30,7900,0" yaku="19,1,18,1,34,2" doraHai="56" who="2" fromWho="2" sc="210,-20,330,-39,230,89,220,-20" /><INIT seed="2,0,0,4,0,50" ten="190,291,319,200" oya="2" hai0="28,133,82,21,103,60,119,0,128,16,8,114,127" hai1="97,74,84,5,40,109,110,29,106,15,95,129,101" hai2="77,44,35,2,14,47,107,51,93,1,91,56,36" hai3="6,117,126,71,118,88,68,104,27,124,7,22,100"/><V132/><F107/><W85/><G104/><T38/><D114/><U64/><E40/><V18/><F35/><W26/><G100/><T19/><D38/><U125/><E29/><V32/><F32/><W113/><G113/><T62/><D103/><U49/><E64/><V70/><F70/><W116/><G71/><T31/><D119/><U30/><E30/><V86/><F132/><W69/><G68/><T130/><D82/><U34/><E34/><V67/><F77/><W23/><G69/><T115/><D115/><U43/><E74/><V20/><F36/><W98/><G98/><T108/><D108/><U58/><E129/><N who="0" m="49769" /><D133/><U12/><E125/><N who="3" m="48234" /><G88/><T121/><D121/><U92/><E109/><V78/><F78/><W80/><G85/><T42/><D42/><U105/><E110/><V45/><REACH who="2" step="1"/><F67/><REACH who="2" ten="190,291,309,200" step="2"/><W122/><G122/><T25/><D127/><U66/><E106/><V89/><F89/><W79/><G79/><T102/><D102/><U41/><E105/><V111/><F111/><W37/><G37/><T11/><D62/><U24/><E101/><V57/><F57/><W72/><G72/><T131/><D60/><U112/><E112/><V4/><F4/><N who="3" m="1579" /><G80/><T13/><D131/><U76/><E76/><V90/><F90/><W134/><G134/><T63/><D63/><U39/><E39/><V3/><F3/><W52/><G118/><T83/><D83/><U61/><E66/><V53/><AGARI ba="0,1" hai="1,2,14,18,20,44,45,47,51,53,56,86,91,93" machi="53" ten="30,12000,1" yaku="1,1,0,1,25,2,52,1,53,0" doraHai="50" doraHaiUra="73" who="2" fromWho="2" sc="190,-40,291,-40,309,130,200,-40" /><INIT seed="2,1,0,0,0,98" ten="150,251,439,160" oya="2" hai0="2,96,14,66,84,85,63,123,15,13,125,33,133" hai1="31,55,87,57,56,128,9,52,105,37,81,7,93" hai2="62,27,22,108,101,1,12,109,73,117,6,121,80" hai3="122,29,18,19,134,51,8,40,10,44,69,78,41"/><V82/><F117/><W46/><G69/><T77/><D123/><U59/><E105/><V5/><F121/><W106/><G106/><T35/><D2/><U17/><E37/><V72/><F62/><W39/><G134/><T23/><D125/><U113/><E113/><V43/><F43/><W54/><G122/><T67/><D133/><U91/><E128/><V100/><F1/><W28/><G78/><T127/><D127/><U48/><E31/><V103/><F12/><W71/><G71/><T70/><D67/><U30/><E30/><V97/><F97/><W42/><G39/><T120/><D120/><U74/><E17/><N who="2" m="12751" /><F82/><W116/><G40/><T88/><D96/><U50/><E74/><N who="2" m="28779" /><F80/><W115/><G115/><T21/><D77/><U60/><E81/><V135/><F135/><W58/><G51/><T61/><D15/><U89/><E89/><V119/><F119/><W112/><G112/><T4/><D70/><U110/><E60/><V94/><F94/><W86/><G86/><T20/><D20/><U11/><E57/><V36/><F36/><W132/><G132/><T92/><D66/><U75/><E75/><V49/><F49/><W16/><G58/><T130/><D92/><U107/><E107/><V95/><F95/><W129/><G116/><T45/><D45/><U111/><REACH who="1" step="1"/><E9/><REACH who="1" ten="150,241,439,160" step="2"/><V32/><F32/><W3/><G8/><T79/><D79/><U34/><E34/><V68/><F68/><W131/><G10/><T64/><D35/><U26/><E26/><V90/><F90/><W114/><G114/><T76/><D33/><U47/><E47/><RYUUKYOKU ba="1,1" sc="150,-15,241,15,439,15,160,-15" hai1="7,11,48,50,52,55,56,59,87,91,93,110,111" hai2="5,6,100,101,103,108,109" /><INIT seed="2,2,1,5,5,124" ten="135,256,454,145" oya="2" hai0="73,62,18,27,63,0,43,86,30,64,131,135,13" hai1="84,87,41,71,29,80,107,20,33,85,114,116,82" hai2="68,72,60,127,16,99,70,106,21,100,37,2,45" hai3="32,11,90,130,79,69,12,78,113,61,39,56,47"/><V76/><F127/><W128/><G32/><T95/><D73/><U120/><E71/><V5/><F5/><W40/><G69/><T96/><D0/><U103/><E33/><V121/><F2/><W7/><G113/><T115/><D115/><U54/><E41/><V26/><F121/><W105/><G105/><T98/><D135/><U67/><E67/><V31/><F37/><W132/><G132/><T66/><D43/><U17/><E116/><V111/><F111/><W10/><G90/><T117/><D117/><U65/><E65/><V1/><F1/><W4/><G10/><T57/><D86/><U25/><E107/><V94/><F45/><W97/><G97/><T92/><D13/><U77/><E103/><V93/><F31/><W15/><G15/><T9/><D9/><U88/><E120/><V42/><F42/><W110/><G4/><T50/><D50/><U8/><E114/><V125/><F125/><W52/><REACH who="3" step="1"/><G110/><REACH who="3" ten="135,256,454,135" step="2"/><T3/><D3/><U36/><E8/><V74/><F68/><W46/><G46/><T49/><D98/><U119/><E119/><V134/><F134/><W133/><G133/><T81/><D96/><U108/><E108/><V44/><F44/><W23/><G23/><T28/><D57/><U14/><E14/><V112/><F112/><W101/><G101/><T22/><D22/><U122/><E20/><V55/><F70/><W48/><G48/><T118/><D49/><U51/><E51/><V102/><F102/><W91/><G91/><T53/><D118/><U24/><E88/><V129/><F100/><W19/><G19/><RYUUKYOKU ba="2,2" sc="135,-10,256,-10,454,-10,135,30" hai3="7,11,12,39,40,47,52,56,61,78,79,128,130" /><INIT seed="3,3,2,1,1,38" ten="125,246,444,165" oya="3" hai0="129,131,127,30,98,126,31,92,61,7,24,82,41" hai1="57,68,81,29,14,85,25,105,55,118,88,119,40" hai2="130,50,69,123,86,95,77,36,39,53,16,54,12" hai3="47,112,32,91,0,128,90,109,58,97,4,15,107"/><W26/><G112/><T134/><D7/><U76/><E68/><V122/><F69/><W94/><G128/><N who="0" m="49227" /><D61/><U27/><E105/><V20/><F130/><W52/><G107/><T46/><D82/><U83/><E14/><V114/><F114/><W74/><G0/><T5/><D5/><U120/><E120/><N who="2" m="46123" /><F53/><W73/><G109/><T23/><D30/><U35/><E25/><V135/><F135/><W132/><G132/><T78/><D78/><U34/><E40/><V62/><F62/><N who="3" m="36167" /><G73/><T103/><D134/><U96/><E35/><V79/><F79/><W18/><G74/><T99/><D99/><U1/><E1/><V80/><F95/><W11/><G32/><T87/><D87/><U100/><E96/><V72/><F72/><W63/><G63/><T66/><D66/><U117/><E76/><V89/><F77/><W70/><G70/><T21/><D23/><U104/><E104/><V93/><F80/><W108/><G108/><T8/><D8/><U113/><E81/><V101/><F101/><N who="3" m="60599" /><G47/><AGARI ba="3,2" hai="12,16,20,36,39,47,50,54,86,89,93" m="46123" machi="47" ten="30,2000,0" yaku="13,1,54,1" doraHai="38" who="2" fromWho="3" sc="125,0,246,0,444,49,165,-29" /><INIT seed="4,0,0,1,1,54" ten="125,246,493,136" oya="0" hai0="108,74,101,47,44,16,1,73,83,124,91,15,5" hai1="8,55,38,87,111,20,52,30,135,123,118,50,43" hai2="68,6,69,98,79,37,93,125,14,76,88,100,57" hai3="25,28,105,110,34,127,11,115,92,133,126,32,12"/><T119/><D119/><U131/><E111/><V40/><F125/><N who="3" m="47627" /><G105/><T84/><D124/><U67/><E131/><V64/><F37/><W39/><G39/><T109/><D101/><U62/><E135/><V95/><F40/><W117/><G92/><T121/><D121/><U53/><E8/><N who="2" m="4375" /><F68/><W41/><G41/><T129/><D129/><U113/><E113/><V23/><F69/><W78/><G78/><T29/><D29/><U33/><E33/><N who="3" m="12906" /><G117/><T134/><D134/><U36/><E123/><V66/><F23/><N who="3" m="15423" /><G110/><N who="0" m="42603" /><D5/><U65/><E118/><V56/><F64/><N who="1" m="24649" /><E38/><V63/><F57/><W70/><G70/><T48/><D1/><U22/><E36/><V97/><AGARI ba="0,0" hai="56,63,66,76,79,88,93,95,97,98,100" m="4375" machi="97" ten="30,4000,0" yaku="8,1,52,1,54,1" doraHai="54" who="2" fromWho="2" sc="125,-20,246,-10,493,40,136,-10" /><INIT seed="5,0,0,5,4,44" ten="105,236,533,126" oya="1" hai0="88,96,110,125,11,54,8,116,98,52,119,35,107" hai1="83,9,33,97,7,12,135,26,14,15,22,42,16" hai2="114,80,30,27,78,45,91,113,60,65,49,64,28" hai3="73,36,69,13,32,68,19,48,92,18,87,38,104"/><U134/><E97/><V101/><F91/><W111/><G104/><T79/><D79/><U21/><E42/><V106/><F101/><W95/><G73/><T0/><D35/><U57/><E57/><V115/><F106/><W102/><G32/><T100/><D110/><U50/><E50/><V82/><F82/><W75/><G75/><T53/><D125/><U109/><E83/><V29/><F27/><W66/><G66/><T46/><D46/><U72/><E72/><N who="2" m="43079" /><F60/><W58/><G102/><T24/><D24/><U120/><E120/><V37/><F37/><W4/><G87/><T132/><D132/><N who="1" m="50731" /><E33/><V118/><F118/><W62/><G62/><T51/><D51/><U122/><E122/><V84/><F84/><W40/><G58/><T63/><D63/><U94/><E94/><V25/><F25/><W20/><G48/><T129/><D129/><U124/><E109/><V3/><F49/><W61/><G40/><T1/><D1/><N who="1" m="239" /><E124/><V105/><F45/><W5/><G61/><T74/><D74/><U117/><E117/><V123/><F123/><W55/><G111/><T39/><D39/><U67/><E67/><V71/><F64/><W86/><G55/><T34/><D34/><U17/><AGARI ba="0,0" hai="12,14,15,16,17,21,22,26" m="239,50731" machi="17" ten="30,11700,0" yaku="20,1,34,2,54,1" doraHai="44" who="1" fromWho="1" sc="105,-39,236,117,533,-39,126,-39" /><INIT seed="5,1,0,3,0,24" ten="66,353,494,87" oya="1" hai0="60,44,125,53,69,63,47,83,93,128,107,23,101" hai1="78,7,130,89,100,31,133,48,15,57,119,5,50" hai2="59,39,106,68,126,84,111,30,52,16,114,58,115" hai3="33,22,73,29,123,81,6,32,108,19,14,116,109"/><U0/><E119/><V45/><F111/><N who="3" m="42571" /><G81/><T11/><D107/><U9/><E130/><V18/><F68/><W20/><G73/><T72/><D128/><U77/><E133/><V113/><F106/><W129/><G129/><T117/><D117/><U99/><E0/><V40/><F126/><W94/><G94/><T98/><D125/><U3/><E3/><V26/><F84/><W92/><G92/><T95/><D69/><U4/><E89/><V97/><F97/><W102/><G102/><T35/><D35/><N who="3" m="13385" /><G116/><T74/><D11/><U70/><E70/><V76/><F76/><W8/><G123/><T80/><D23/><N who="3" m="8745" /><G6/><T17/><D53/><U51/><E57/><N who="2" m="21515" /><F52/><W21/><N who="3" m="8753" /><AGARI ba="1,0" hai="16,18,21,26,30,39,40,45,113,114,115" m="21515" machi="21" ten="30,8000,1" yaku="3,1,15,1,11,1,52,1,54,1" doraHai="24" who="2" fromWho="3" sc="66,0,353,0,494,83,87,-83" /><INIT seed="6,0,0,2,0,78" ten="66,353,577,4" oya="2" hai0="57,101,8,87,7,126,79,59,125,130,108,44,18" hai1="128,86,64,127,97,120,38,76,124,56,5,81,106" hai2="95,94,11,114,13,42,92,121,90,102,69,35,34" hai3="89,37,133,88,98,112,17,23,33,91,83,32,105"/><V118/><F118/><W77/><G37/><T22/><D108/><U110/><E38/><V68/><F121/><W21/><G133/><T47/><D101/><U61/><E110/><V70/><F114/><W30/><G112/><T16/><D130/><U73/><E5/><V40/><F102/><W49/><G23/><T104/><D104/><U131/><E56/><N who="0" m="21577" /><D87/><U45/><E45/><N who="0" m="17481" /><D22/><U109/><E61/><V48/><F90/><W52/><G105/><T20/><D20/><U74/><E64/><V53/><F53/><W84/><G30/><T122/><D79/><U119/><E109/><V62/><F62/><W29/><G29/><T46/><D46/><U67/><E67/><V50/><F13/><N who="3" m="9391" /><G32/><N who="2" m="12329" /><F11/><W10/><G10/><T58/><D58/><U99/><E120/><V117/><F117/><W115/><G33/><T9/><D122/><U6/><E119/><V134/><F134/><W113/><G113/><T43/><D43/><AGARI ba="0,0" hai="40,42,43,48,50,68,69,70,92,94,95" m="12329" machi="43" ten="40,3900,0" yaku="28,2" doraHai="78" who="2" fromWho="0" sc="66,-39,353,0,577,39,4,0" /><INIT seed="6,1,0,2,2,84" ten="27,353,616,4" oya="2" hai0="40,78,19,131,21,70,116,77,50,4,129,100,15" hai1="3,106,133,128,90,36,93,30,38,11,1,35,60" hai2="25,71,89,24,102,51,9,29,113,72,57,48,105" hai3="39,132,10,135,92,66,2,53,56,55,63,97,107"/><V73/><F71/><W130/><G107/><T126/><D70/><U110/><E93/><V99/><F113/><W122/><G122/><T61/><D100/><U5/><E60/><V115/><F115/><W96/><G39/><T45/><D116/><U16/><E36/><V62/><F9/><W22/><G97/><T98/><D98/><U17/><E38/><V49/><F89/><N who="3" m="55311" /><G22/><T13/><D126/><U87/><E106/><V28/><F24/><W117/><G117/><T18/><D4/><U26/><E110/><V121/><F121/><W59/><G130/><N who="0" m="49675" /><D61/><U37/><E37/><V75/><REACH who="2" step="1"/><F25/><REACH who="2" ten="27,353,606,4" step="2"/><W34/><G10/><AGARI ba="1,1" hai="10,13,15,18,19,21,40,45,50,77,78" m="49675" machi="10" ten="30,1000,0" yaku="19,1" doraHai="84" who="0" fromWho="3" sc="27,23,353,0,606,0,4,-13" owari="50,-35.0,353,15.3,606,70.6,-9,-50.9" /></mjloggm>