<mjloggm ver="2.3"><GO type="169" lobby="0"/><UN n0="%E3%82%8F%E3%81%98" n1="%64%69%76%61" n2="%E5%B0%8F%E4%B8%89%E5%85%83%E5%8D%97%E5%8D%98%E9%A8%8E" n3="%E5%BA%84%E5%8F%B8%E5%81%A5%E5%A4%AA%E6%9C%97" dan="16,16,16,16" rate="2120.65,2055.24,2082.27,2061.20" sx="M,M,M,M"/><TAIKYOKU oya="0"/><INIT seed="0,0,0,2,5,51" ten="250,250,250,250" oya="0" hai0="89,34,50,97,4,116,63,30,108,128,9,86,106" hai1="46,126,61,124,94,79,28,134,8,98,122,57,125" hai2="95,68,130,110,43,85,22,21,60,117,73,64,133" hai3="74,44,19,29,38,119,33,114,96,81,75,15,59"/><T18/><D116/><U37/><E122/><V31/><F117/><W82/><G114/><T56/><D128/><U7/><E28/><V88/><F130/><W113/><G113/><T102/><D34/><U135/><E79/><V84/><F110/><W39/><G96/><T6/><D30/><U103/><E46/><V27/><F133/><W92/><G92/><T132/><D132/><U69/><E69/><V71/><F73/><W109/><G44/><T47/><D18/><U49/><E49/><V78/><F43/><W65/><G81/><T53/><D9/><U118/><E37/><V83/><REACH who="2" step="1"/><F71/><REACH who="2" ten="250,250,240,250" step="2"/><W25/><G74/><T111/><D108/><U129/><E129/><V24/><F24/><W107/><G119/><T16/><D111/><U42/><E42/><V10/><F10/><W2/><G75/><T76/><D76/><U52/><REACH who="1" step="1"/><E118/><REACH who="1" ten="250,240,240,250" step="2"/><V90/><F90/><W99/><G109/><T17/><D4/><U66/><E66/><V104/><F104/><W55/><G65/><T77/><D6/><U5/><E5/><V0/><F0/><AGARI ba="0,2" hai="0,7,8,52,57,61,94,98,103,124,125,126,134,135" machi="0" ten="40,8000,1" yaku="1,1,18,1,52,1,54,1,53,0" doraHai="51" doraHaiUra="80" who="1" fromWho="2" sc="250,0,240,100,240,-80,250,0" /><INIT seed="1,0,0,0,4,122" ten="250,340,160,250" oya="1" hai0="14,60,2,89,133,5,80,50,113,101,27,49,118" hai1="3,12,82,21,8,87,106,126,124,81,70,56,58" hai2="65,99,112,62,69,53,121,77,40,26,95,125,111" hai3="59,127,102,78,46,55,29,120,123,73,1,90,54"/><U9/><E106/><V23/><F121/><W13/><G1/><T43/><D118/><U6/><E70/><V129/><F129/><W64/><G29/><T35/><D113/><U128/><E21/><V38/><F125/><N who="1" m="48233" /><E128/><V44/><F112/><W74/><G102/><T130/><D2/><U61/><E61/><V31/><F77/><W15/><G64/><T32/><D101/><U45/><E45/><V86/><F86/><W131/><G90/><T88/><D60/><U98/><E98/><V17/><F111/><W19/><G127/><T63/><D63/><U66/><E66/><V93/><F99/><W132/><G131/><T10/><D32/><U18/><E82/><V92/><REACH who="2" step="1"/><F53/><REACH who="2" ten="250,340,150,250" step="2"/><W39/><G55/><T57/><D130/><U84/><E87/><V105/><F105/><W85/><G85/><T104/><D104/><U41/><E41/><V119/><F119/><W51/><G123/><T103/><D43/><U16/><E18/><AGARI ba="0,1" hai="17,18,23,26,31,38,40,44,62,65,69,92,93,95" machi="18" ten="40,1300,0" yaku="1,1,53,0" doraHai="122" doraHaiUra="76" who="2" fromWho="1" sc="250,0,340,-13,150,23,250,0" /><INIT seed="2,0,0,5,2,22" ten="250,327,173,250" oya="2" hai0="121,76,96,23,126,93,90,129,26,111,98,116,106" hai1="104,120,13,24,48,102,66,74,84,46,94,12,36" hai2="38,113,114,71,60,127,42,109,78,33,124,86,85" hai3="41,5,0,133,65,88,122,47,70,54,14,105,29"/><V59/><F33/><W103/><G122/><T131/><D121/><U67/><E74/><V44/><F78/><W73/><G133/><T27/><D111/><U40/><E120/><V80/><F109/><W10/><G73/><T83/><D126/><N who="2" m="48170" /><F80/><W39/><G103/><T110/><D110/><U35/><E104/><V100/><F100/><W1/><G105/><T15/><D116/><U11/><E36/><V31/><F31/><W8/><G1/><T32/><D32/><U52/><E35/><V25/><F25/><N who="0" m="9226" /><D106/><U79/><E24/><V7/><F7/><W75/><G29/><T69/><D69/><U2/><E2/><V68/><F86/><W119/><G119/><T81/><D76/><U107/><E107/><V135/><F85/><W58/><G75/><T45/><D98/><U3/><E3/><V108/><F108/><W134/><G0/><T92/><D92/><U34/><E84/><V43/><F43/><W4/><G41/><T128/><D45/><U19/><E40/><V28/><F28/><W117/><G47/><T55/><D55/><U91/><E34/><V82/><F82/><W16/><G54/><T9/><D23/><U123/><E79/><V50/><F38/><W89/><G39/><T6/><AGARI ba="0,0" hai="6,9,15,81,83,90,93,96,128,129,131" m="9226" machi="6" ten="40,8000,1" yaku="19,1,52,3" doraHai="22" who="0" fromWho="0" sc="250,80,327,-20,173,-40,250,-20" /><INIT seed="3,0,0,3,3,40" ten="330,307,133,230" oya="3" hai0="110,77,106,128,122,20,27,104,80,47,131,13,121" hai1="55,114,71,119,59,113,2,11,132,32,22,10,91" hai2="14,129,70,85,107,65,23,33,5,127,1,84,9" hai3="44,29,123,74,57,38,66,101,0,35,81,3,54"/><W69/><G123/><N who="0" m="47115" /><D13/><U78/><E71/><V79/><F129/><N who="0" m="49738" /><D47/><U39/><E39/><V96/><F127/><W16/><G101/><T64/><D64/><U8/><E78/><V34/><F79/><N who="3" m="44279" /><G16/><N who="0" m="12679" /><D110/><U19/><E2/><V102/><F1/><W25/><G54/><T112/><D112/><U135/><E113/><V51/><F65/><W61/><G57/><T36/><D36/><U98/><E114/><V30/><F70/><W115/><G115/><T99/><D99/><U48/><E98/><V120/><F96/><W97/><G97/><T42/><D42/><AGARI ba="0,0" hai="0,3,25,29,35,38,42,44,61,66,69" m="44279" machi="42" ten="30,5800,0" yaku="33,2,52,1" doraHai="40" who="3" fromWho="0" sc="330,-58,307,0,133,0,230,58" /><INIT seed="3,1,0,3,0,63" ten="272,307,133,288" oya="3" hai0="115,43,28,4,30,7,48,33,62,95,107,103,75" hai1="31,125,15,27,78,67,97,88,121,0,10,14,82" hai2="18,40,126,37,60,34,76,111,47,122,5,117,124" hai3="11,39,74,104,102,98,80,128,112,127,129,90,36"/><W65/><G11/><T61/><D75/><U58/><E121/><V57/><F34/><W17/><G17/><T52/><D107/><U2/><E125/><N who="2" m="48235" /><F5/><N who="0" m="2122" /><D33/><U25/><E0/><V59/><F76/><N who="3" m="44055" /><G127/><T110/><D110/><U16/><E14/><V50/><F18/><W118/><G39/><T81/><D81/><U6/><E6/><V46/><F111/><W132/><G36/><T120/><D43/><U35/><E2/><V101/><F101/><W96/><G65/><T83/><D83/><U22/><E35/><V9/><F9/><W135/><G118/><T32/><D32/><U72/><E25/><V53/><F117/><W106/><G112/><T19/><D120/><U109/><E109/><V114/><F122/><W71/><G71/><T77/><D77/><U68/><E68/><V105/><F105/><N who="3" m="40555" /><G90/><T85/><D19/><U119/><E119/><V108/><F108/><W99/><G102/><T41/><D41/><U66/><E58/><N who="2" m="34895" /><F114/><W51/><G51/><T12/><D12/><U130/><E31/><V73/><F73/><W26/><G26/><T123/><D123/><U54/><E27/><V64/><F64/><W131/><AGARI ba="1,0" hai="96,98,99,128,129,131,132,135" m="40555,44055" machi="131" ten="40,7800,0" yaku="19,1,34,2" doraHai="63" who="3" fromWho="3" sc="272,-27,307,-27,133,-27,288,81" /><INIT seed="3,2,0,5,2,4" ten="245,280,106,369" oya="3" hai0="128,64,43,45,21,32,111,22,94,44,36,50,48" hai1="72,135,108,117,49,23,38,37,77,89,125,68,130" hai2="99,73,81,131,27,3,80,118,25,121,102,59,51" hai3="20,101,60,35,96,92,123,100,85,124,93,133,30"/><W18/><G123/><T107/><D107/><U120/><RYUUKYOKU type="yao9" ba="2,0" sc="245,0,280,0,106,0,369,0" hai1="23,37,38,49,68,72,77,89,108,117,120,125,130,135" /><INIT seed="3,3,0,5,1,76" ten="245,280,106,369" oya="3" hai0="124,6,15,1,133,0,32,48,85,121,127,25,63" hai1="73,117,109,113,5,8,129,24,100,3,99,33,77" hai2="56,69,130,49,43,7,65,131,29,95,94,108,135" hai3="119,53,57,14,114,84,98,81,62,93,58,12,126"/><W66/><G126/><N who="0" m="48171" /><D48/><U55/><E117/><V34/><F108/><W112/><G119/><T83/><D63/><U118/><E113/><V28/><F135/><W11/><G114/><T17/><D6/><U60/><E109/><V47/><F7/><W89/><G112/><T50/><D50/><U88/><E129/><N who="2" m="49163" /><F69/><W64/><G58/><T92/><D92/><N who="2" m="35370" /><F34/><W18/><REACH who="3" step="1"/><G14/><REACH who="3" ten="245,280,106,359" step="2"/><T51/><D15/><U97/><E118/><V44/><F47/><W31/><G31/><T42/><D0/><U132/><E3/><V74/><F29/><W134/><G134/><T102/><D1/><U79/><E132/><V40/><F28/><W22/><G22/><T120/><D133/><U4/><E33/><V104/><F56/><W52/><G52/><T106/><D32/><U96/><E55/><V72/><F65/><W128/><G128/><T45/><D121/><U19/><E24/><V116/><F116/><W59/><G59/><T110/><D120/><U90/><E100/><AGARI ba="3,1" hai="11,12,18,53,57,62,64,66,81,84,89,93,98,100" machi="100" ten="30,11600,0" yaku="1,1,7,1,8,1,52,1,53,0" doraHai="76" doraHaiUra="21" who="3" fromWho="1" sc="245,0,280,-125,106,0,359,135" /><INIT seed="3,4,0,2,5,106" ten="245,155,106,494" oya="3" hai0="105,2,115,30,72,58,41,8,42,57,24,27,80" hai1="1,59,120,9,126,4,118,73,29,86,39,3,111" hai2="101,64,69,32,66,94,40,131,116,128,108,31,127" hai3="19,95,16,43,7,90,53,89,114,93,123,46,14"/><W51/><G114/><T37/><D105/><U75/><E120/><V38/><F116/><W79/><G123/><T104/><D104/><U49/><E118/><V34/><F108/><W28/><G79/><N who="0" m="44135" /><D42/><U119/><E119/><V122/><F122/><W17/><G28/><T84/><D84/><U121/><E111/><V110/><F110/><W35/><G35/><T130/><D130/><N who="2" m="49706" /><F127/><W33/><G33/><N who="2" m="12905" /><F31/><W112/><G112/><T71/><D71/><U113/><E113/><V107/><F107/><W78/><G78/><T100/><D100/><U129/><E126/><V133/><F69/><W81/><G43/><T6/><D115/><U109/><E1/><V10/><F10/><N who="3" m="4447" /><G81/><T124/><D124/><U52/><E121/><V97/><F133/><W22/><G22/><N who="0" m="15639" /><D27/><U125/><E125/><V134/><F134/><W103/><G103/><T132/><D132/><U60/><E129/><V135/><F135/><W82/><G82/><T21/><D21/><U45/><E109/><V92/><F94/><AGARI ba="4,0" hai="16,17,19,46,51,53,89,90,93,94,95" m="4447" machi="94" ten="30,2900,0" yaku="8,1,54,1" doraHai="106" who="3" fromWho="2" sc="245,0,155,0,106,-41,494,41" /><INIT seed="3,5,0,2,3,63" ten="245,155,65,535" oya="3" hai0="82,87,48,15,129,22,65,39,98,34,100,69,0" hai1="91,2,105,117,7,42,37,110,18,24,118,112,17" hai2="70,89,40,134,76,128,123,60,96,126,9,50,59" hai3="127,64,90,12,119,74,122,102,125,71,85,51,121"/><W35/><G119/><N who="1" m="45578" /><E105/><V67/><F134/><W29/><G74/><T83/><D39/><U3/><E37/><V31/><F128/><W78/><G78/><T55/><D34/><U49/><E112/><V106/><F126/><N who="3" m="48139" /><G102/><T62/><D0/><N who="1" m="43" /><E110/><V133/><F133/><W86/><G86/><T113/><D129/><U115/><E115/><V5/><F123/><W6/><G51/><T23/><D15/><U88/><E7/><V61/><F76/><W45/><G45/><T68/><D68/><U19/><E24/><V36/><F36/><W103/><G103/><T28/><D28/><U131/><E131/><V81/><F31/><W93/><G35/><T16/><D113/><U44/><AGARI ba="5,0" hai="17,18,19,42,44,49,88,91" m="43,45578" machi="44" ten="40,2700,0" yaku="12,1,54,1" doraHai="63" who="1" fromWho="1" sc="245,-12,155,42,65,-12,535,-18" /><INIT seed="4,0,0,4,5,54" ten="233,197,53,517" oya="0" hai0="105,59,2,3,122,108,60,52,77,93,28,66,0" hai1="104,133,62,71,14,135,29,70,61,63,64,11,82" hai2="49,76,48,114,97,107,50,38,119,116,115,129,102" hai3="53,118,80,41,39,87,128,56,1,45,68,113,35"/><T126/><D105/><U31/><E104/><V89/><F129/><W95/><G35/><T17/><D122/><U92/><E82/><V79/><F38/><W21/><G1/><T9/><D126/><U5/><E92/><V125/><F125/><W112/><G118/><T57/><D28/><U103/><E103/><V88/><F79/><W40/><G40/><T42/><D42/><U34/><E34/><V132/><F76/><W74/><G74/><T121/><D121/><U4/><E4/><V47/><F47/><W36/><G68/><T67/><D108/><U130/><E130/><V26/><F26/><W111/><G111/><T51/><D77/><U46/><E46/><V19/><F19/><W44/><G44/><T84/><D67/><U94/><E94/><V10/><F10/><W8/><G8/><T86/><REACH who="0" step="1"/><D93/><REACH who="0" ten="223,197,53,517" step="2"/><U78/><E78/><V75/><F75/><W120/><G95/><T15/><AGARI ba="0,1" hai="0,2,3,9,15,17,51,52,57,59,60,66,84,86" machi="15" ten="40,18000,2" yaku="1,1,2,1,0,1,52,2,54,1,53,0" doraHai="54" doraHaiUra="98" who="0" fromWho="0" sc="223,190,197,-60,53,-60,517,-60" owari="413,21.3,137,-26.3,-7,-50.7,457,55.7" /></mjloggm>