<mjloggm ver="2.3"><GO type="169" lobby="0"/><UN n0="%43%68%65" n1="%67%78%7A" n2="%E3%83%8F%E3%83%B3%E3%83%81%E3%83%A7%E3%82%A6%E5%A4%A7%E6%A7%BB" n3="%E8%B5%A4%E3%81%84%E9%83%A8%E5%B1%8B" dan="16,17,16,16" rate="2188.57,2154.96,2103.27,2129.34" sx="M,F,M,M"/><TAIKYOKU oya="0"/><INIT seed="0,0,0,3,4,66" ten="250,250,250,250" oya="0" hai0="115,32,125,25,113,70,91,78,88,14,124,121,119" hai1="122,73,46,114,110,90,43,18,50,96,93,107,87" hai2="49,76,67,103,71,74,127,7,82,23,133,98,19" hai3="92,11,105,12,81,102,64,38,134,108,1,26,135"/><T117/><D78/><U40/><E122/><V123/><F123/><W47/><G105/><T15/><D121/><U68/><E73/><V89/><F127/><W126/><G1/><T132/><D25/><U104/><E110/><V33/><F33/><W72/><G108/><T118/><D32/><U51/><E114/><N who="0" m="43529" /><D132/><U30/><E30/><V101/><F7/><W8/><G26/><T111/><D111/><U77/><E68/><V120/><F120/><W63/><G126/><N who="0" m="48747" /><D70/><U27/><E27/><V52/><F133/><W59/><G72/><T13/><AGARI ba="0,0" hai="13,14,15,88,91,117,118,119" m="48747,43529" machi="13" ten="50,12000,1" yaku="28,2,18,1,54,1" doraHai="66" who="0" fromWho="0" sc="250,120,250,-40,250,-40,250,-40" /><INIT seed="0,1,0,2,2,123" ten="370,210,210,210" oya="0" hai0="7,32,56,38,39,125,126,88,17,27,119,111,20" hai1="100,94,10,40,104,18,90,99,76,105,103,132,48" hai2="89,60,124,121,129,47,109,113,102,45,0,42,78" hai3="127,24,73,2,65,108,134,59,69,5,19,61,55"/><T22/><D119/><U1/><E132/><V106/><F0/><W91/><G134/><T116/><D116/><U43/><E76/><V41/><F121/><W4/><G127/><N who="0" m="48651" /><D32/><U80/><E105/><V54/><F124/><W15/><G73/><T26/><D7/><U12/><E1/><V84/><F78/><W36/><G2/><T37/><D56/><U93/><E104/><V110/><F113/><W75/><G75/><T13/><D88/><U77/><E48/><V122/><F122/><W9/><G36/><T96/><D96/><U68/><E68/><V130/><F102/><W49/><G108/><N who="2" m="41577" /><F106/><W115/><G115/><T95/><D95/><U81/><E100/><V58/><F89/><W118/><G118/><T87/><D87/><U131/><E80/><V114/><F84/><W92/><G24/><N who="0" m="9259" /><D111/><U97/><E81/><V51/><F114/><W86/><AGARI ba="1,0" hai="4,5,9,15,19,49,55,59,61,65,69,86,91,92" machi="86" ten="20,1500,0" yaku="0,1,7,1" doraHai="123" who="3" fromWho="3" sc="370,-8,210,-5,210,-5,210,18" /><INIT seed="1,0,0,0,5,88" ten="362,205,205,228" oya="1" hai0="40,96,54,118,52,4,28,61,63,119,46,18,31" hai1="6,65,3,24,75,129,9,71,47,59,94,128,83" hai2="127,99,1,32,37,51,108,130,87,20,86,116,134" hai3="26,126,89,102,48,103,105,42,104,106,13,69,135"/><U56/><E71/><V82/><F116/><W2/><G2/><T125/><D125/><U43/><E24/><V67/><F37/><W35/><G69/><T84/><D4/><U10/><E10/><V121/><F32/><W25/><G126/><T44/><D84/><U58/><E65/><V60/><F1/><W93/><G135/><T45/><D40/><U16/><E16/><V38/><F38/><W29/><G13/><T12/><D96/><U41/><E41/><V55/><F127/><W120/><G120/><T124/><D124/><U90/><E83/><V115/><F134/><W92/><G25/><T70/><D70/><U98/><REACH who="1" step="1"/><E75/><REACH who="1" ten="362,195,205,228" step="2"/><V81/><F67/><W14/><G14/><T57/><D119/><U95/><E95/><V23/><F55/><W33/><G92/><T97/><D118/><U50/><AGARI ba="0,1" hai="3,6,9,43,47,50,56,58,59,90,94,98,128,129" machi="50" ten="30,6000,0" yaku="1,1,0,1,52,1,53,0" doraHai="88" doraHaiUra="100" who="1" fromWho="1" sc="362,-20,195,70,205,-20,228,-20" /><INIT seed="1,1,0,0,5,127" ten="342,265,185,208" oya="1" hai0="20,87,41,112,96,55,86,114,102,52,68,104,126" hai1="59,10,65,83,49,90,43,135,12,56,67,54,74" hai2="119,133,25,85,77,34,116,123,0,134,129,19,7" hai3="45,58,115,88,64,81,120,31,66,106,17,30,125"/><U8/><E135/><N who="2" m="51723" /><F77/><W48/><G106/><T27/><D126/><U103/><E103/><V46/><F85/><N who="3" m="50223" /><G115/><T40/><D68/><U105/><E105/><V98/><F98/><W38/><G38/><T107/><D96/><U33/><E33/><V37/><F123/><W73/><G73/><T76/><D20/><U80/><E43/><V26/><F46/><W53/><G120/><T84/><D76/><U23/><E74/><V9/><F37/><W1/><G1/><T51/><D87/><N who="1" m="50535" /><E83/><V14/><F26/><W99/><G125/><T70/><D27/><U95/><E95/><V92/><F92/><W71/><G71/><T130/><D70/><U6/><E10/><V4/><F4/><W89/><G17/><T35/><D35/><U131/><E23/><N who="2" m="11767" /><F129/><W57/><G99/><T78/><D78/><U29/><E29/><AGARI ba="1,0" hai="0,7,9,25,29,34,116,119" m="11767,51723" machi="29" ten="30,7700,0" yaku="24,1,20,1,34,2" doraHai="127" who="2" fromWho="1" sc="342,0,265,-80,185,80,208,0" /><INIT seed="2,0,0,3,1,101" ten="342,185,265,208" oya="2" hai0="99,50,102,13,74,83,87,52,8,3,26,67,65" hai1="116,80,15,78,111,20,70,37,84,31,44,126,93" hai2="47,14,134,85,90,86,109,115,122,114,69,123,92" hai3="110,58,68,73,89,60,125,33,7,41,28,117,112"/><V10/><F69/><W43/><G117/><T12/><D74/><U29/><E116/><V24/><F134/><W0/><G68/><T18/><D3/><U95/><E70/><V46/><F24/><W53/><G73/><T129/><D129/><U11/><E111/><V77/><F109/><W66/><G110/><T63/><D26/><U49/><E37/><V64/><F64/><W25/><G125/><T107/><D13/><U48/><E126/><V91/><F77/><W35/><G35/><T6/><D63/><U1/><E1/><V121/><F46/><W38/><G112/><T75/><D6/><U17/><E49/><V130/><F47/><W113/><G113/><T21/><D21/><U81/><E81/><V42/><F42/><W100/><G100/><T82/><D82/><U19/><E29/><V119/><F119/><W98/><G38/><T133/><D75/><U30/><E30/><V9/><F130/><W57/><G89/><T72/><D72/><U132/><E31/><V16/><REACH who="2" step="1"/><F10/><REACH who="2" ten="342,185,255,208" step="2"/><W96/><G43/><T104/><D133/><U62/><E132/><V103/><F103/><W40/><G41/><T76/><D107/><U59/><E44/><AGARI ba="0,1" hai="8,12,18,44,50,52,65,67,76,83,87,99,102,104" machi="44" ten="30,3900,0" yaku="7,1,52,1,54,1" doraHai="101" who="0" fromWho="1" sc="342,49,185,-39,255,0,208,0" /><INIT seed="3,0,0,2,0,132" ten="391,146,255,208" oya="3" hai0="22,68,74,55,47,83,16,90,129,13,84,131,31" hai1="56,41,1,33,62,15,28,99,106,94,6,54,125" hai2="118,81,29,126,35,0,11,49,98,60,111,133,12" hai3="42,92,91,75,43,127,27,113,123,44,134,78,25"/><W8/><G113/><T67/><D74/><U14/><E106/><V32/><F0/><W50/><G123/><T36/><D31/><U117/><E1/><V69/><F118/><W20/><G134/><T119/><D119/><U71/><E117/><V105/><F133/><W109/><G109/><T135/><D135/><U97/><E71/><V52/><F81/><W88/><G127/><T86/><D68/><U102/><E125/><V101/><F111/><W45/><G8/><T7/><D67/><U96/><E41/><V77/><F77/><W17/><G27/><T93/><D7/><U39/><E39/><V115/><F115/><W82/><REACH who="3" step="1"/><G92/><REACH who="3" ten="391,146,255,198" step="2"/><T110/><D110/><U9/><E33/><V85/><F126/><W108/><G108/><T58/><D131/><U121/><E121/><V73/><F35/><W116/><G116/><T66/><D129/><U2/><E2/><V10/><F10/><W72/><G72/><T40/><D66/><U122/><E122/><V100/><F73/><W4/><G4/><T30/><D30/><U3/><E28/><V5/><F29/><W48/><AGARI ba="0,1" hai="17,20,25,42,43,44,45,48,50,75,78,82,88,91" machi="48" ten="20,12000,1" yaku="1,1,0,1,7,1,9,1,54,1,53,0" doraHai="132" doraHaiUra="64" who="3" fromWho="3" sc="391,-40,146,-40,255,-40,198,130" /><INIT seed="3,1,0,5,1,68" ten="351,106,215,328" oya="3" hai0="87,49,31,34,30,39,12,47,70,74,116,92,15" hai1="112,114,46,17,63,106,115,41,33,26,86,111,59" hai2="8,44,88,69,75,6,4,94,32,29,38,121,84" hai3="25,135,43,77,125,50,37,5,36,93,11,99,23"/><W1/><G135/><T123/><D116/><U73/><E73/><V130/><F130/><W117/><G117/><T42/><D74/><U132/><E106/><V96/><F75/><W66/><G125/><T62/><D123/><U55/><E132/><V27/><F121/><W58/><G77/><T22/><D34/><U104/><E104/><V16/><F69/><W19/><G43/><T20/><D70/><U61/><E111/><V100/><F44/><W108/><G108/><T90/><D62/><U105/><E105/><V10/><F38/><W18/><G18/><T98/><D39/><U48/><E86/><V109/><F109/><W102/><REACH who="3" step="1"/><G50/><REACH who="3" ten="351,106,215,318" step="2"/><T2/><D49/><U129/><E129/><V14/><REACH who="2" step="1"/><F10/><REACH who="2" ten="351,106,205,318" step="2"/><W60/><AGARI ba="1,2" hai="1,5,11,19,23,25,36,37,58,60,66,93,99,102" machi="60" ten="30,12000,1" yaku="1,1,2,1,0,1,52,2,53,0" doraHai="68" doraHaiUra="78" who="3" fromWho="3" sc="351,-41,106,-41,205,-41,318,143" /><INIT seed="3,2,0,4,2,49" ten="310,65,164,461" oya="3" hai0="80,125,57,108,89,61,60,36,115,72,54,86,99" hai1="67,123,12,81,71,9,83,3,8,59,135,15,131" hai2="30,70,22,95,48,7,130,132,53,104,55,46,78" hai3="128,90,101,114,37,56,92,102,52,112,2,18,126"/><W121/><G121/><T41/><D108/><U79/><E123/><V63/><F104/><W100/><G37/><T117/><D117/><U20/><E71/><V84/><F130/><W29/><G128/><T40/><D125/><U42/><E131/><V109/><F109/><W103/><G126/><T111/><D111/><U118/><E118/><V66/><F132/><W27/><N who="3" m="25600" /><DORA hai="33" /><W39/><G18/><T133/><D133/><U0/><E135/><V26/><F7/><W50/><G39/><T93/><D72/><U129/><E129/><V1/><F1/><W45/><G45/><T107/><D107/><U134/><E134/><V43/><REACH who="2" step="1"/><F78/><REACH who="2" ten="310,65,154,461" step="2"/><W16/><G2/><T75/><D115/><U13/><E79/><V116/><F116/><W96/><REACH who="3" step="1"/><G16/><REACH who="3" ten="310,65,154,451" step="2"/><T32/><D36/><U122/><E122/><V14/><F14/><W74/><G74/><T4/><D75/><U10/><E12/><V58/><F58/><W24/><G24/><T105/><D57/><U85/><E13/><V127/><F127/><W77/><G77/><T88/><D105/><U31/><E15/><V25/><F25/><W91/><G91/><AGARI ba="2,2" hai="22,26,30,43,46,48,53,55,63,66,70,84,91,95" machi="91" ten="40,5200,0" yaku="1,1,52,2,53,0" doraHai="49,33" doraHaiUra="34,119" who="2" fromWho="3" sc="310,0,65,0,154,78,451,-58" /><INIT seed="4,0,0,2,3,61" ten="310,65,232,393" oya="0" hai0="129,84,58,102,39,74,122,91,52,0,55,100,93" hai1="17,114,14,97,32,40,38,1,42,115,34,99,130" hai2="8,13,134,60,53,87,76,2,109,108,19,50,83" hai3="117,46,67,29,132,65,7,127,80,88,36,101,15"/><T63/><D122/><U26/><E1/><V104/><F104/><W111/><G111/><T28/><D0/><U78/><E130/><V59/><F134/><W5/><G117/><T128/><D74/><U86/><E78/><V48/><F2/><W82/><G132/><T135/><D135/><U131/><E131/><N who="0" m="50249" /><D39/><U69/><E69/><V105/><F105/><W92/><G127/><T71/><D71/><U18/><E86/><V11/><F11/><N who="3" m="4591" /><G36/><T125/><D125/><U54/><E38/><V96/><F96/><N who="3" m="57351" /><G101/><N who="0" m="39019" /><D28/><U57/><E26/><V120/><F120/><W112/><G112/><N who="1" m="43050" /><E99/><V72/><F72/><W70/><G70/><T94/><D94/><U25/><E97/><V113/><F113/><W66/><G29/><T24/><D24/><U90/><E90/><V51/><AGARI ba="0,0" hai="8,13,19,48,50,51,53,59,60,76,83,87,108,109" machi="51" ten="30,1100,0" yaku="0,1" doraHai="61" who="2" fromWho="2" sc="310,-5,65,-3,232,11,393,-3" /><INIT seed="5,0,0,4,2,5" ten="305,62,243,390" oya="1" hai0="29,79,128,42,63,95,40,115,21,28,124,57,119" hai1="1,118,19,78,48,111,104,120,117,62,86,30,67" hai2="92,80,71,8,105,83,101,110,102,87,77,93,98" hai3="85,9,123,66,100,54,7,11,31,74,73,88,121"/><U84/><E120/><V55/><F55/><W133/><G133/><T41/><D119/><U27/><E104/><V18/><F71/><W134/><G134/><T45/><D115/><U61/><E1/><V43/><F43/><W125/><G125/><T113/><D113/><U49/><E111/><V75/><F18/><W16/><G31/><T76/><D124/><U6/><E6/><V129/><F8/><W0/><G66/><T32/><D32/><U39/><E39/><V127/><F127/><W82/><G100/><T59/><D45/><U17/><E30/><V131/><F110/><W109/><G109/><T20/><D128/><N who="2" m="49226" /><F102/><W65/><G65/><T114/><D114/><U14/><E67/><V96/><F96/><W132/><G132/><T116/><D42/><U37/><E14/><V51/><F51/><W135/><G135/><T107/><D107/><U34/><E34/><V24/><F24/><W38/><G38/><T90/><D63/><U69/><E37/><V126/><F126/><W47/><G121/><T35/><D35/><U10/><E27/><V36/><F36/><W122/><G122/><T72/><D116/><U58/><E58/><V60/><F60/><W26/><G123/><T112/><D112/><U70/><REACH who="1" step="1"/><E10/><REACH who="1" ten="305,52,243,390" step="2"/><V23/><F23/><W53/><G9/><T81/><D59/><U3/><E3/><V89/><AGARI ba="0,1" hai="75,77,80,83,87,89,92,93,98,101,105" m="49226" machi="89" ten="30,4000,0" yaku="19,1,34,2" doraHai="5" who="2" fromWho="2" sc="305,-10,52,-20,243,50,390,-10" /><INIT seed="6,0,0,3,5,57" ten="295,32,293,380" oya="2" hai0="116,17,97,39,95,67,82,106,65,30,64,22,54" hai1="44,94,70,88,42,20,83,134,55,102,3,13,100" hai2="59,8,12,71,129,111,53,48,5,45,9,123,2" hai3="18,69,80,63,49,6,79,131,119,23,74,121,51"/><V133/><F123/><W38/><G121/><T28/><D116/><U73/><E3/><V115/><F115/><W21/><G119/><T93/><D39/><U1/><E1/><V114/><F114/><W37/><G131/><T4/><D106/><U35/><E35/><V50/><F129/><W36/><G6/><T16/><D4/><U32/><E32/><V0/><F71/><W56/><G69/><T52/><D82/><U105/><E70/><V124/><F124/><W62/><G21/><T87/><D87/><U128/><E128/><V31/><F31/><N who="0" m="11818" /><D95/><U84/><E134/><V60/><F133/><W113/><G113/><T107/><D107/><U89/><E105/><V135/><F135/><W112/><G112/><T40/><D40/><U101/><E55/><N who="0" m="21033" /><D22/><U43/><E44/><V99/><F99/><W46/><G56/><T118/><D118/><U125/><E125/><V96/><F111/><W7/><G7/><T66/><N who="0" m="16384" /><DORA hai="47" /><T26/><D26/><U85/><REACH who="1" step="1"/><E73/><REACH who="1" ten="295,22,293,380" step="2"/><V77/><F2/><W104/><G104/><T130/><D130/><U81/><E81/><V19/><F45/><W126/><G126/><T120/><D120/><U29/><E29/><V75/><F75/><W91/><G46/><T68/><D68/><U72/><E72/><V109/><F0/><W78/><G37/><T127/><D127/><U14/><E14/><V108/><F108/><W41/><G74/><T58/><D58/><U117/><E117/><V122/><F109/><W33/><G80/><T25/><D25/><U34/><E34/><V98/><F122/><W110/><G110/><RYUUKYOKU ba="0,1" sc="295,15,22,15,293,-15,380,-15" hai0="16,17,93,97" hai1="13,20,42,43,83,84,85,88,89,94,100,101,102" /><INIT seed="7,1,1,1,2,51" ten="310,37,278,365" oya="3" hai0="88,109,93,15,19,121,110,128,17,72,97,20,4" hai1="33,101,0,13,41,70,96,38,98,34,86,114,134" hai2="18,91,62,39,65,120,16,107,83,126,112,108,6" hai3="84,63,125,47,49,131,124,31,37,28,79,35,29"/><W22/><G131/><T123/><D128/><U52/><E0/><V68/><F108/><W71/><G37/><T67/><D72/><U132/><E114/><V14/><F112/><W44/><G35/><T135/><D135/><U61/><E86/><V117/><F117/><W73/><G73/><T92/><D4/><U74/><E74/><V36/><F107/><W80/><G22/><T54/><D67/><U25/><E13/><V122/><F126/><N who="3" m="48747" /><G49/><T90/><D110/><U113/><E113/><V32/><F32/><W75/><G75/><T87/><D109/><U89/><E89/><V130/><F130/><W94/><G94/><T85/><D97/><U106/><E98/><V119/><F119/><W127/><G127/><T129/><D129/><U3/><E3/><V99/><F6/><W103/><G103/><T23/><REACH who="0" step="1"/><D54/><REACH who="0" ten="300,37,278,365" step="2"/><U58/><E70/><V56/><F68/><W11/><G11/><T26/><AGARI ba="1,2" hai="15,17,19,20,23,26,85,87,88,90,92,93,121,123" machi="26" ten="20,12000,2" yaku="1,1,2,1,0,1,7,1,9,1,54,1,53,0" doraHai="51" doraHaiUra="57" who="0" fromWho="0" sc="300,143,37,-31,278,-31,365,-61" owari="443,54.3,6,-49.4,247,-15.3,304,10.4" /></mjloggm>