<mjloggm ver="2.3"><GO type="169" lobby="0"/><UN n0="%E5%A4%A7%E7%A9%BA%E3%82%B9%E3%83%90%E3%83%AB%E2%98%86" n1="%E3%81%A9%E3%82%93%E3%81%9F%E3%82%83%E3%82%93" n2="%52%65%61%6C%58" n3="%E9%A4%8A%E5%88%86%E4%B8%B8" dan="16,16,16,17" rate="2098.39,2164.07,2160.88,2240.30" sx="F,F,F,M"/><TAIKYOKU oya="0"/><INIT seed="0,0,0,4,2,43" ten="250,250,250,250" oya="0" hai0="33,132,65,56,50,123,88,37,125,91,82,86,10" hai1="74,54,59,114,129,130,3,64,83,133,0,117,9" hai2="46,57,32,89,25,69,58,78,48,109,62,51,8" hai3="113,126,135,21,20,93,103,87,38,80,77,108,66"/><T60/><D37/><U98/><E117/><V22/><F32/><W71/><G113/><T99/><D33/><U79/><E114/><V28/><F109/><W1/><G1/><T53/><D123/><U24/><E133/><V17/><F78/><W34/><G34/><T42/><D125/><U55/><E24/><V29/><F69/><W73/><G38/><T70/><D132/><U19/><E64/><V118/><F118/><W95/><G135/><T120/><D120/><U39/><E39/><V44/><F89/><W100/><G108/><T90/><D42/><U7/><E0/><V13/><F28/><W11/><G126/><T128/><D128/><N who="1" m="49259" /><E19/><V97/><F97/><W106/><G11/><T92/><REACH who="0" step="1"/><D10/><REACH who="0" ten="240,250,250,250" step="2"/><U122/><E122/><V16/><F29/><W102/><G21/><T124/><D124/><U18/><E9/><V40/><F62/><W67/><G20/><T12/><D12/><U15/><E15/><V76/><F76/><AGARI ba="0,1" hai="50,53,56,60,65,70,76,82,86,88,90,91,92,99" machi="76" ten="30,11600,0" yaku="1,1,7,1,54,1,53,1" doraHai="43" doraHaiUra="47" who="0" fromWho="2" sc="240,126,250,0,250,-116,250,0" /><INIT seed="0,1,0,4,0,40" ten="366,250,134,250" oya="0" hai0="84,129,107,89,80,31,24,37,8,9,88,18,68" hai1="128,49,132,77,12,5,123,50,6,97,35,13,1" hai2="20,58,56,23,51,95,94,115,135,17,57,126,79" hai3="7,70,104,98,36,81,92,75,11,83,73,118,41"/><T117/><D68/><U28/><E77/><V60/><F115/><W111/><G70/><T19/><D107/><U100/><E123/><V69/><F135/><W63/><G118/><T86/><D117/><U110/><E110/><V16/><F126/><W74/><G104/><T72/><D72/><U3/><E132/><V82/><F69/><W27/><G111/><T32/><D37/><U66/><E97/><V45/><F60/><W85/><G63/><T87/><D129/><U29/><E100/><V112/><F112/><W52/><G27/><T105/><D105/><U25/><E66/><V130/><F130/><W34/><G34/><T106/><D106/><U43/><E43/><N who="2" m="25023" /><F82/><W62/><G41/><T122/><D122/><U46/><E128/><V39/><F79/><W71/><G36/><T65/><D65/><U102/><E102/><V113/><F39/><W53/><G71/><T120/><D120/><U14/><E14/><N who="2" m="9271" /><F113/><W124/><G124/><T61/><D61/><U44/><REACH who="1" step="1"/><E25/><AGARI ba="1,0" hai="16,23,25,56,57,58,94,95" m="9271,25023" machi="25" ten="30,3900,0" yaku="8,1,52,1,54,1" doraHai="40" who="2" fromWho="1" sc="366,0,250,-42,134,42,250,0" /><INIT seed="1,0,0,2,2,134" ten="366,208,176,250" oya="1" hai0="115,49,75,113,92,44,81,85,124,26,59,130,34" hai1="99,43,133,128,18,96,55,83,79,35,42,32,10" hai2="129,95,108,117,77,61,135,5,13,30,87,38,90" hai3="11,74,6,112,47,8,80,52,25,51,63,119,21"/><U93/><E133/><V67/><F135/><W126/><G112/><T22/><D34/><U73/><E128/><V78/><F117/><W66/><G119/><T41/><D130/><U127/><E127/><V45/><F108/><W123/><G123/><T91/><D124/><U86/><E73/><V107/><F107/><W12/><G11/><T111/><D111/><U2/><E99/><V58/><F129/><W54/><G126/><T94/><D75/><U102/><E32/><V3/><F3/><W29/><G74/><T103/><D103/><U23/><E35/><V122/><F122/><W9/><G9/><T24/><D24/><U125/><E125/><V7/><F30/><W64/><REACH who="3" step="1"/><G80/><REACH who="3" ten="366,208,176,240" step="2"/><T118/><D118/><U98/><E10/><V69/><F5/><W106/><G106/><T76/><D115/><U121/><E121/><V68/><F7/><W33/><G33/><T15/><D113/><U17/><E2/><V56/><F69/><W105/><G105/><T40/><D81/><U109/><E109/><V88/><F68/><W4/><G4/><T16/><D94/><U72/><E72/><V39/><F95/><W71/><G71/><T89/><D92/><U53/><E98/><V70/><F70/><W37/><G37/><T132/><D132/><U65/><E93/><V28/><F39/><W1/><G1/><T116/><D116/><U20/><E96/><V57/><F38/><W110/><G110/><T131/><D131/><U60/><E83/><V120/><F87/><W48/><G48/><T50/><D85/><U100/><E86/><V14/><F120/><RYUUKYOKU ba="0,1" sc="366,-10,208,-10,176,-10,240,30" hai3="6,8,12,21,25,29,47,51,52,54,63,64,66" /><INIT seed="2,1,1,3,1,65" ten="356,198,166,270" oya="2" hai0="83,131,27,48,129,66,80,45,7,41,86,44,10" hai1="3,128,81,87,31,52,15,23,26,63,68,16,62" hai2="98,114,19,109,61,82,32,117,88,96,24,2,30" hai3="118,84,14,28,93,134,6,77,53,60,5,113,22"/><V20/><F114/><W127/><G118/><T100/><D66/><U90/><E128/><N who="0" m="49225" /><D100/><U0/><E63/><V101/><F2/><W43/><G113/><T49/><D27/><U56/><REACH who="1" step="1"/><E68/><REACH who="1" ten="356,188,166,270" step="2"/><V107/><F117/><W54/><G60/><T12/><D86/><U59/><E59/><V18/><F109/><W122/><G84/><T51/><D51/><U38/><E38/><V40/><F61/><W99/><G122/><T89/><D49/><U92/><E92/><V116/><F116/><W104/><G93/><T74/><D48/><U69/><E69/><V21/><F40/><W57/><G57/><T47/><D41/><U111/><E111/><V91/><F82/><W17/><G43/><T64/><D83/><U73/><E73/><V29/><F98/><W76/><G99/><T103/><D64/><U97/><E97/><V9/><F9/><AGARI ba="1,2" hai="0,3,9,15,16,23,26,31,52,56,62,81,87,90" machi="9" ten="30,7700,0" yaku="1,1,7,1,54,2,53,0" doraHai="65" doraHaiUra="1" who="1" fromWho="2" sc="356,0,188,100,166,-80,270,0" /><INIT seed="3,0,0,2,5,1" ten="356,288,86,270" oya="3" hai0="120,131,22,111,32,18,93,20,105,130,115,113,46" hai1="83,30,80,104,123,58,103,16,60,34,40,19,114" hai2="11,107,95,67,69,118,26,61,50,106,110,23,89" hai3="134,54,99,84,17,102,75,133,108,68,63,27,2"/><W101/><G75/><T47/><D105/><U56/><E123/><V28/><F118/><W49/><G2/><T87/><D32/><U62/><E114/><N who="0" m="43529" /><D111/><U33/><E104/><V29/><F110/><W117/><G117/><T52/><D120/><U100/><REACH who="1" step="1"/><E40/><REACH who="1" ten="356,278,86,270" step="2"/><V45/><F29/><AGARI ba="0,1" hai="16,19,29,30,33,34,56,58,60,62,80,83,100,103" machi="29" ten="25,8000,1" yaku="1,1,2,1,22,2,54,1,53,0" doraHai="1" doraHaiUra="35" who="1" fromWho="2" sc="356,0,278,90,86,-80,270,0" /><INIT seed="4,0,0,5,4,68" ten="356,368,6,270" oya="0" hai0="30,91,41,88,16,44,121,74,102,6,58,23,47" hai1="84,67,135,34,9,69,117,86,87,110,92,19,42" hai2="26,56,133,124,107,73,82,38,134,52,43,99,45" hai3="36,116,113,103,98,114,72,85,95,70,81,48,66"/><T53/><D74/><U79/><E117/><V37/><F26/><W14/><G116/><T120/><D102/><U27/><E110/><V126/><F107/><W93/><G14/><T21/><D6/><U60/><E135/><N who="2" m="51723" /><F99/><W59/><G70/><T97/><D121/><U11/><E79/><N who="2" m="44399" /><F45/><N who="0" m="17482" /><D97/><U94/><E42/><V8/><F8/><W32/><G32/><T13/><D41/><U46/><E46/><V131/><F131/><W105/><G72/><T7/><D7/><U39/><E39/><N who="2" m="14859" /><F43/><W109/><G36/><T57/><D120/><U51/><E9/><V132/><N who="2" m="51731" /><V71/><DORA hai="50" /><F71/><W55/><G109/><T62/><D58/><U122/><E122/><V80/><F80/><W18/><G18/><N who="0" m="10447" /><D30/><U129/><E129/><V24/><F24/><AGARI ba="0,0" hai="16,23,24,53,57,62,88,91" m="10447,17482" machi="24" ten="30,11600,0" yaku="8,1,52,1,54,2" doraHai="68,50" who="0" fromWho="2" sc="356,116,368,0,6,-116,270,0" owari="472,57.2,368,16.8,-110,-61.0,270,-13.0" /></mjloggm>