<mjloggm ver="2.3"><GO type="169" lobby="0"/><UN n0="%64%69%76%61" n1="%E3%83%A4%E3%83%9E%E3%83%80%E3%81%95%E3%82%93" n2="%E3%82%BF%E3%82%A4%E4%BA%BA%EF%BC%A0%E3%83%90%E3%83%B3%E3%82%B3%E3%82%AF" n3="%E3%82%AB%E3%83%A9%E6%9D%BE" dan="16,16,16,17" rate="2025.86,2106.65,2152.29,2129.70" sx="M,M,M,M"/><TAIKYOKU oya="0"/><INIT seed="0,0,0,0,2,27" ten="250,250,250,250" oya="0" hai0="53,88,64,61,34,134,119,56,133,124,5,51,59" hai1="132,84,122,52,92,117,103,40,109,66,100,99,48" hai2="97,21,26,130,68,115,118,87,81,1,22,0,11" hai3="127,47,54,15,89,91,55,95,112,18,69,41,29"/><T129/><BYE who="3" /><D119/><UN n3="%E3%82%AB%E3%83%A9%E6%9D%BE" /><U50/><E122/><V90/><F115/><W79/><G69/><T113/><D113/><U128/><E117/><V19/><F68/><W7/><G7/><T131/><D34/><U9/><E109/><V2/><F130/><N who="0" m="49674" /><D5/><U94/><E128/><V28/><F118/><W107/><G107/><T49/><D49/><U125/><E132/><N who="0" m="50793" /><D88/><U70/><E125/><AGARI ba="0,0" hai="51,53,56,59,61,64,124,125" m="50793,49674" machi="125" ten="40,18000,2" yaku="30,2,19,1,20,1,34,2" doraHai="27" who="0" fromWho="1" sc="250,180,250,-180,250,0,250,0" /><INIT seed="0,1,0,5,3,51" ten="430,70,250,250" oya="0" hai0="133,15,104,129,34,97,92,112,55,120,74,11,75" hai1="122,84,99,107,62,29,20,70,19,83,41,28,134" hai2="96,14,44,102,53,116,68,86,18,57,12,37,63" hai3="105,39,54,88,8,72,40,91,31,78,24,9,35"/><T93/><D120/><U76/><E122/><V60/><F116/><W94/><G105/><T56/><D34/><U108/><E108/><V124/><F124/><W36/><G91/><T42/><D112/><U64/><E134/><V69/><F86/><W2/><G72/><T1/><D1/><U77/><E41/><V131/><F131/><W127/><G78/><T30/><D30/><U123/><E123/><V103/><F14/><W4/><G9/><T66/><D133/><U111/><E111/><V114/><F114/><W98/><G127/><T115/><D115/><U10/><E10/><V106/><F103/><W17/><G40/><T46/><D66/><U27/><REACH who="1" step="1"/><E77/><REACH who="1" ten="430,60,250,250" step="2"/><V79/><F79/><W128/><G128/><T100/><D129/><U52/><E52/><V119/><F53/><W65/><G65/><T5/><D75/><U58/><E58/><V6/><F57/><W16/><REACH who="3" step="1"/><G54/><REACH who="3" ten="430,60,250,240" step="2"/><T49/><REACH who="0" step="1"/><D74/><REACH who="0" ten="420,60,250,240" step="2"/><U32/><E32/><V130/><F130/><W21/><G21/><T50/><AGARI ba="1,3" hai="5,11,15,42,46,49,50,55,56,92,93,97,100,104" machi="50" ten="20,18000,2" yaku="1,1,2,1,0,1,7,1,52,1,53,1" doraHai="51" doraHaiUra="101" who="0" fromWho="0" sc="420,213,60,-61,250,-61,240,-61" owari="633,73.3,-1,-50.1,189,-1.1,179,-22.1" /></mjloggm>