<mjloggm ver="2.3"><GO type="169" lobby="0"/><UN n0="%E8%8F%8A%E6%B1%A0%E9%A2%A8%E9%A6%99" n1="%E3%81%8B%E3%82%81%E3%81%98%E3%82%8D%E3%81%86" n2="%E6%81%8B%E3%81%AE%E3%81%86%E3%81%9F" n3="%5B%5B%79%75%79%75%5D%5D" dan="16,17,17,16" rate="2116.47,2161.55,2239.21,2115.91" sx="M,M,M,M"/><TAIKYOKU oya="0"/><INIT seed="0,0,0,3,1,13" ten="250,250,250,250" oya="0" hai0="48,135,5,11,121,100,111,102,33,12,24,69,42" hai1="131,89,103,1,22,0,82,34,112,44,35,77,88" hai2="31,71,9,91,17,114,132,30,26,43,118,45,49" hai3="130,109,80,115,117,116,128,58,10,126,50,105,129"/><T64/><D121/><U63/><E103/><V29/><F114/><W106/><G115/><T87/><D135/><U133/><E112/><V37/><F71/><W54/><G109/><T52/><D111/><U55/><E133/><V78/><F132/><W53/><G126/><T83/><D42/><U67/><E131/><V46/><F78/><W68/><G68/><T101/><D69/><U19/><E35/><V27/><F118/><W40/><G40/><T4/><D64/><U124/><E34/><V16/><F9/><W3/><G80/><T66/><D66/><U62/><E124/><V90/><F37/><W23/><G23/><T92/><D33/><U39/><E1/><V75/><F75/><W25/><G25/><N who="2" m="9225" /><F45/><W60/><G10/><T74/><D24/><N who="1" m="14431" /><E0/><V72/><F72/><W123/><G3/><T84/><D74/><U20/><E20/><V18/><AGARI ba="0,0" hai="16,17,18,29,30,31,43,46,49,90,91" m="9225" machi="18" ten="40,8000,1" yaku="8,1,52,3,54,1" doraHai="13" who="2" fromWho="2" sc="250,-40,250,-20,250,80,250,-20" /><INIT seed="1,0,0,1,4,46" ten="210,230,330,230" oya="1" hai0="88,77,103,92,55,37,75,48,2,84,29,59,3" hai1="128,38,104,100,20,120,126,125,28,110,89,31,102" hai2="65,71,131,50,58,7,0,94,15,108,80,52,57" hai3="32,109,78,16,43,93,73,129,24,132,40,35,107"/><U134/><E38/><V56/><F0/><W54/><G107/><T79/><D37/><U44/><E120/><V14/><F108/><W13/><G109/><T121/><D121/><U26/><E110/><V70/><F131/><W74/><G129/><T9/><D29/><U4/><E128/><V61/><F71/><W97/><G132/><T98/><D9/><U68/><E68/><V69/><F69/><W123/><G123/><T49/><D77/><U47/><E134/><V114/><F114/><W25/><G78/><T72/><D72/><U8/><E31/><V122/><F122/><W119/><G119/><T36/><D36/><U85/><E104/><V53/><F80/><W39/><G39/><T21/><D21/><U1/><E102/><V118/><F118/><W5/><G5/><T23/><D23/><U86/><E86/><V117/><F117/><W18/><G54/><T19/><D19/><U17/><E100/><V106/><F106/><W27/><G13/><T30/><D30/><U66/><E66/><V83/><F83/><W33/><G93/><T60/><D79/><U6/><E6/><V130/><F130/><W41/><G97/><T113/><D75/><AGARI ba="0,0" hai="16,18,24,25,27,32,33,35,40,41,43,73,74,75" machi="75" ten="50,8000,1" yaku="29,2,28,2,54,1" doraHai="46" who="3" fromWho="0" sc="210,-80,230,0,330,0,230,80" /><INIT seed="2,0,0,1,0,69" ten="130,230,330,310" oya="2" hai0="58,93,55,59,37,43,54,2,68,72,6,70,99" hai1="122,120,13,88,8,66,49,100,50,60,3,81,47" hai2="98,62,91,87,119,128,113,132,135,109,30,14,9" hai3="24,36,12,108,64,63,95,106,27,114,97,48,105"/><V78/><F113/><W74/><G114/><T76/><D76/><U107/><E3/><V7/><F119/><W10/><G74/><T42/><D72/><U1/><E1/><V23/><F128/><W94/><G108/><T41/><D6/><U131/><E131/><V46/><F62/><W11/><G48/><N who="0" m="31047" /><D93/><U4/><E107/><V28/><F46/><W121/><G121/><N who="1" m="46698" /><E100/><V130/><F130/><W82/><G82/><T19/><D19/><U34/><E34/><V90/><F109/><W21/><G11/><T127/><D99/><U53/><E50/><V126/><F98/><W111/><G111/><T52/><D2/><U83/><E88/><V33/><F91/><W118/><G24/><T18/><D18/><U51/><E49/><V25/><F78/><W117/><G117/><T35/><D35/><U77/><E77/><V17/><F126/><W31/><G118/><T103/><D103/><U116/><E116/><V112/><F112/><W134/><G134/><N who="2" m="51241" /><F33/><W61/><G95/><AGARI ba="0,0" hai="7,9,14,17,23,25,28,30,87,90,95" m="51241" machi="95" ten="30,1500,0" yaku="20,1" doraHai="69" who="2" fromWho="3" sc="130,0,230,0,330,15,310,-15" /><INIT seed="2,1,0,5,1,56" ten="130,230,345,295" oya="2" hai0="45,58,110,18,31,76,3,40,112,104,116,124,4" hai1="22,62,72,92,128,81,126,44,17,129,65,78,27" hai2="47,73,35,14,88,48,66,96,132,12,117,100,1" hai3="11,71,125,42,113,131,111,55,7,5,25,87,95"/><V28/><F117/><W37/><G125/><T85/><D112/><U6/><E126/><V2/><F73/><W134/><G113/><T34/><D104/><U97/><E6/><V109/><F132/><W135/><G111/><T29/><D124/><U107/><E44/><V74/><F74/><W103/><G71/><T38/><D110/><U57/><REACH who="1" step="1"/><E107/><REACH who="1" ten="130,220,345,295" step="2"/><V51/><F47/><W102/><G5/><T90/><D4/><U115/><E115/><V130/><F109/><W53/><G7/><T60/><D3/><U91/><AGARI ba="1,1" hai="17,22,27,57,62,65,72,78,81,91,92,97,128,129" machi="91" ten="30,4000,0" yaku="1,1,0,1,52,1,53,0" doraHai="56" doraHaiUra="98" who="1" fromWho="1" sc="130,-11,220,53,345,-21,295,-11" /><INIT seed="3,0,0,4,2,132" ten="119,273,324,284" oya="3" hai0="4,1,121,115,22,15,12,60,73,11,99,52,25" hai1="29,70,124,72,36,128,77,66,58,42,103,93,59" hai2="21,75,113,69,100,56,45,51,82,32,135,31,49" hai3="111,118,61,107,55,26,87,83,24,89,94,34,88"/><W38/><G118/><T76/><D121/><U17/><E72/><V39/><F69/><W62/><G107/><T101/><D115/><U30/><E77/><V134/><F32/><W71/><G38/><T102/><D76/><U3/><E3/><V79/><F113/><W91/><G71/><T37/><D37/><U50/><E128/><V78/><F100/><W117/><G117/><T119/><D73/><U6/><E6/><V5/><F79/><W108/><G34/><T122/><D122/><U43/><E70/><V28/><F5/><W41/><G41/><T125/><D125/><U18/><E36/><V13/><F56/><W19/><G91/><T63/><D102/><U86/><E103/><V64/><F64/><W68/><G68/><T54/><D119/><U40/><E86/><V2/><F2/><W16/><G55/><T96/><D96/><U84/><E84/><V10/><F39/><W20/><G83/><T48/><D12/><U116/><E93/><V105/><F105/><W123/><G123/><T67/><D1/><U74/><E74/><V97/><F97/><W127/><G127/><T90/><D90/><U7/><E7/><N who="2" m="3295" /><F51/><W131/><G131/><T95/><D67/><U112/><E116/><V129/><F129/><W46/><G46/><N who="0" m="27671" /><D54/><N who="1" m="32087" /><E112/><V27/><F135/><W126/><G126/><T8/><D8/><U0/><E0/><V81/><F134/><W80/><G80/><T98/><D98/><U130/><E130/><V47/><F82/><W53/><G53/><T109/><D109/><N who="3" m="42057" /><G89/><T92/><D92/><U114/><E114/><V33/><F49/><RYUUKYOKU ba="0,0" sc="119,10,273,-30,324,10,284,10" hai0="4,11,15,22,25,60,63,95,99,101" hai2="21,27,28,31,33,45,47,75,78,81" hai3="16,19,20,24,26,61,62,87,88,94" /><INIT seed="3,1,0,5,3,99" ten="129,243,334,294" oya="3" hai0="117,65,29,88,52,93,28,69,5,89,62,71,6" hai1="25,42,63,12,116,24,112,85,128,35,119,97,15" hai2="61,56,84,40,32,130,91,64,98,106,8,110,129" hai3="23,67,114,22,102,21,95,134,16,75,26,83,10"/><W66/><G114/><T33/><D117/><U115/><E42/><V111/><F32/><W13/><G134/><T46/><D71/><U60/><E85/><V55/><F8/><W49/><G75/><T44/><D89/><U90/><E97/><V87/><F40/><W73/><G73/><T94/><D94/><U126/><E90/><V37/><F37/><W78/><G78/><T104/><D104/><U27/><E35/><V135/><F135/><W57/><G83/><T17/><D17/><U20/><E126/><V124/><F124/><W48/><G26/><T4/><D33/><U36/><E36/><V127/><F64/><N who="3" m="24619" /><G57/><T77/><D77/><U109/><E128/><N who="2" m="49259" /><F127/><W58/><G58/><T101/><D101/><U45/><E45/><V31/><F31/><W100/><G95/><T34/><D34/><U11/><E109/><N who="2" m="41483" /><F91/><W123/><G123/><T51/><REACH who="0" step="1"/><D44/><REACH who="0" ten="119,243,334,294" step="2"/><U92/><E116/><V113/><F113/><W82/><G82/><T30/><D30/><U18/><E119/><V0/><F106/><W96/><G96/><AGARI ba="1,1" hai="4,5,6,28,29,46,51,52,62,65,69,88,93,96" machi="96" ten="40,5200,0" yaku="1,1,54,2,53,0" doraHai="99" doraHaiUra="120" who="0" fromWho="3" sc="119,65,243,0,334,0,294,-55" /><INIT seed="4,0,0,2,0,105" ten="184,243,334,239" oya="0" hai0="95,1,65,48,115,18,30,93,126,5,41,92,133" hai1="119,128,37,11,107,129,114,24,27,73,62,94,98" hai2="88,47,34,0,80,20,71,52,72,97,2,10,64" hai3="22,50,101,130,116,117,103,102,7,68,38,6,75"/><T39/><D115/><U3/><E119/><V70/><F34/><W9/><G38/><T89/><D39/><U45/><E107/><V120/><F120/><W17/><G68/><T108/><D30/><U67/><E114/><V63/><F71/><W4/><G9/><T127/><D133/><U91/><E73/><V104/><F20/><W122/><G122/><T109/><D65/><U55/><E3/><V40/><F52/><W23/><G130/><N who="1" m="50282" /><E11/><V100/><F88/><W113/><G113/><T86/><D18/><U96/><E96/><V28/><F28/><W82/><G50/><T26/><D26/><U56/><E37/><N who="2" m="21903" /><F10/><W135/><G135/><T57/><D5/><U60/><E45/><V14/><F14/><W125/><G125/><N who="0" m="47627" /><D1/><U124/><E124/><V81/><F81/><W31/><G31/><T58/><D41/><U46/><E46/><V77/><AGARI ba="0,0" hai="0,2,63,64,70,72,77,80,97,100,104" m="21903" machi="77" ten="30,4000,0" yaku="33,2,52,1" doraHai="105" who="2" fromWho="2" sc="184,-20,243,-10,334,40,239,-10" /><INIT seed="5,0,0,5,1,41" ten="164,233,374,229" oya="1" hai0="4,122,83,51,119,43,68,77,65,80,10,35,40" hai1="1,54,14,74,133,69,90,0,29,45,36,20,100" hai2="34,18,25,52,67,53,12,116,23,87,71,121,58" hai3="61,70,66,50,9,24,96,31,48,89,15,126,130"/><U38/><E69/><V79/><F116/><W134/><G126/><T81/><D119/><U37/><E74/><V111/><F111/><W110/><G110/><T42/><D122/><U57/><E133/><V73/><F73/><W44/><G130/><T98/><D35/><U125/><E125/><V16/><F71/><W85/><G134/><T115/><D115/><U124/><E124/><V78/><F121/><W27/><G50/><T63/><D98/><U7/><E100/><V117/><F34/><W95/><G96/><T106/><D106/><U113/><E113/><V109/><F117/><W72/><G31/><T107/><D107/><U33/><E90/><V64/><F53/><W47/><G72/><T49/><REACH who="0" step="1"/><D77/><REACH who="0" ten="154,233,374,229" step="2"/><U128/><E33/><V91/><F79/><W75/><G75/><T86/><D86/><U55/><E128/><V22/><F78/><W118/><G118/><T123/><D123/><U76/><E76/><V92/><F109/><W28/><G48/><AGARI ba="0,1" hai="12,16,18,22,23,25,48,52,58,64,67,87,91,92" machi="48" ten="30,12000,2" yaku="7,1,25,2,8,1,54,2" doraHai="41" who="2" fromWho="3" sc="154,0,233,0,374,130,229,-120" /><INIT seed="6,0,0,3,3,64" ten="154,233,504,109" oya="2" hai0="100,1,21,33,32,75,80,67,69,114,73,44,126" hai1="91,41,16,0,13,63,132,130,27,98,86,68,72" hai2="121,40,66,124,54,109,77,7,15,37,119,6,71" hai3="20,47,101,112,94,28,38,93,84,14,17,42,29"/><V39/><F119/><W102/><G112/><T123/><D123/><U34/><E72/><V88/><F121/><W111/><G111/><T26/><D1/><U78/><E0/><V133/><F77/><W11/><G94/><T120/><D120/><U134/><E130/><V108/><F54/><W97/><G101/><T36/><D126/><U50/><E98/><V65/><F15/><W49/><G38/><T19/><D114/><U60/><E78/><V81/><F81/><W129/><G129/><T113/><D100/><U62/><E34/><V5/><F5/><W104/><G104/><T35/><D80/><U118/><E27/><V82/><F82/><W57/><G84/><T4/><D4/><U10/><E118/><V8/><F8/><W125/><G125/><T18/><D18/><U115/><E115/><V12/><F12/><W92/><G92/><T127/><D127/><U117/><E117/><V22/><F124/><W25/><REACH who="3" step="1"/><G57/><REACH who="3" ten="154,233,504,99" step="2"/><T87/><D87/><U2/><E86/><V45/><F109/><W9/><G9/><T85/><D85/><U96/><E96/><V105/><F108/><W122/><G122/><T48/><D36/><U131/><E131/><V128/><F128/><W70/><G70/><T31/><D113/><U61/><E91/><V23/><F88/><W59/><G59/><T30/><D73/><U116/><E116/><V135/><F105/><W51/><G51/><T3/><D75/><U83/><E68/><V106/><F106/><W95/><G95/><T24/><D69/><U90/><N who="1" m="15360" /><DORA hai="79" /><U107/><E50/><V74/><F74/><RYUUKYOKU ba="0,1" sc="154,-10,233,-10,504,-10,99,30" hai3="11,14,17,20,25,28,29,42,47,49,93,97,102" /><INIT seed="7,1,1,2,5,130" ten="144,223,494,129" oya="3" hai0="131,70,83,33,117,126,92,22,34,88,2,19,87" hai1="86,105,29,134,49,57,66,16,60,48,91,36,38" hai2="74,53,45,18,77,95,12,43,27,115,46,40,124" hai3="28,72,128,6,84,132,52,55,93,69,9,31,32"/><W1/><G72/><T111/><D111/><U122/><E122/><V24/><F115/><W79/><G69/><T61/><D117/><U11/><E105/><V121/><F53/><W58/><G128/><T98/><D2/><U135/><E29/><V90/><F18/><W81/><G32/><T78/><D126/><U125/><E125/><V82/><F12/><W17/><G55/><T104/><D131/><U30/><E30/><V39/><F121/><W107/><G107/><T15/><REACH who="0" step="1"/><D104/><REACH who="0" ten="134,223,494,129" step="2"/><U62/><E38/><N who="2" m="21751" /><F124/><W13/><G93/><T114/><D114/><U133/><E36/><V112/><F112/><W59/><G59/><T0/><D0/><U5/><E62/><V10/><F10/><W123/><G123/><T14/><D14/><N who="1" m="7263" /><E5/><V37/><F37/><W4/><G4/><T67/><AGARI ba="1,2" hai="15,19,22,33,34,61,67,70,78,83,87,88,92,98" machi="67" ten="30,4000,0" yaku="1,1,0,1,54,1,53,0" doraHai="130" doraHaiUra="101" who="0" fromWho="0" sc="134,63,223,-11,494,-11,129,-21" owari="197,-20.3,212,1.2,483,58.3,108,-39.2" /></mjloggm>