<mjloggm ver="2.3"><GO type="169" lobby="0"/><UN n0="%E3%81%BD%E3%81%A3%E3%81%91%E3%81%95%E3%82%93" n1="%E3%83%8A%E3%82%AB%E3%81%AB%E3%81%97" n2="%58%E7%8C%AB" n3="%E3%82%AB%E3%83%AB%E3%83%94%E3%82%B9%E3%82%B5%E3%83%AF%E3%83%BC" dan="17,17,16,17" rate="2197.71,2233.51,2056.61,2219.77" sx="M,M,M,M"/><TAIKYOKU oya="0"/><INIT seed="0,0,0,1,5,96" ten="250,250,250,250" oya="0" hai0="117,29,57,19,86,26,100,103,65,85,101,126,23" hai1="0,107,55,78,80,40,115,37,42,112,76,64,110" hai2="4,97,27,48,61,98,116,119,94,20,43,38,131" hai3="105,127,8,89,45,39,90,3,113,106,135,123,32"/><T18/><D117/><U95/><E107/><V129/><F38/><W114/><G32/><T16/><D126/><U59/><E0/><V25/><F4/><W63/><G127/><T35/><D35/><U15/><E110/><V93/><F61/><AGARI ba="0,0" hai="16,18,19,23,26,29,57,61,65,85,86,100,101,103" machi="61" ten="40,12000,1" yaku="8,1,52,3,54,1" doraHai="96" who="0" fromWho="2" sc="250,120,250,0,250,-120,250,0" /><INIT seed="0,1,0,3,3,120" ten="370,250,130,250" oya="0" hai0="32,82,50,132,2,35,61,81,12,88,118,101,89" hai1="30,48,113,90,22,69,92,79,20,10,85,56,125" hai2="77,44,3,74,41,105,53,38,123,109,28,110,43" hai3="25,16,112,51,119,72,96,39,60,117,97,115,18"/><T80/><D2/><U11/><E69/><V103/><F53/><W29/><G39/><T34/><D118/><U67/><E125/><V7/><F28/><W33/><G72/><T21/><D101/><U59/><E113/><V13/><F13/><W26/><G51/><T104/><D104/><U83/><E56/><V24/><F24/><W49/><G49/><T45/><D61/><N who="1" m="38335" /><E48/><V102/><F43/><W65/><G65/><T8/><D21/><N who="1" m="8299" /><E30/><V5/><F5/><W23/><G60/><T121/><D121/><U70/><E70/><V86/><F86/><AGARI ba="1,0" hai="10,11,79,83,85,86,90,92" m="8299,38335" machi="86" ten="30,1000,0" yaku="8,1" doraHai="120" who="1" fromWho="2" sc="370,0,250,13,130,-13,250,0" /><INIT seed="1,0,0,0,2,74" ten="370,263,117,250" oya="1" hai0="134,37,123,115,47,105,88,62,98,2,28,102,78" hai1="11,108,41,29,45,22,10,19,79,13,129,38,92" hai2="3,14,8,65,64,99,71,135,107,56,54,5,32" hai3="63,111,43,113,116,76,106,120,103,66,27,25,77"/><U67/><E129/><V60/><F135/><W131/><G120/><T85/><D115/><U44/><E108/><V21/><F32/><W133/><G113/><T6/><D134/><U9/><E67/><V31/><F71/><W58/><G133/><T59/><D28/><U84/><E45/><V109/><F109/><W35/><G111/><T110/><D110/><U114/><E114/><V39/><F39/><W82/><G131/><T83/><D123/><U30/><REACH who="1" step="1"/><E92/><REACH who="1" ten="370,253,117,250" step="2"/><V52/><F65/><W96/><G116/><T24/><D47/><U20/><E20/><V40/><F40/><W81/><G43/><T128/><D128/><U18/><E18/><V51/><F31/><W1/><G35/><T46/><D46/><U68/><E68/><V132/><F132/><W61/><G66/><T94/><D37/><U119/><E119/><V57/><F64/><W100/><G58/><T69/><D69/><U125/><E125/><V95/><F107/><W48/><G106/><T121/><D121/><U34/><E34/><V97/><REACH who="2" step="1"/><F95/><REACH who="2" ten="370,253,107,250" step="2"/><W75/><G82/><AGARI ba="0,2" hai="9,10,11,13,19,22,29,30,38,41,44,79,82,84" machi="82" ten="40,3900,0" yaku="1,1,52,1,53,0" doraHai="74" doraHaiUra="124" who="1" fromWho="3" sc="370,0,253,59,107,0,250,-39" /><INIT seed="1,1,0,0,2,100" ten="370,312,107,211" oya="1" hai0="72,97,23,105,75,68,27,91,13,66,18,82,7" hai1="45,122,69,32,110,89,73,28,87,81,127,51,76" hai2="131,26,42,92,71,25,88,58,34,36,57,93,19" hai3="9,50,60,123,78,98,61,5,95,46,56,6,52"/><U64/><E122/><V16/><F71/><W101/><G123/><T107/><D68/><U49/><E127/><V41/><F36/><W21/><G78/><T114/><D66/><U37/><E110/><V3/><F3/><W80/><G80/><T43/><D114/><U94/><E32/><V90/><F34/><W70/><G70/><T102/><D43/><U59/><E69/><V135/><F135/><W30/><G9/><T79/><D91/><U44/><E28/><V29/><REACH who="2" step="1"/><F131/><REACH who="2" ten="370,312,97,211" step="2"/><W1/><G1/><T63/><D63/><U39/><E39/><V115/><F115/><W112/><G112/><T106/><D75/><U10/><E37/><V116/><F116/><W47/><G60/><T48/><D48/><U74/><E74/><V125/><F125/><W17/><G30/><AGARI ba="1,1" hai="16,19,25,26,29,30,41,42,57,58,88,90,92,93" machi="30" ten="25,12000,2" yaku="1,1,22,2,8,1,54,2,53,0" doraHai="100" doraHaiUra="62" who="2" fromWho="3" sc="370,0,312,0,97,133,211,-123" /><INIT seed="2,0,0,3,3,19" ten="370,312,230,88" oya="2" hai0="57,122,114,28,86,32,64,16,116,50,52,61,76" hai1="118,38,27,123,26,126,82,90,25,92,68,98,77" hai2="105,59,133,95,131,83,111,21,109,30,48,87,39" hai3="9,37,10,97,72,0,1,101,65,132,2,74,69"/><V55/><F105/><W94/><G37/><T6/><D122/><U112/><E112/><V44/><F133/><W45/><G45/><T3/><D114/><U24/><E118/><V43/><F95/><W81/><G132/><T130/><D116/><U13/><E38/><V75/><F75/><W71/><G65/><T121/><D121/><U88/><E68/><V135/><F135/><W18/><G81/><T119/><D119/><U110/><E123/><V129/><F30/><W22/><G71/><T102/><D102/><U53/><E110/><N who="2" m="41995" /><F21/><W5/><G69/><T115/><D115/><U15/><E126/><V8/><F8/><W11/><REACH who="3" step="1"/><G5/><REACH who="3" ten="370,312,230,78" step="2"/><T89/><D6/><U34/><E34/><V14/><F14/><AGARI ba="0,1" hai="0,1,2,9,10,11,14,18,22,72,74,94,97,101" machi="14" ten="50,6400,0" yaku="1,1,2,1,52,1,53,0" doraHai="19" doraHaiUra="58" who="3" fromWho="2" sc="370,0,312,0,230,-64,78,74" /><INIT seed="3,0,0,1,2,108" ten="370,312,166,152" oya="3" hai0="54,33,41,104,7,31,124,18,74,101,118,42,58" hai1="110,105,93,12,19,2,77,14,61,96,86,1,68" hai2="123,43,100,15,117,28,84,60,87,102,24,112,90" hai3="65,125,134,9,116,71,111,106,39,99,23,5,131"/><W76/><G116/><T48/><D118/><U80/><E110/><V81/><F117/><W129/><G111/><T94/><D74/><U55/><E105/><V89/><F123/><W109/><G109/><T40/><D104/><U11/><E14/><V25/><F43/><W92/><G106/><T56/><D7/><U135/><E135/><V127/><F127/><W45/><G76/><T20/><D124/><U30/><E30/><V103/><F15/><W121/><G125/><T91/><D33/><U0/><E55/><V122/><F122/><W8/><G121/><T66/><D31/><U32/><E32/><V16/><F112/><W47/><G134/><T50/><D101/><U115/><E115/><V130/><F130/><N who="3" m="49675" /><G23/><T120/><D120/><U78/><E77/><V63/><F28/><W67/><G9/><T3/><D3/><U107/><E107/><V88/><F81/><W44/><G71/><T35/><D35/><U132/><E132/><V26/><REACH who="2" step="1"/><F16/><REACH who="2" ten="370,312,156,152" step="2"/><W133/><G133/><T85/><D18/><U82/><E82/><V128/><F128/><W79/><G39/><T4/><D40/><U46/><E2/><V72/><F72/><W119/><G119/><T83/><D41/><U6/><E19/><V34/><F34/><W126/><G126/><T57/><D42/><U64/><REACH who="1" step="1"/><E46/><REACH who="1" ten="370,302,156,152" step="2"/><V95/><F95/><W37/><G37/><T27/><D94/><U22/><E22/><V69/><F69/><W10/><G45/><N who="0" m="27919" /><D20/><U38/><E38/><V53/><F53/><W75/><G92/><T29/><D83/><U113/><E113/><V21/><F21/><RYUUKYOKU ba="0,2" sc="370,-15,302,15,156,15,152,-15" hai1="0,1,6,11,12,61,64,68,78,80,86,93,96" hai2="24,25,26,60,63,84,87,88,89,90,100,102,103" /><INIT seed="4,1,2,3,3,5" ten="355,317,171,137" oya="0" hai0="106,120,8,72,3,91,134,94,23,135,105,84,75" hai1="53,42,128,19,18,45,12,78,130,132,118,31,20" hai2="87,7,37,0,24,32,60,55,34,59,123,36,124" hai3="126,112,69,17,70,56,67,25,89,2,117,14,88"/><T46/><D120/><U68/><E118/><V13/><F123/><W96/><G117/><T125/><D23/><U107/><E107/><V27/><F124/><W47/><G2/><T66/><D66/><U43/><E68/><V9/><F34/><W108/><G108/><T93/><D46/><U110/><E110/><V82/><F0/><W111/><G111/><T54/><D54/><U92/><E31/><V4/><F4/><W51/><G112/><T49/><D49/><N who="1" m="28847" /><E132/><N who="0" m="50729" /><D125/><U129/><E78/><V11/><F32/><W64/><G126/><T41/><D41/><U44/><E92/><V71/><F71/><W77/><G77/><T122/><D122/><U103/><E103/><V61/><F61/><W62/><G25/><T104/><D94/><U29/><E29/><V86/><F86/><W102/><G67/><T63/><D63/><U35/><E35/><V10/><F37/><W79/><G69/><T76/><D76/><U40/><E19/><V81/><F81/><W119/><G79/><T73/><D3/><U1/><E1/><V52/><F55/><W58/><G119/><T114/><D114/><U39/><AGARI ba="1,2" hai="12,18,20,39,40,42,43,44,128,129,130" m="28847" machi="39" ten="30,1100,0" yaku="19,1" doraHai="5" who="1" fromWho="1" sc="355,-6,317,34,171,-4,137,-4" /><INIT seed="5,0,0,2,1,85" ten="349,351,167,133" oya="1" hai0="50,122,21,64,106,1,0,134,52,60,39,90,54" hai1="56,41,32,5,44,38,103,117,112,80,13,87,121" hai2="104,48,101,89,62,31,70,24,3,17,95,2,9" hai3="66,111,124,97,107,25,19,63,65,94,96,27,93"/><U61/><E117/><V76/><F76/><W23/><G124/><T83/><D39/><U30/><E121/><V127/><F127/><W33/><G111/><T81/><D106/><U8/><E112/><V22/><F48/><W98/><G107/><T10/><D122/><U130/><E130/><V118/><F118/><W14/><G33/><T55/><D134/><U29/><E103/><V15/><F104/><W126/><G126/><T73/><D50/><U110/><E32/><V36/><F101/><W16/><G25/><T114/><D114/><U132/><E132/><V35/><F36/><W82/><G82/><T86/><D21/><U129/><E129/><V79/><F79/><W53/><G53/><T43/><D43/><U131/><E110/><V57/><F70/><W51/><G51/><T4/><D73/><U78/><REACH who="1" step="1"/><E131/><REACH who="1" ten="349,341,167,133" step="2"/><V123/><F123/><W46/><G46/><T28/><D28/><U18/><E18/><V74/><F35/><W37/><G37/><T120/><D120/><U6/><E6/><V91/><F74/><W68/><REACH who="3" step="1"/><G65/><AGARI ba="0,1" hai="5,8,13,29,30,38,41,44,56,61,65,78,80,87" machi="65" ten="30,5800,0" yaku="1,1,7,1,53,1" doraHai="85" doraHaiUra="77" who="1" fromWho="3" sc="349,0,341,68,167,0,133,-58" /><INIT seed="5,1,0,3,5,69" ten="349,409,167,75" oya="1" hai0="33,80,105,103,41,61,13,88,109,131,32,6,54" hai1="121,48,10,14,111,30,63,0,122,45,25,4,79" hai2="116,17,72,125,108,135,118,126,71,112,78,28,107" hai3="59,85,15,97,115,75,7,129,73,40,36,77,3"/><U124/><E124/><V95/><F28/><W93/><G3/><T117/><D109/><U2/><E111/><V64/><F17/><W50/><G115/><T24/><D117/><U56/><E2/><V19/><F19/><W46/><G129/><T86/><D131/><U94/><E79/><V89/><F64/><W53/><G85/><T38/><D24/><U26/><E26/><V57/><F57/><W134/><G134/><T43/><D103/><U5/><E94/><V90/><F71/><W114/><G114/><T81/><D105/><U58/><E0/><V52/><F52/><W102/><REACH who="3" step="1"/><G77/><REACH who="3" ten="349,409,167,65" step="2"/><T130/><D130/><U12/><E122/><V119/><F112/><W123/><G123/><T44/><D80/><U82/><E82/><V76/><F135/><W66/><G66/><T101/><D101/><U84/><E84/><V106/><F108/><W47/><G47/><T70/><D43/><U104/><E45/><V37/><F116/><W11/><AGARI ba="1,1" hai="7,11,15,36,40,46,50,53,59,73,75,93,97,102" machi="11" ten="30,7900,0" yaku="1,1,0,1,52,1,53,1" doraHai="69" doraHaiUra="51" who="3" fromWho="3" sc="349,-21,409,-40,167,-21,65,92" /><INIT seed="6,0,0,3,1,72" ten="328,369,146,157" oya="2" hai0="101,55,45,22,66,130,119,132,135,9,134,58,95" hai1="75,107,86,43,112,87,10,64,39,53,49,124,99" hai2="74,127,133,15,93,18,8,128,35,62,90,50,11" hai3="42,109,123,126,97,4,103,48,26,73,76,0,27"/><V20/><F74/><W36/><G109/><T61/><D9/><U70/><E75/><V82/><F133/><W16/><G48/><N who="0" m="29071" /><D22/><U40/><E112/><V78/><F127/><W21/><G123/><T3/><D3/><U114/><E114/><V41/><F128/><W63/><G126/><T131/><D101/><U121/><E121/><V14/><F35/><W96/><G63/><N who="0" m="38263" /><D95/><U59/><E124/><V30/><F62/><W44/><G26/><T65/><D119/><U37/><E64/><V17/><F50/><W83/><G103/><T115/><D115/><U2/><E70/><AGARI ba="0,0" hai="61,65,70,130,131,132,134,135" m="38263,29071" machi="70" ten="30,3900,0" yaku="20,1,34,2" doraHai="72" who="0" fromWho="1" sc="328,39,369,-39,146,0,157,0" /><INIT seed="7,0,0,0,5,24" ten="367,330,146,157" oya="3" hai0="59,89,38,63,108,15,66,29,58,104,16,127,79" hai1="82,55,111,76,121,85,50,7,34,110,120,5,47" hai2="13,44,68,57,23,25,119,101,77,92,114,81,86" hai3="61,26,130,95,131,60,123,116,0,18,69,49,48"/><W53/><G123/><T32/><D104/><U33/><E120/><V41/><F119/><W6/><G116/><T52/><D38/><U125/><E121/><V12/><F68/><W122/><G122/><T71/><D108/><U128/><E128/><N who="3" m="49194" /><G95/><T132/><D79/><U118/><E118/><V11/><F114/><W117/><G117/><T113/><D113/><U100/><E125/><V54/><F101/><W80/><G80/><T84/><D127/><U4/><REACH who="1" step="1"/><E100/><REACH who="1" ten="367,320,146,157" step="2"/><V10/><F10/><N who="3" m="2375" /><G69/><T19/><D71/><U90/><E90/><V56/><F11/><W126/><G126/><T73/><D89/><U22/><E22/><V102/><F23/><N who="3" m="13687" /><G48/><T109/><D109/><AGARI ba="0,1" hai="4,5,7,33,34,47,50,55,76,82,85,109,110,111" machi="109" ten="40,1300,0" yaku="1,1,53,0" doraHai="24" doraHaiUra="103" who="1" fromWho="0" sc="367,-13,320,23,146,0,157,0" owari="354,45.4,343,14.3,146,-35.4,157,-24.3" /></mjloggm>