<mjloggm ver="2.3"><GO type="169" lobby="0"/><UN n0="%E8%B5%A4%E4%BA%94%E7%AB%8B%E7%9B%B4" n1="%E3%83%AA%E3%83%B3%E3%83%8D%E3%83%B3" n2="%E3%81%B1%E3%82%93%E3%81%AA%E3%81%93%E3%81%BE%E3%81%A3%E3%81%9F" n3="%E9%B3%B4%E8%8C%B6" dan="16,16,17,16" rate="2150.92,2113.70,2241.25,2164.04" sx="F,M,M,M"/><TAIKYOKU oya="0"/><INIT seed="0,0,0,3,4,70" ten="250,250,250,250" oya="0" hai0="29,74,13,42,8,82,41,101,28,110,92,73,51" hai1="105,62,100,85,56,134,18,52,60,47,64,9,1" hai2="89,35,120,66,118,36,68,116,50,117,53,32,63" hai3="99,44,33,45,22,25,72,98,128,76,61,4,121"/><T83/><D110/><U78/><E134/><V30/><F120/><W77/><G121/><T90/><D101/><U91/><E78/><V132/><F132/><W114/><G25/><T39/><D51/><U79/><E79/><V75/><F75/><W26/><G26/><T19/><D74/><U127/><E127/><V94/><F30/><N who="0" m="11882" /><D39/><U93/><E47/><V21/><F21/><W123/><G45/><T38/><D38/><U124/><E124/><V67/><F67/><W86/><G44/><T103/><D103/><U107/><E100/><V49/><F36/><W16/><G77/><T131/><D131/><U14/><REACH who="1" step="1"/><E1/><REACH who="1" ten="250,240,250,250" step="2"/><V97/><REACH who="2" step="1"/><F50/><REACH who="2" ten="250,240,240,250" step="2"/><W111/><G72/><T81/><D73/><U69/><AGARI ba="0,2" hai="9,14,18,52,56,60,62,64,69,85,91,93,105,107" machi="69" ten="20,12000,2" yaku="1,1,2,1,0,1,7,1,54,1,53,1" doraHai="70" doraHaiUra="10" who="1" fromWho="1" sc="250,-60,240,140,240,-30,250,-30" /><INIT seed="1,0,0,5,1,24" ten="190,380,210,220" oya="1" hai0="78,97,119,80,132,22,83,19,86,89,61,9,102" hai1="115,65,56,8,37,128,42,73,96,46,18,67,74" hai2="35,39,69,2,131,120,52,117,17,54,41,34,94" hai3="103,70,51,113,23,105,95,10,91,111,36,16,106"/><U20/><E115/><V114/><F117/><W1/><G113/><T5/><D119/><U47/><E128/><V4/><F120/><W64/><G36/><T104/><D132/><U55/><E8/><V40/><F114/><W82/><G103/><T0/><D61/><U98/><E96/><V33/><F131/><W123/><G123/><T44/><D44/><U25/><E46/><V121/><F121/><W77/><G51/><T66/><D66/><U57/><E57/><V135/><F69/><W108/><G64/><T28/><D28/><U127/><E127/><V84/><F135/><W15/><G70/><T116/><D116/><U68/><E67/><V85/><F17/><W110/><G1/><T92/><REACH who="0" step="1"/><D78/><REACH who="0" ten="180,380,210,220" step="2"/><U100/><E65/><V107/><F35/><W60/><G60/><T38/><D38/><U21/><E68/><V26/><F39/><W13/><G77/><T53/><D53/><U58/><E55/><V32/><F34/><W133/><G133/><T75/><D75/><U129/><E129/><V125/><F33/><W90/><G82/><T3/><D3/><U63/><E74/><V79/><F2/><W49/><G49/><T109/><D109/><U112/><E73/><V43/><F32/><W59/><G59/><T12/><AGARI ba="0,1" hai="0,5,9,12,19,22,80,83,86,89,92,97,102,104" machi="12" ten="20,2700,0" yaku="1,1,0,1,7,1,53,0" doraHai="24" doraHaiUra="122" who="0" fromWho="0" sc="180,37,380,-13,210,-7,220,-7" /><INIT seed="2,0,0,3,3,7" ten="217,367,203,213" oya="2" hai0="59,48,69,132,27,19,39,66,45,30,94,64,118" hai1="5,23,32,116,113,81,65,67,74,60,123,87,77" hai2="78,133,56,41,106,83,91,121,63,18,14,124,130" hai3="37,24,95,15,42,36,134,4,102,131,58,98,115"/><V51/><F121/><W12/><G134/><T100/><D132/><U22/><E113/><V125/><F133/><W9/><G115/><T92/><D118/><U104/><E116/><V20/><F106/><W107/><G131/><T89/><D39/><U97/><E32/><V122/><F122/><W105/><G24/><T84/><D69/><U127/><E127/><V46/><F130/><W25/><G25/><T68/><D68/><U101/><E65/><V117/><F91/><W109/><G109/><T85/><D19/><U34/><E34/><V54/><REACH who="2" step="1"/><F117/><REACH who="2" ten="217,367,193,213" step="2"/><W129/><G129/><T55/><D100/><U82/><E123/><V47/><F47/><W21/><G107/><T2/><D45/><U10/><E104/><V103/><F103/><W57/><G105/><T75/><D75/><AGARI ba="0,1" hai="14,18,20,41,46,51,54,56,63,75,78,83,124,125" machi="75" ten="40,2000,0" yaku="1,1,53,0" doraHai="7" doraHaiUra="70" who="2" fromWho="0" sc="217,-20,367,0,193,30,213,0" /><INIT seed="2,1,0,3,0,111" ten="197,367,223,213" oya="2" hai0="31,1,70,81,13,61,103,98,107,90,97,127,83" hai1="101,63,41,132,0,109,2,60,32,66,102,73,100" hai2="64,77,67,72,36,82,4,34,9,15,105,52,114" hai3="93,76,22,58,129,84,8,14,62,19,104,7,54"/><V11/><F105/><W106/><G129/><T65/><D1/><U46/><E109/><V123/><F123/><W35/><G35/><T128/><D128/><U116/><E116/><V39/><F34/><W26/><G76/><T23/><D127/><U38/><E132/><V49/><F114/><W112/><G112/><T87/><D97/><U125/><E125/><V69/><F11/><W95/><G106/><T20/><D13/><U120/><E120/><V113/><F113/><W53/><G104/><T130/><D130/><U56/><E73/><V24/><F24/><W91/><REACH who="3" step="1"/><G93/><REACH who="3" ten="197,367,223,203" step="2"/><T75/><D83/><U131/><E131/><V6/><F6/><W42/><G42/><T133/><D133/><U43/><E41/><V10/><F10/><W99/><G99/><T135/><D135/><U118/><E118/><V50/><F50/><W126/><G126/><T37/><D37/><U115/><E115/><V29/><F29/><W110/><G110/><T92/><D31/><U74/><E32/><V17/><F4/><W40/><G40/><T57/><D70/><U85/><E43/><V55/><F69/><W16/><G16/><T134/><D134/><U33/><E33/><V94/><F94/><W117/><G117/><T79/><AGARI ba="1,1" hai="20,23,57,61,65,75,79,81,87,90,92,98,103,107" machi="79" ten="30,4000,0" yaku="0,1,24,2" doraHai="111" who="0" fromWho="0" sc="197,53,367,-11,223,-21,203,-11" /><INIT seed="3,0,0,1,0,128" ten="250,356,202,192" oya="3" hai0="59,66,135,25,133,45,32,19,108,6,34,69,46" hai1="110,20,134,121,114,64,91,122,31,104,47,115,12" hai2="62,130,87,36,40,100,10,98,38,102,85,44,49" hai3="18,86,124,8,0,97,127,43,24,9,13,105,79"/><W56/><G43/><T125/><D69/><U35/><E104/><V126/><F130/><W129/><G129/><T53/><D6/><U30/><E64/><V113/><F113/><N who="1" m="43017" /><E91/><V90/><F126/><N who="3" m="48171" /><G24/><T76/><D125/><U61/><E47/><V132/><F38/><W81/><G56/><T88/><D76/><U89/><E89/><V7/><F36/><W75/><G105/><T37/><D66/><U131/><E61/><V99/><F62/><W58/><G58/><T33/><D108/><U101/><E101/><V119/><F119/><W68/><G97/><T17/><D88/><U51/><E51/><V80/><F87/><W14/><G0/><T16/><D25/><N who="1" m="18895" /><E131/><V78/><F99/><W72/><G68/><T107/><D107/><U29/><E110/><V60/><F60/><W83/><G81/><T95/><D95/><U92/><E92/><N who="2" m="56599" /><F132/><N who="0" m="50762" /><D37/><U67/><E134/><V118/><F118/><W41/><G41/><T26/><D26/><U1/><E67/><V94/><F94/><W96/><G96/><T63/><AGARI ba="0,0" hai="16,17,19,32,33,34,45,46,53,59,63" m="50762" machi="63" ten="40,8000,1" yaku="20,1,52,3,54,1" doraHai="128" who="0" fromWho="0" sc="250,80,356,-20,202,-20,192,-40" /><INIT seed="4,0,0,4,0,36" ten="330,336,182,152" oya="0" hai0="134,57,111,81,50,65,130,30,128,69,51,27,4" hai1="131,101,1,97,49,127,100,3,61,126,102,29,92" hai2="62,112,84,18,105,39,77,12,94,56,42,60,103" hai3="23,9,17,45,25,44,82,85,113,37,118,66,121"/><T129/><D134/><U32/><E131/><V47/><F112/><W28/><G118/><T48/><D4/><U11/><E61/><V76/><F105/><W122/><G113/><T72/><D111/><U20/><E32/><V19/><F62/><W64/><G37/><T67/><D72/><U38/><E38/><V135/><F135/><W107/><G107/><T52/><D81/><U46/><E20/><V14/><F14/><N who="3" m="7375" /><G122/><T79/><D79/><U74/><E29/><V6/><F6/><W41/><G121/><T93/><D93/><U2/><E11/><V16/><F12/><W7/><G7/><T116/><D116/><U88/><REACH who="1" step="1"/><E74/><REACH who="1" ten="330,326,182,152" step="2"/><V63/><F63/><W10/><G10/><T117/><D117/><U86/><E86/><V132/><F132/><W125/><G125/><T58/><D30/><U31/><E31/><V15/><F84/><W26/><G25/><T59/><D27/><U13/><E13/><V96/><REACH who="2" step="1"/><F15/><REACH who="2" ten="330,326,172,152" step="2"/><W24/><G26/><T91/><D69/><U35/><E35/><V120/><F120/><W68/><G68/><T109/><D109/><U119/><E119/><V55/><AGARI ba="0,2" hai="16,18,19,39,42,47,55,56,60,76,77,94,96,103" machi="55" ten="30,8000,1" yaku="1,1,0,1,52,1,54,1,53,1" doraHai="36" doraHaiUra="98" who="2" fromWho="2" sc="330,-40,326,-20,172,100,152,-20" /><INIT seed="5,0,0,0,5,2" ten="290,306,272,132" oya="1" hai0="34,109,114,126,94,26,124,110,64,111,78,98,79" hai1="52,6,28,103,135,33,23,80,96,35,38,71,21" hai2="36,75,0,82,12,113,51,9,116,93,56,57,19" hai3="118,58,123,13,81,47,4,59,22,122,108,70,18"/><U106/><E71/><V69/><F116/><W87/><G108/><T115/><D64/><U117/><E38/><V31/><F69/><W90/><G70/><T73/><D26/><U60/><E117/><V16/><F36/><W39/><G118/><T7/><D7/><U44/><E135/><V128/><F128/><W32/><G32/><T10/><D10/><U112/><E112/><N who="0" m="43049" /><D34/><U27/><E33/><V95/><F113/><W53/><G123/><T130/><D130/><U76/><E6/><V88/><F0/><W37/><G122/><T131/><D131/><U40/><E40/><V84/><F75/><W30/><G39/><T74/><D79/><U67/><E67/><V91/><F31/><W89/><G30/><T66/><D66/><U48/><REACH who="1" step="1"/><E60/><REACH who="1" ten="290,296,272,132" step="2"/><V102/><F51/><N who="3" m="28927" /><G37/><T101/><D78/><U72/><AGARI ba="0,1" hai="21,23,27,28,35,44,48,52,72,76,80,96,103,106" machi="72" ten="20,12000,1" yaku="1,1,0,1,7,1,54,1,53,1" doraHai="2" doraHaiUra="92" who="1" fromWho="1" sc="290,-40,296,130,272,-40,132,-40" /><INIT seed="5,1,0,1,0,53" ten="250,426,232,92" oya="1" hai0="97,63,15,37,18,89,107,60,0,129,74,49,122" hai1="113,7,116,17,55,35,77,62,99,76,21,85,68" hai2="29,58,54,100,34,134,38,67,13,75,43,48,92" hai3="12,5,79,22,101,59,2,81,125,135,8,52,46"/><U132/><E116/><V70/><F75/><W24/><G135/><T78/><D37/><U133/><E35/><V90/><F134/><N who="1" m="51817" /><E113/><V128/><F128/><W6/><G125/><T124/><D0/><U123/><E123/><V95/><F13/><W28/><G101/><T84/><D129/><U4/><E99/><V45/><F100/><W32/><G46/><T82/><D124/><U118/><E118/><V51/><F51/><W31/><G31/><T44/><D97/><U40/><E40/><V66/><F66/><W42/><G42/><T56/><D107/><U127/><E127/><V112/><F112/><W102/><G102/><T71/><D71/><U3/><E85/><V130/><F130/><W106/><G106/><T111/><D111/><U86/><E86/><V39/><F39/><W131/><G131/><T94/><D122/><U80/><E80/><V20/><F34/><W33/><G5/><T91/><D91/><U30/><E30/><V110/><F110/><W1/><G33/><T105/><D105/><U109/><E109/><V47/><F90/><W9/><G8/><T25/><D25/><U88/><E88/><V72/><F72/><W121/><G32/><T14/><D18/><U103/><E103/><V50/><F29/><W27/><G24/><T64/><D63/><U108/><E108/><V19/><F19/><W119/><G121/><T26/><D26/><N who="1" m="14639" /><E4/><V69/><F20/><W65/><G119/><T10/><D10/><N who="1" m="2431" /><E68/><N who="2" m="26219" /><F38/><W36/><G36/><T87/><D74/><U61/><E61/><N who="2" m="38327" /><F95/><W104/><G104/><T23/><D23/><U115/><E115/><RYUUKYOKU ba="1,0" sc="250,10,426,10,232,10,92,-30" hai0="14,15,44,49,56,60,64,78,82,84,87,89,94" hai1="55,62,76,77" hai2="43,45,47,48,50,54,92" /><INIT seed="5,2,0,5,3,26" ten="260,436,242,62" oya="1" hai0="41,17,12,22,25,94,70,129,125,62,27,99,36" hai1="86,7,66,75,76,64,124,93,55,104,103,67,49" hai2="35,120,11,24,56,6,80,90,28,52,127,63,89" hai3="58,68,38,14,53,117,15,102,8,44,61,13,100"/><U16/><E124/><V1/><F127/><W79/><G117/><T18/><D125/><U60/><E7/><V107/><F107/><W69/><G79/><T2/><D2/><U92/><E104/><V101/><F101/><W97/><G8/><T29/><D129/><U110/><E75/><V32/><F120/><W23/><G102/><T91/><D36/><U5/><E5/><V135/><F135/><W4/><G4/><T96/><D41/><U20/><E60/><V109/><F109/><W134/><G134/><T108/><D108/><U132/><E132/><V59/><F35/><W34/><G34/><T118/><D118/><U77/><E103/><V119/><F119/><W42/><REACH who="3" step="1"/><G23/><REACH who="3" ten="260,436,242,52" step="2"/><T81/><D22/><U115/><E77/><V126/><F126/><W95/><AGARI ba="2,1" hai="13,14,15,38,42,44,53,58,61,68,69,95,97,100" machi="95" ten="30,7900,0" yaku="1,1,2,1,0,1,53,1" doraHai="26" doraHaiUra="88" who="3" fromWho="3" sc="260,-22,436,-41,242,-22,52,95" /><INIT seed="6,0,0,5,5,53" ten="238,395,220,147" oya="2" hai0="81,82,17,73,76,64,68,8,103,77,117,91,41" hai1="135,128,50,30,15,66,124,19,105,35,87,122,42" hai2="49,126,9,44,20,72,7,110,107,86,111,34,133" hai3="129,10,78,38,80,79,21,31,71,89,120,61,60"/><V84/><F34/><W94/><G120/><T100/><D117/><U57/><E105/><V23/><F72/><W83/><G38/><T121/><D121/><U14/><E128/><V39/><F39/><W0/><G129/><T18/><D41/><U5/><E135/><V113/><F107/><W11/><G71/><T16/><D91/><U45/><E124/><V116/><F116/><W29/><G89/><T2/><D68/><U102/><E102/><V95/><F126/><W51/><G51/><T88/><D64/><U36/><E122/><V90/><F113/><W25/><G94/><T99/><D2/><U74/><E74/><V115/><F86/><W48/><G48/><T37/><D37/><U109/><E109/><N who="2" m="41483" /><F115/><W3/><REACH who="3" step="1"/><G21/><REACH who="3" ten="238,395,220,137" step="2"/><T114/><D114/><U123/><E123/><V22/><F133/><W47/><G47/><T13/><D88/><U67/><E36/><V96/><F23/><W28/><G28/><T62/><D62/><U69/><E30/><V92/><F49/><W104/><G104/><T32/><D32/><U127/><E35/><V46/><F44/><W43/><G43/><T85/><D100/><U58/><E127/><V65/><F46/><W55/><G55/><T106/><AGARI ba="0,1" hai="8,13,16,17,18,73,76,77,81,82,85,99,103,106" machi="106" ten="20,2700,0" yaku="0,1,7,1,54,1" doraHai="53" who="0" fromWho="0" sc="238,37,395,-7,220,-13,137,-7" /><INIT seed="7,0,0,2,3,96" ten="275,388,207,130" oya="3" hai0="23,134,67,34,106,14,37,72,68,90,39,102,135" hai1="36,95,74,131,48,77,30,124,1,51,121,40,83" hai2="112,128,111,8,28,41,100,69,78,76,5,122,62" hai3="64,109,3,126,46,117,91,63,115,2,38,44,32"/><W66/><G117/><T0/><D23/><U60/><E121/><V113/><F111/><W120/><G120/><T133/><D14/><U52/><E30/><V57/><F122/><W81/><G32/><T127/><D90/><U10/><E124/><V86/><F128/><W108/><G126/><T71/><D127/><U47/><E95/><V99/><F69/><N who="0" m="26698" /><D67/><N who="3" m="25641" /><G63/><T58/><D0/><N who="3" m="41" /><G38/><N who="0" m="14347" /><D34/><U45/><E131/><V56/><F62/><W97/><G115/><T94/><D58/><U123/><E123/><V12/><F57/><W92/><G81/><T82/><D106/><U114/><E114/><V84/><F56/><W118/><G118/><T16/><D82/><U43/><E1/><V22/><F113/><W42/><G42/><T129/><D129/><U59/><E36/><V29/><F41/><W7/><G7/><T20/><D94/><U61/><E60/><V98/><F112/><W88/><G91/><T55/><D55/><U50/><E61/><V87/><F5/><W13/><G13/><N who="0" m="9231" /><D72/><U24/><E74/><V101/><F12/><W35/><G35/><T19/><D19/><U27/><E83/><V6/><F6/><W21/><G21/><T119/><D119/><U4/><E4/><V107/><F107/><W49/><G49/><T65/><D65/><U79/><E51/><V33/><F33/><W89/><G89/><T130/><D130/><U116/><E116/><V85/><F85/><W75/><G75/><T54/><D54/><U73/><E73/><V31/><F87/><W25/><G25/><T53/><D53/><U93/><E52/><V80/><F22/><RYUUKYOKU ba="0,0" sc="275,15,388,-15,207,-15,130,15" hai0="102,133,134,135" hai3="44,46,88,92,97,108,109" /><INIT seed="7,1,0,2,4,115" ten="290,373,192,145" oya="3" hai0="79,54,0,108,19,74,68,10,130,90,94,69,57" hai1="61,52,6,30,24,35,28,135,109,122,45,78,132" hai2="66,126,102,1,25,46,111,97,37,51,83,114,8" hai3="7,89,81,49,123,48,32,92,55,73,63,133,105"/><W41/><G123/><T99/><D108/><U72/><E109/><V31/><F111/><W65/><G105/><T64/><D130/><U18/><E122/><V62/><F114/><W11/><G32/><T43/><D43/><U20/><E6/><V82/><F37/><W33/><G33/><T60/><D74/><U16/><E18/><V76/><F126/><W91/><G133/><N who="1" m="51274" /><E35/><N who="2" m="20975" /><F8/><W23/><G23/><T128/><D128/><U87/><E72/><V22/><F76/><W71/><G41/><T95/><D79/><U101/><E101/><V27/><F1/><W21/><G21/><T14/><D0/><U134/><E134/><V100/><F100/><W5/><G73/><T106/><D106/><U53/><E61/><V50/><F22/><W3/><G7/><T2/><D2/><U56/><E56/><V118/><F27/><W129/><G129/><T124/><D124/><U104/><E104/><V75/><F97/><W107/><G107/><T39/><D39/><U9/><E45/><V84/><F83/><W17/><G17/><T103/><D64/><U40/><E40/><V119/><F62/><W58/><G81/><T98/><AGARI ba="1,0" hai="10,14,19,54,57,60,68,69,90,94,95,98,99,103" machi="98" ten="20,1500,0" yaku="0,1,7,1" doraHai="115" who="0" fromWho="0" sc="290,18,373,-5,192,-5,145,-8" owari="308,10.8,368,46.8,187,-21.3,137,-36.3" /></mjloggm>