<mjloggm ver="2.3"><GO type="169" lobby="0"/><UN n0="%E3%83%A4%E3%83%9E%E3%83%80%E3%81%95%E3%82%93" n1="%E3%82%86%E3%81%86%E3%82%86%E3%81%8D" n2="%E6%B3%A2%E4%B9%83%E7%90%86" n3="%E3%83%9F%E3%82%B2%E3%83%BC%E3%83%AB%E6%94%B9" dan="16,16,16,16" rate="2108.69,2192.91,2116.47,2190.75" sx="M,M,M,M"/><TAIKYOKU oya="0"/><INIT seed="0,0,0,2,3,115" ten="250,250,250,250" oya="0" hai0="13,80,45,110,99,23,95,83,0,107,87,65,17" hai1="2,62,44,75,117,112,125,3,64,21,16,89,96" hai2="103,19,123,20,18,46,36,42,111,4,93,15,82" hai3="27,39,79,6,109,29,30,119,40,126,131,86,70"/><T97/><D0/><U122/><E122/><V94/><F123/><W33/><G70/><T22/><D110/><U10/><E75/><V25/><F111/><W24/><G109/><T72/><D65/><U88/><E112/><V52/><F4/><W56/><G131/><T50/><D107/><U53/><E125/><V43/><F82/><W37/><G126/><T81/><D72/><U91/><E117/><V1/><F1/><W55/><G6/><T5/><D5/><U58/><E10/><V108/><F108/><W104/><G40/><T84/><D23/><U114/><E114/><V98/><F94/><W133/><G104/><T54/><REACH who="0" step="1"/><D99/><REACH who="0" ten="240,250,250,250" step="2"/><U48/><REACH who="1" step="1"/><E96/><REACH who="1" ten="240,240,250,250" step="2"/><V100/><F100/><AGARI ba="0,2" hai="13,17,22,45,50,54,80,81,83,84,87,95,97,100" machi="100" ten="40,12000,1" yaku="1,1,2,1,8,1,53,1" doraHai="115" doraHaiUra="12" who="0" fromWho="2" sc="240,140,240,0,250,-120,250,0" /><INIT seed="0,1,0,3,2,119" ten="380,240,130,250" oya="0" hai0="96,80,46,41,79,88,55,98,107,6,15,56,43" hai1="49,120,8,122,126,73,57,95,71,86,132,16,110" hai2="1,75,68,103,40,32,5,29,76,116,129,92,65" hai3="30,115,124,2,69,128,77,39,63,74,106,59,12"/><T13/><D107/><U10/><E71/><V35/><F116/><W70/><G12/><T108/><D108/><U102/><E73/><V131/><F40/><W125/><G30/><T23/><D15/><U0/><E110/><V87/><F68/><N who="3" m="26219" /><G77/><T14/><D14/><U53/><E132/><V34/><F65/><N who="3" m="39167" /><G74/><T24/><D79/><U27/><E126/><N who="3" m="48746" /><G2/><T3/><D3/><U25/><E0/><V89/><F103/><W26/><G26/><T130/><D98/><U31/><E27/><V84/><F75/><W78/><G78/><T47/><D41/><U19/><E31/><V82/><REACH who="2" step="1"/><F29/><REACH who="2" ten="380,240,120,250" step="2"/><W61/><G39/><T18/><D43/><U134/><E102/><V44/><F44/><W97/><G115/><T104/><D104/><U91/><E134/><V42/><F42/><W9/><G106/><T4/><D4/><U118/><E118/><V133/><F133/><W58/><G9/><AGARI ba="1,1" hai="1,5,9,32,34,35,76,82,84,87,89,92,129,131" machi="9" ten="50,1600,0" yaku="1,1,53,0" doraHai="119" doraHaiUra="36" who="2" fromWho="3" sc="380,0,240,0,120,29,250,-19" /><INIT seed="1,0,0,3,0,40" ten="380,240,149,231" oya="1" hai0="58,13,93,99,114,120,3,96,98,43,100,75,115" hai1="76,46,113,22,0,20,16,74,47,49,23,127,73" hai2="34,118,56,79,122,39,108,41,125,48,50,131,18" hai3="26,2,112,130,81,124,90,1,80,84,103,111,87"/><U110/><E113/><V57/><F34/><W11/><G112/><T69/><D69/><U119/><E119/><V129/><F79/><W117/><G111/><T104/><D3/><U59/><E0/><V83/><F118/><W121/><G121/><T107/><D75/><U8/><E110/><V60/><F83/><W105/><G117/><T19/><D120/><U109/><E109/><V27/><F27/><W25/><G130/><N who="2" m="49673" /><F108/><W53/><G124/><T7/><D7/><U94/><E127/><V9/><F9/><W92/><G105/><T78/><D78/><U82/><E74/><V5/><F18/><W17/><G1/><T30/><D30/><U35/><E35/><V88/><F88/><W61/><G2/><T15/><D15/><U91/><E59/><N who="2" m="22603" /><F5/><W38/><G11/><T67/><D99/><U71/><E71/><V36/><F125/><W44/><G17/><T68/><D68/><U29/><E29/><V102/><F102/><W70/><G70/><T42/><D114/><U97/><REACH who="1" step="1"/><E49/><REACH who="1" ten="380,230,149,231" step="2"/><N who="2" m="19051" /><F122/><W31/><G31/><T62/><D115/><U32/><E32/><V126/><F126/><W45/><G38/><N who="2" m="14377" /><F60/><W133/><G61/><T24/><D62/><U95/><E95/><V10/><F10/><W14/><G92/><T65/><D93/><U116/><E116/><V28/><F28/><W66/><G80/><T128/><D128/><U134/><E134/><V85/><F85/><W64/><G133/><T54/><D104/><U4/><E4/><V123/><F123/><W21/><G81/><T135/><D107/><U106/><E106/><V37/><F37/><RYUUKYOKU ba="0,1" sc="380,-15,230,15,149,15,231,-15" hai1="8,16,20,22,23,46,47,73,76,82,91,94,97" hai2="41" /><INIT seed="1,1,1,0,5,118" ten="365,245,164,216" oya="1" hai0="110,64,83,20,47,135,26,62,69,49,111,21,85" hai1="97,50,27,18,96,77,105,119,25,8,126,48,14" hai2="130,11,93,98,2,99,127,103,16,33,34,52,12" hai3="58,17,6,87,67,81,88,70,66,4,36,54,107"/><U13/><E119/><V108/><F108/><N who="0" m="41514" /><D135/><U124/><E77/><V129/><F2/><W63/><G107/><T79/><D26/><N who="1" m="9739" /><E105/><V117/><F117/><W114/><G114/><T78/><D78/><U10/><E48/><V5/><F5/><N who="3" m="2155" /><G70/><T30/><D30/><U120/><E50/><V24/><F24/><W80/><G36/><T7/><D7/><N who="1" m="3231" /><E120/><V102/><F127/><AGARI ba="1,1" hai="10,14,18,96,97,124,126,127" m="3231,9739" machi="127" ten="30,1500,0" yaku="18,1" doraHai="118" who="1" fromWho="2" sc="365,0,245,28,164,-18,216,0" /><INIT seed="1,2,0,5,2,60" ten="365,273,146,216" oya="1" hai0="93,57,61,21,98,126,132,18,51,92,68,127,39" hai1="133,71,4,87,9,49,111,97,58,107,76,74,95" hai2="28,135,7,17,29,122,94,16,63,35,40,56,99" hai3="108,48,34,116,14,118,69,115,25,102,47,15,44"/><U124/><E133/><V52/><F135/><W59/><G69/><T3/><D132/><U31/><E124/><N who="0" m="47657" /><D39/><U45/><E71/><V27/><F122/><W38/><G115/><T75/><D75/><U110/><E31/><V24/><F40/><W83/><G38/><T119/><D119/><N who="3" m="45609" /><G108/><N who="1" m="41514" /><E58/><V43/><F43/><W125/><G125/><T26/><D3/><N who="1" m="159" /><E87/><V109/><F7/><W120/><G120/><T103/><D68/><U70/><E70/><V86/><F86/><W13/><G59/><T36/><D36/><U101/><E76/><V79/><F79/><W104/><G83/><T22/><D51/><U66/><E74/><V113/><F113/><W121/><G121/><T117/><D117/><U81/><E81/><V32/><F109/><W46/><G48/><T105/><D22/><U30/><E30/><V6/><F6/><W23/><G34/><T73/><D73/><U100/><E107/><V33/><F35/><W128/><G104/><T11/><D11/><U134/><E134/><V2/><F2/><W12/><G128/><T72/><D72/><U0/><E0/><V80/><F80/><W54/><N who="3" m="3072" /><DORA hai="90" /><W42/><G42/><T129/><D129/><U123/><E123/><V37/><REACH who="2" step="1"/><F37/><REACH who="2" ten="365,273,136,216" step="2"/><W5/><G5/><T62/><D62/><U19/><E49/><V65/><F65/><AGARI ba="2,1" hai="18,21,26,57,61,65,92,93,98,103,105" m="47657" machi="65" ten="30,7700,0" yaku="18,1,52,3" doraHai="60,90" who="0" fromWho="2" sc="365,93,273,0,136,-83,216,0" /><INIT seed="2,0,0,4,0,87" ten="458,273,53,216" oya="2" hai0="129,95,59,104,32,53,36,125,30,114,79,68,84" hai1="39,29,123,4,50,120,2,5,110,107,22,18,26" hai2="116,23,74,92,83,1,130,115,76,10,112,93,57" hai3="67,77,96,63,98,111,0,109,48,97,80,66,41"/><V134/><F116/><W60/><G0/><T64/><D104/><U35/><E39/><V113/><F134/><W86/><G48/><T105/><D105/><U21/><E107/><V69/><F69/><W85/><G41/><T8/><D36/><U11/><E50/><V40/><F130/><W121/><G121/><N who="1" m="46666" /><E110/><N who="3" m="41994" /><G85/><T75/><D53/><U55/><E55/><V106/><F106/><W78/><G77/><T31/><D84/><U65/><E65/><AGARI ba="0,0" hai="60,63,65,66,67,78,80,86,96,97,98" m="41994" machi="65" ten="30,1000,0" yaku="14,1" doraHai="87" who="3" fromWho="1" sc="458,0,273,-10,53,0,216,10" /><INIT seed="3,0,0,0,5,73" ten="458,263,53,226" oya="3" hai0="117,32,118,55,86,125,106,122,71,20,17,78,34" hai1="94,53,0,120,130,88,66,28,56,63,99,54,22" hai2="2,15,58,57,38,79,3,113,87,16,26,116,89" hai3="101,97,25,90,80,23,52,76,93,36,1,62,112"/><W44/><G112/><T111/><D106/><U8/><E120/><V129/><F113/><W98/><G1/><T21/><D71/><U128/><E0/><V45/><F116/><W4/><G4/><T65/><D65/><U7/><E8/><V92/><F26/><W67/><G36/><T50/><D122/><U133/><E7/><V135/><F135/><W37/><G37/><T30/><D30/><U95/><E133/><V115/><F115/><W96/><G67/><T84/><D50/><U124/><E124/><V104/><F104/><W59/><G44/><T107/><D107/><U27/><REACH who="1" step="1"/><E94/><REACH who="1" ten="458,253,53,226" step="2"/><V75/><F129/><AGARI ba="0,1" hai="22,27,28,53,54,56,63,66,88,95,99,128,129,130" machi="129" ten="40,8000,1" yaku="1,1,2,1,19,1,54,1,53,0" doraHai="73" doraHaiUra="43" who="1" fromWho="2" sc="458,0,253,90,53,-80,226,0" owari="458,55.8,343,14.3,-27,-52.7,226,-17.4" /></mjloggm>