<mjloggm ver="2.3"><GO type="169" lobby="0"/><UN n0="%E4%BF%9D%E8%82%B2%E5%A3%AB" n1="%E7%BD%AA%E5%88%91%E6%B3%95%E5%AE%9A%E4%B8%BB%E7%BE%A9" n2="%E8%99%B9%E8%89%B2%E3%82%B8%E3%83%A7%E3%83%BC%E3%82%AB%E3%83%BC" n3="%E4%B8%89%E5%B3%B6%E5%85%AB%E9%9B%B2" dan="16,17,17,17" rate="2212.21,2246.05,2193.72,2240.95" sx="M,M,M,M"/><TAIKYOKU oya="0"/><INIT seed="0,0,0,1,0,39" ten="250,250,250,250" oya="0" hai0="66,59,97,92,36,9,28,94,107,46,37,74,26" hai1="70,123,91,79,6,40,44,20,85,90,49,33,61" hai2="80,72,16,1,89,134,48,121,65,111,122,103,55" hai3="129,83,132,128,108,54,127,113,130,105,17,116,60"/><T7/><D74/><U71/><E33/><V64/><F1/><W25/><G105/><T81/><D107/><U135/><E123/><V96/><F111/><W115/><G83/><T101/><D81/><U41/><E135/><V21/><F134/><W56/><G132/><T117/><D117/><U0/><E79/><V12/><F122/><W47/><G17/><T67/><D92/><U30/><E91/><V58/><F121/><W5/><G25/><T102/><D102/><U38/><E6/><V10/><F21/><W73/><G5/><T106/><D106/><U63/><E0/><V119/><F119/><W93/><G93/><T57/><D36/><U118/><E118/><V27/><F27/><W82/><G116/><T18/><D18/><U53/><E20/><V14/><F14/><W95/><G95/><T68/><D68/><N who="1" m="26155" /><E30/><V88/><F103/><W51/><G108/><T11/><D11/><U120/><E85/><V15/><F15/><W110/><G110/><T19/><D19/><U133/><E90/><V50/><F50/><W69/><G69/><T8/><D8/><U35/><E35/><V45/><F58/><N who="0" m="22026" /><D9/><U87/><E87/><N who="2" m="50279" /><F72/><W32/><G32/><N who="0" m="20503" /><D7/><U24/><E24/><V3/><F3/><W22/><G22/><T42/><D101/><U126/><E133/><V78/><F78/><W52/><G73/><T76/><D76/><U13/><E38/><V124/><F124/><W4/><G127/><T43/><D97/><U86/><E86/><V62/><F62/><W23/><G4/><T75/><D75/><U29/><E29/><V114/><F114/><RYUUKYOKU ba="0,0" sc="250,-10,250,-10,250,30,250,-10" hai2="10,12,16,45,48,55,64,65,89,96" /><INIT seed="1,1,0,0,0,79" ten="240,240,280,240" oya="1" hai0="43,131,58,37,16,3,24,18,90,21,33,130,106" hai1="35,92,102,34,85,0,15,44,78,62,30,6,12" hai2="50,59,53,22,120,117,94,111,73,5,56,80,69" hai3="93,86,39,83,76,52,26,126,123,116,84,95,7"/><U128/><E128/><N who="0" m="49193" /><D106/><U71/><E0/><V64/><F120/><W98/><G123/><T9/><D33/><U67/><E30/><V38/><F117/><W31/><G39/><T55/><D37/><U82/><E44/><V107/><F107/><W19/><G126/><T2/><D43/><U100/><E100/><V10/><F111/><W70/><G70/><T47/><D47/><U88/><E102/><V49/><F38/><W89/><G116/><T61/><D90/><U87/><REACH who="1" step="1"/><E6/><REACH who="1" ten="240,230,280,240" step="2"/><V28/><F28/><W127/><G7/><N who="0" m="1271" /><D3/><U41/><E41/><V109/><F5/><W25/><G127/><T46/><D46/><U132/><E132/><V23/><F109/><W4/><G4/><T115/><D115/><U91/><E91/><V103/><F103/><N who="3" m="60879" /><G31/><AGARI ba="1,1" hai="16,18,21,24,31,55,58,61" m="1271,49193" machi="31" ten="30,2000,0" yaku="19,1,54,1" doraHai="79" who="0" fromWho="3" sc="240,33,230,0,280,0,240,-23" /><INIT seed="2,0,0,0,5,115" ten="273,230,280,217" oya="2" hai0="5,76,87,27,20,73,107,10,120,36,97,61,7" hai1="13,125,133,93,78,113,85,88,89,51,54,30,131" hai2="134,64,71,35,38,31,103,43,47,17,21,96,119" hai3="60,72,81,12,80,9,121,135,100,25,46,124,108"/><V6/><F134/><W4/><G121/><T18/><D120/><U8/><E113/><V69/><F6/><W123/><G123/><T126/><D36/><U67/><E133/><V24/><F64/><W112/><G112/><T111/><D73/><U94/><E131/><V58/><F58/><W68/><G135/><T48/><D111/><U19/><E125/><V40/><F40/><W101/><G108/><T83/><D126/><U84/><E67/><V14/><REACH who="2" step="1"/><F119/><REACH who="2" ten="273,230,270,217" step="2"/><W59/><G59/><T29/><D5/><U1/><E1/><V92/><AGARI ba="0,1" hai="14,17,21,24,31,35,38,43,47,69,71,92,96,103" machi="92" ten="20,7800,0" yaku="1,1,2,1,0,1,7,1,53,0" doraHai="115" doraHaiUra="129" who="2" fromWho="2" sc="273,-26,230,-26,270,88,217,-26" /><INIT seed="2,1,0,2,1,33" ten="247,204,358,191" oya="2" hai0="38,31,7,62,119,59,39,42,4,86,45,14,110" hai1="6,90,68,16,18,93,75,0,37,128,55,13,94" hai2="116,77,108,135,106,5,114,36,63,85,120,69,88" hai3="126,118,74,107,82,81,17,103,101,25,127,35,109"/><V60/><F120/><W99/><G17/><T8/><D110/><U121/><E37/><V2/><F116/><W46/><G46/><T105/><D119/><U57/><E68/><V58/><F114/><W73/><G25/><T48/><D105/><U64/><E121/><V125/><F106/><W129/><G35/><T24/><D4/><U67/><E75/><N who="3" m="28682" /><G118/><T117/><D117/><U115/><E115/><V19/><F36/><W23/><G23/><T66/><REACH who="0" step="1"/><D86/><REACH who="0" ten="237,204,358,191" step="2"/><U79/><E6/><V131/><F85/><W72/><G109/><T100/><D100/><U123/><E123/><V34/><F5/><W50/><G72/><T113/><D113/><U54/><E128/><V130/><F130/><W12/><G103/><T41/><D41/><U133/><E133/><V53/><F131/><W56/><G129/><T26/><D26/><U21/><E13/><V96/><F135/><W49/><G12/><T102/><D102/><U80/><E18/><V76/><F19/><W10/><G101/><T30/><D30/><U111/><E16/><V132/><F132/><W122/><G107/><T1/><D1/><U104/><E0/><V3/><F108/><W20/><G122/><T134/><D134/><U47/><E104/><V61/><F2/><W43/><G43/><T9/><D9/><U83/><E111/><V27/><F3/><W124/><G10/><T89/><D89/><U71/><E90/><V51/><F27/><W97/><G124/><T29/><D29/><U52/><E21/><AGARI ba="1,1" hai="7,8,14,21,24,31,38,39,42,45,48,59,62,66" machi="21" ten="30,3900,0" yaku="1,1,7,1,53,1" doraHai="33" doraHaiUra="44" who="0" fromWho="1" sc="237,52,204,-42,358,0,191,0" /><INIT seed="3,0,0,3,2,122" ten="289,162,358,191" oya="3" hai0="62,57,34,18,94,75,20,117,19,49,6,30,115" hai1="55,9,71,17,110,26,53,111,86,123,45,92,10" hai2="101,39,112,104,12,65,37,131,100,73,52,54,59" hai3="16,13,1,42,89,25,82,98,114,81,63,134,2"/><W108/><G114/><T97/><D117/><U58/><E123/><V79/><F112/><W133/><G42/><T132/><D75/><U69/><E45/><V33/><F33/><W41/><G41/><T96/><D34/><U46/><E46/><V76/><F12/><W102/><G25/><N who="0" m="16679" /><D115/><U7/><E92/><V29/><F65/><W4/><G63/><T120/><D120/><U127/><E86/><V0/><F59/><W68/><G68/><T95/><D6/><U47/><E47/><V130/><F29/><W109/><G4/><T27/><D49/><U23/><E127/><V85/><F85/><N who="3" m="50351" /><G82/><T40/><D132/><N who="3" m="50793" /><G1/><T44/><D27/><U106/><E106/><V51/><F104/><N who="3" m="63575" /><G2/><T116/><D40/><U124/><E124/><V83/><F83/><W119/><G119/><T11/><D116/><U88/><E53/><V24/><F24/><W74/><G74/><T78/><D62/><N who="1" m="36191" /><E10/><AGARI ba="0,0" hai="10,13,16,108,109" m="63575,50793,50351" machi="10" ten="30,11600,0" yaku="20,1,52,2,54,1" doraHai="122" who="3" fromWho="1" sc="289,0,162,-116,358,0,191,116" /><INIT seed="3,1,0,4,3,99" ten="289,46,358,307" oya="3" hai0="107,129,59,52,116,33,130,114,128,97,35,23,48" hai1="132,16,38,86,39,62,58,135,27,26,103,25,119" hai2="69,45,73,80,88,34,18,47,121,75,31,79,102" hai3="7,13,32,11,77,56,40,54,87,30,71,51,84"/><W6/><G71/><T63/><D116/><U74/><E74/><V41/><F69/><W90/><G32/><T70/><D114/><U1/><E119/><V120/><F73/><W29/><G6/><T17/><D107/><U110/><E1/><V12/><F31/><W126/><G126/><T125/><D125/><U131/><E110/><V65/><F65/><W21/><G84/><T43/><D97/><U95/><E131/><V50/><F34/><W3/><G77/><T111/><D111/><U66/><E86/><V36/><F88/><W106/><G106/><T37/><D37/><U112/><E112/><V122/><F102/><W24/><G40/><T81/><D81/><U89/><E89/><V61/><F61/><W22/><G3/><T64/><REACH who="0" step="1"/><D43/><REACH who="0" ten="279,46,358,307" step="2"/><U8/><E39/><V113/><F113/><W68/><G68/><T118/><D118/><U98/><REACH who="1" step="1"/><E38/><REACH who="1" ten="279,36,358,307" step="2"/><V134/><F36/><W0/><G0/><T96/><D96/><U83/><E83/><V9/><F121/><W133/><G133/><T14/><AGARI ba="1,2" hai="14,17,23,33,35,48,52,59,63,64,70,128,129,130" machi="14" ten="30,12000,2" yaku="1,1,0,1,19,1,54,1,53,3" doraHai="99" doraHaiUra="127" who="0" fromWho="0" sc="279,143,36,-31,358,-31,307,-61" /><INIT seed="4,0,0,5,4,30" ten="422,5,327,246" oya="0" hai0="32,53,26,33,75,17,25,107,116,85,14,37,103" hai1="114,133,89,12,122,18,19,29,77,38,112,57,70" hai2="0,121,76,79,46,44,7,66,109,56,16,94,86" hai3="4,36,128,21,13,11,64,80,92,134,41,65,59"/><T31/><D75/><U49/><E38/><V69/><F109/><W35/><G128/><T105/><D116/><U43/><E70/><V15/><F121/><W132/><G35/><T27/><D37/><U42/><E122/><V6/><F69/><W135/><G92/><T87/><D53/><N who="1" m="31919" /><E77/><N who="2" m="29771" /><F0/><W28/><G80/><T1/><D1/><U50/><E29/><V84/><F7/><W61/><G36/><T127/><D127/><U101/><E101/><V60/><F6/><W54/><REACH who="3" step="1"/><G41/><REACH who="3" ten="422,5,327,236" step="2"/><T118/><D33/><U90/><E133/><V115/><F94/><W96/><G96/><T102/><D32/><U111/><E111/><V104/><F104/><W63/><G63/><T88/><D107/><U100/><E100/><V125/><F125/><W91/><G91/><N who="1" m="34826" /><E43/><V108/><F108/><W99/><G99/><T123/><D105/><U51/><E42/><V110/><F115/><N who="1" m="44073" /><E19/><V130/><F110/><W55/><G55/><T120/><D103/><U98/><E98/><V9/><F130/><W78/><G78/><T117/><D102/><U58/><E58/><V67/><F67/><W68/><G68/><T113/><D123/><U3/><E3/><V81/><F81/><W48/><G48/><T71/><D120/><U124/><E124/><V52/><F66/><W126/><G126/><T83/><D71/><U97/><E97/><V24/><F46/><W74/><G74/><T95/><D113/><U20/><AGARI ba="0,1" hai="12,18,20,50,51" m="44073,34826,31919" machi="20" ten="30,2000,0" yaku="15,1,11,1" doraHai="30" who="1" fromWho="1" sc="422,-10,5,30,327,-5,236,-5" /><INIT seed="5,0,0,0,3,50" ten="412,35,322,231" oya="1" hai0="108,34,37,111,70,16,4,99,5,86,28,127,36" hai1="96,128,47,24,132,69,109,41,59,56,15,66,115" hai2="134,0,93,98,114,8,79,107,51,49,68,92,73" hai3="25,18,39,63,21,88,95,76,105,75,81,11,80"/><U85/><E115/><V103/><F68/><W48/><G39/><T104/><D86/><U94/><E132/><V112/><F134/><W10/><G105/><T84/><D84/><U7/><E128/><V6/><F73/><W46/><G81/><T83/><D83/><U129/><E129/><V60/><F60/><W58/><G48/><N who="2" m="18505" /><F79/><W117/><G46/><T78/><D70/><U65/><E109/><V23/><F23/><W77/><G77/><T110/><D78/><U52/><E69/><V53/><F53/><N who="3" m="34255" /><G117/><T32/><D37/><U116/><E116/><V89/><F89/><W113/><G113/><AGARI ba="0,0" hai="0,6,8,92,93,98,103,107,112,113,114" m="18505" machi="113" ten="30,2000,0" yaku="15,1,11,1" doraHai="50" who="2" fromWho="3" sc="412,0,35,0,322,20,231,-20" /><INIT seed="6,0,0,1,4,25" ten="412,35,342,211" oya="2" hai0="116,69,82,114,45,77,4,53,33,81,8,22,26" hai1="74,15,70,27,121,103,110,67,62,16,20,115,94" hai2="76,29,96,89,72,31,10,134,68,63,125,38,61" hai3="93,85,113,101,39,90,35,119,6,24,109,120,58"/><V51/><F38/><W133/><G120/><T117/><D69/><U57/><E115/><V19/><F72/><W12/><G109/><T97/><D33/><U71/><E121/><V108/><F108/><W99/><G39/><T23/><D114/><U66/><E110/><V40/><F76/><W56/><G119/><N who="0" m="45643" /><D97/><U3/><E3/><V91/><F125/><W60/><G133/><T111/><D111/><U0/><E0/><V64/><F134/><W52/><G113/><T88/><D88/><N who="2" m="33866" /><F68/><W98/><G58/><T34/><D34/><U124/><E124/><V79/><F79/><W1/><G1/><N who="0" m="15" /><D26/><U123/><E74/><V48/><F96/><W7/><G12/><T126/><D126/><U36/><E36/><V73/><F73/><W13/><G13/><T118/><D118/><U47/><E123/><V95/><F95/><W87/><G99/><T105/><D105/><U50/><E67/><V32/><F32/><W135/><G87/><N who="0" m="48559" /><D82/><U41/><E103/><V65/><F19/><W42/><G135/><T43/><D53/><U130/><E130/><V59/><F10/><W5/><G42/><T84/><D84/><U75/><E75/><V102/><F102/><W131/><G131/><T86/><D86/><U80/><E80/><V107/><F107/><W9/><G9/><T28/><D22/><U127/><E127/><V104/><F104/><N who="3" m="63543" /><G35/><T14/><D23/><U18/><REACH who="1" step="1"/><E94/><REACH who="1" ten="412,25,342,211" step="2"/><V83/><F83/><W92/><G93/><T17/><D14/><U106/><E106/><V11/><F65/><W54/><G92/><T78/><D78/><U55/><E55/><RYUUKYOKU ba="0,1" sc="412,-10,25,30,342,-10,211,-10" hai1="15,16,18,20,27,41,47,50,57,62,66,70,71" /><INIT seed="7,1,1,1,3,9" ten="402,55,332,201" oya="3" hai0="125,23,99,60,111,67,31,4,77,1,27,30,96" hai1="75,3,116,83,92,94,7,36,90,93,45,35,57" hai2="38,134,110,91,132,14,55,59,80,40,109,107,37" hai3="108,95,58,28,127,26,41,74,100,72,124,81,34"/><W101/><G108/><N who="2" m="41577" /><F14/><W88/><G41/><T16/><D111/><U120/><E120/><V68/><F91/><W118/><G118/><T86/><D125/><N who="3" m="48201" /><G58/><N who="0" m="37271" /><D1/><U98/><E35/><V13/><F13/><W48/><G48/><T105/><D105/><U32/><E32/><V19/><F19/><W130/><G130/><T114/><D114/><U18/><E116/><V2/><F80/><W79/><G74/><T103/><D4/><U8/><E57/><V62/><F2/><W11/><G11/><T21/><D103/><U82/><E82/><V131/><F107/><W53/><G53/><T78/><D86/><AGARI ba="1,1" hai="26,28,34,72,79,81,86,88,95,100,101" m="48201" machi="86" ten="30,2900,0" yaku="18,1,54,1" doraHai="9" who="3" fromWho="0" sc="402,-32,55,0,332,0,201,42" /><INIT seed="7,2,0,0,3,125" ten="370,55,332,243" oya="3" hai0="114,91,73,107,77,84,49,56,53,116,58,105,90" hai1="2,111,0,34,36,45,48,132,121,21,60,6,119" hai2="52,63,30,135,10,12,110,61,100,98,134,8,46" hai3="99,106,20,27,71,65,86,78,124,68,85,14,66"/><W133/><G124/><T67/><D116/><U17/><E60/><V11/><F110/><W18/><G133/><N who="2" m="50697" /><F30/><W16/><G106/><T59/><D73/><U19/><E48/><N who="2" m="28695" /><F12/><W127/><G127/><T131/><D107/><AGARI ba="2,0" hai="8,10,11,61,63,98,100,107" m="28695,50697" machi="107" ten="30,2000,0" yaku="20,1,54,1" doraHai="125" who="2" fromWho="0" sc="370,-26,55,0,332,26,243,0" owari="344,14.4,55,-44.5,358,45.8,243,-15.7" /></mjloggm>