<mjloggm ver="2.3"><GO type="169" lobby="0"/><UN n0="%E3%81%8B%E3%81%8F%E3%82%8D%E3%82%80" n1="%E3%81%BE%E3%81%88%E3%81%9F" n2="%41%72%69%61" n3="%70%6F%6E%2D%65%6E" dan="18,17,16,16" rate="2239.93,2208.02,2147.96,2118.83" sx="M,F,F,F"/><TAIKYOKU oya="0"/><INIT seed="0,0,0,2,5,13" ten="250,250,250,250" oya="0" hai0="85,51,112,12,126,109,29,67,97,113,94,91,7" hai1="1,114,14,82,26,52,38,56,63,22,32,86,50" hai2="84,120,116,72,79,127,115,42,55,19,58,103,118" hai3="134,21,78,117,131,44,34,80,95,8,108,66,35"/><T28/><D126/><U83/><E38/><V124/><F115/><W17/><G117/><N who="2" m="45161" /><F72/><W24/><G131/><T99/><D109/><U81/><E1/><V74/><F74/><W46/><G134/><T98/><D67/><U111/><E111/><V105/><F42/><W43/><G108/><T68/><D68/><U125/><E125/><N who="2" m="48203" /><F105/><W23/><G66/><T88/><D91/><U75/><E75/><V87/><F103/><W37/><G8/><N who="0" m="4127" /><D113/><U6/><E32/><V123/><F79/><W5/><G46/><T73/><D73/><U106/><E106/><V40/><F40/><W96/><G5/><T100/><D100/><U39/><E39/><V69/><F69/><W119/><G119/><T57/><D112/><U30/><E114/><V60/><F19/><W33/><G80/><T15/><D28/><U20/><E6/><V71/><F71/><W9/><G78/><T135/><D29/><U129/><E82/><V27/><F27/><W92/><G92/><N who="0" m="54287" /><D15/><U64/><E14/><V122/><AGARI ba="0,0" hai="55,58,60,84,87,120,122,123" m="48203,45161" machi="122" ten="40,2700,0" yaku="12,1,18,1" doraHai="13" who="2" fromWho="2" sc="250,-13,250,-7,250,27,250,-7" /><INIT seed="1,0,0,5,5,24" ten="237,243,277,243" oya="1" hai0="19,49,56,79,81,67,84,8,111,10,51,54,30" hai1="96,18,11,53,91,86,83,102,31,36,94,38,77" hai2="107,64,52,124,68,101,60,85,80,22,106,76,44" hai3="23,3,72,35,123,114,20,74,110,132,59,103,125"/><U109/><E109/><V21/><F124/><W73/><G59/><T6/><D111/><U45/><E31/><V39/><F101/><W99/><G23/><T25/><D67/><U27/><E27/><V63/><F39/><W92/><G20/><T0/><D10/><U134/><E134/><V115/><F115/><W32/><G3/><T78/><D19/><U133/><E133/><V5/><F5/><W61/><G61/><T1/><D79/><U58/><E77/><V104/><REACH who="2" step="1"/><F63/><REACH who="2" ten="237,243,267,243" step="2"/><W50/><G103/><T47/><D51/><AGARI ba="0,1" hai="21,22,44,51,52,60,64,68,76,80,85,104,106,107" machi="51" ten="40,5200,0" yaku="1,1,2,1,54,1,53,0" doraHai="24" doraHaiUra="4" who="2" fromWho="0" sc="237,-52,243,0,267,62,243,0" /><INIT seed="2,0,0,5,0,109" ten="185,243,329,243" oya="2" hai0="6,134,125,52,1,114,88,20,70,61,90,100,87" hai1="40,117,28,39,82,68,94,83,45,126,73,104,21" hai2="79,37,17,60,46,24,74,135,42,41,92,105,132" hai3="30,27,2,53,19,121,110,23,69,34,64,76,59"/><V57/><F105/><W115/><G110/><T133/><D70/><U33/><E94/><V31/><F74/><W122/><G2/><T32/><D32/><U26/><E117/><V97/><F79/><W54/><G76/><T3/><D100/><U38/><E21/><V99/><F42/><W131/><G131/><T93/><D125/><U14/><E14/><V91/><F99/><W51/><G115/><T123/><D123/><U96/><E126/><V25/><F17/><W129/><G129/><T16/><D6/><U35/><E82/><V12/><F12/><W119/><G119/><T9/><D90/><U106/><E83/><V107/><F107/><W118/><G118/><T55/><D114/><U47/><E73/><V111/><F111/><W78/><G78/><T7/><D61/><U128/><E128/><V113/><F113/><W10/><G10/><T56/><D56/><U108/><E108/><V48/><F37/><W43/><G43/><T8/><D8/><U29/><E68/><V103/><F91/><W72/><G72/><T44/><D44/><U86/><E86/><V127/><F127/><W36/><G36/><T77/><D77/><U84/><E84/><V95/><F95/><W80/><G80/><T13/><D1/><U85/><E85/><V15/><F15/><N who="3" m="9727" /><G54/><T67/><D67/><U116/><E116/><V120/><F120/><N who="3" m="46187" /><G64/><T58/><D58/><U101/><E106/><V0/><F0/><W124/><G69/><T130/><D130/><U50/><E45/><V4/><F4/><W62/><G124/><T75/><D75/><U98/><E98/><RYUUKYOKU ba="0,0" sc="185,10,243,10,329,-30,243,10" hai0="3,7,9,13,16,20,52,55,87,88,93,133,134" hai1="26,28,29,33,35,38,39,40,47,50,96,101,104" hai3="27,30,34,51,53,59,62" /><INIT seed="3,1,0,0,1,72" ten="195,253,299,253" oya="3" hai0="25,61,28,112,123,50,84,115,128,106,79,58,88" hai1="45,70,7,69,80,40,93,99,81,14,116,27,34" hai2="19,66,83,39,51,101,0,30,105,13,126,75,85" hai3="42,120,87,97,35,96,5,132,32,90,135,1,11"/><W10/><G120/><T43/><D123/><U46/><E116/><V122/><F39/><W37/><G37/><T113/><D128/><U100/><E69/><V48/><F0/><W23/><G23/><T12/><D106/><U125/><E70/><V9/><F122/><W16/><G42/><T55/><D12/><U121/><E125/><V54/><F126/><W102/><G16/><T131/><D131/><U52/><E34/><V109/><F109/><W60/><G60/><T110/><D110/><U127/><E27/><V20/><F75/><W117/><G10/><T38/><D38/><U71/><E71/><V76/><F66/><W89/><G117/><T94/><D79/><U91/><E121/><V56/><F105/><W6/><G6/><T21/><REACH who="0" step="1"/><D43/><REACH who="0" ten="185,253,299,253" step="2"/><U22/><E40/><V95/><F9/><W59/><G11/><T130/><D130/><U31/><E14/><V49/><REACH who="2" step="1"/><F30/><REACH who="2" ten="185,253,289,253" step="2"/><W63/><G1/><T47/><D47/><U3/><E45/><V111/><F111/><W119/><G119/><T77/><D77/><U4/><E46/><V29/><F29/><W114/><G132/><T107/><D107/><U15/><E31/><V103/><F103/><W67/><G102/><T92/><D92/><U133/><E100/><V8/><F8/><W65/><G135/><T82/><D82/><U78/><E81/><V41/><F41/><W98/><G5/><T118/><D118/><U108/><E4/><V74/><F74/><W2/><G2/><T33/><D33/><U73/><E7/><V86/><F86/><W68/><G87/><T104/><D104/><RYUUKYOKU ba="1,2" sc="185,15,253,-15,289,15,253,-15" hai0="21,25,28,50,55,58,61,84,88,94,112,113,115" hai2="13,19,20,48,49,51,54,56,76,83,85,95,101" /><INIT seed="4,2,2,3,1,59" ten="200,238,304,238" oya="0" hai0="102,104,85,129,120,32,118,95,54,126,16,115,111" hai1="123,46,122,93,127,83,100,50,58,19,66,82,128" hai2="125,76,55,42,26,47,105,23,20,70,109,13,43" hai3="27,17,9,88,78,35,15,39,7,49,101,117,3"/><T107/><D16/><U103/><E127/><V96/><F125/><W135/><G39/><T6/><D6/><U53/><E128/><V64/><F76/><W132/><G117/><T51/><D51/><U60/><E123/><V91/><F109/><W30/><G101/><N who="1" m="38986" /><E122/><V75/><F75/><W44/><G78/><T41/><D41/><U24/><E93/><N who="2" m="56383" /><F70/><W114/><G114/><T124/><D54/><U65/><E66/><V56/><F105/><N who="0" m="40522" /><D32/><U113/><E113/><V92/><F92/><W33/><G33/><T2/><D2/><U112/><E112/><V45/><F64/><W63/><G63/><T31/><D120/><U52/><E65/><V69/><F69/><W25/><G25/><T36/><D36/><U94/><E94/><V130/><F130/><W121/><G121/><T86/><D115/><U71/><E71/><V5/><F43/><W98/><G98/><N who="0" m="59743" /><D31/><U74/><E74/><V11/><F42/><W57/><G57/><T106/><D129/><U131/><E131/><V21/><F26/><W73/><G49/><AGARI ba="2,2" hai="5,11,13,20,21,23,45,47,49,55,56" m="56383" machi="49" ten="30,1000,0" yaku="8,1" doraHai="59" who="2" fromWho="3" sc="200,0,238,0,304,36,238,-16" /><INIT seed="5,0,0,4,4,93" ten="200,238,340,222" oya="1" hai0="60,88,25,76,4,0,71,115,16,106,58,21,84" hai1="101,124,122,6,113,103,17,52,107,133,89,8,131" hai2="126,7,116,79,50,45,111,62,109,59,38,32,9" hai3="92,15,54,29,90,51,46,44,48,118,26,61,3"/><U75/><E113/><V65/><F32/><W114/><G3/><T104/><D115/><U105/><E75/><V68/><F116/><W74/><G74/><T22/><D71/><U99/><E122/><V95/><F79/><W135/><G114/><T69/><D69/><U31/><E133/><V94/><F94/><W47/><G135/><T30/><D76/><U121/><E121/><V120/><F120/><W78/><G78/><T125/><D125/><U10/><E31/><V86/><F126/><W49/><G118/><T80/><D4/><U123/><E123/><V81/><F81/><W87/><G15/><T132/><D0/><U57/><E131/><V53/><F86/><W39/><G39/><T33/><D33/><U64/><E64/><V67/><F95/><W117/><G117/><T66/><REACH who="0" step="1"/><D132/><REACH who="0" ten="190,238,340,222" step="2"/><U13/><E124/><V12/><F68/><W40/><G40/><T56/><D56/><U1/><E89/><V108/><F38/><W112/><G112/><T11/><D11/><U19/><E8/><V43/><AGARI ba="0,1" hai="7,9,12,43,45,50,53,59,62,65,67,108,109,111" machi="43" ten="30,1100,0" yaku="0,1" doraHai="93" who="2" fromWho="2" sc="190,-3,238,-5,340,21,222,-3" /><INIT seed="6,0,0,5,5,82" ten="187,233,361,219" oya="2" hai0="132,53,4,11,130,10,103,64,91,27,17,70,81" hai1="75,56,116,115,8,44,69,114,84,134,12,1,14" hai2="15,51,58,124,20,92,80,23,39,135,32,126,21" hai3="55,97,117,50,26,131,63,18,101,59,129,79,90"/><V2/><F32/><W78/><G90/><T102/><D130/><N who="3" m="49673" /><G117/><T5/><D132/><U30/><E75/><V42/><F2/><W33/><G18/><T57/><D70/><U86/><E69/><V96/><F39/><W121/><G121/><T46/><D46/><U99/><E134/><V72/><F135/><W120/><G120/><T112/><D64/><U107/><E44/><V28/><F28/><N who="3" m="19607" /><G63/><N who="0" m="36271" /><D112/><U47/><E116/><V60/><F15/><W3/><G3/><T76/><D91/><U111/><E14/><V122/><F122/><W71/><G71/><T9/><D27/><U66/><E12/><V110/><F110/><W125/><G125/><T106/><D106/><AGARI ba="0,0" hai="50,55,59,78,79,97,101,106" m="19607,49673" machi="106" ten="30,1000,0" yaku="19,1" doraHai="82" who="3" fromWho="0" sc="187,-10,233,0,361,0,219,10" /><INIT seed="7,0,0,0,5,6" ten="177,233,361,229" oya="3" hai0="81,102,134,57,25,89,2,47,105,53,18,126,37" hai1="5,72,93,107,26,80,62,16,4,88,96,0,45" hai2="15,43,92,84,51,112,59,35,73,77,58,48,1" hai3="100,122,66,24,39,31,67,32,109,94,21,20,106"/><W87/><G87/><T64/><D126/><U49/><E62/><V104/><F1/><W74/><G94/><T11/><D134/><U9/><E107/><V98/><F35/><W76/><G20/><T71/><D2/><U46/><E4/><V34/><F34/><W8/><G21/><T17/><D64/><U85/><E72/><V7/><F73/><W41/><G41/><T60/><D71/><U22/><REACH who="1" step="1"/><E49/><REACH who="1" ten="177,223,361,229" step="2"/><V54/><F51/><W40/><G74/><T82/><D37/><U103/><AGARI ba="0,1" hai="0,5,9,16,22,26,45,46,80,85,88,93,96,103" machi="103" ten="20,12000,2" yaku="1,1,2,1,0,1,7,1,52,1,54,2,53,0" doraHai="6" doraHaiUra="27" who="1" fromWho="1" sc="177,-30,223,130,361,-30,229,-60" owari="147,-35.3,353,45.3,331,13.1,169,-23.1" /></mjloggm>