<mjloggm ver="2.3"><GO type="169" lobby="0"/><UN n0="%68%61%79%61%74%6F%E2%98%86" n1="%73%6F%72%75%6B%61%6E%6F" n2="%E3%82%BC%E3%83%B3%E3%83%84%E3%83%9E%E3%82%B7%E3%83%BC%E3%83%B3" n3="%E3%81%99%E3%81%91%E3%81%B4%E3%82%87%E3%82%93" dan="16,16,16,16" rate="2044.89,2143.41,2154.07,2104.29" sx="M,M,M,M"/><TAIKYOKU oya="0"/><INIT seed="0,0,0,5,1,91" ten="250,250,250,250" oya="0" hai0="124,56,3,129,98,135,76,49,1,123,16,102,80" hai1="62,81,14,31,2,133,37,79,117,86,71,63,21" hai2="108,26,20,45,97,39,38,88,42,18,103,114,66" hai3="61,134,112,64,0,72,65,90,12,122,53,24,106"/><T109/><D123/><U75/><E117/><V4/><F114/><W54/><G0/><T121/><D121/><U125/><E2/><V92/><F108/><W10/><G72/><T107/><D129/><U69/><E37/><V93/><F4/><W127/><G106/><T8/><D124/><U6/><E125/><V34/><F66/><W130/><G122/><T9/><D109/><U7/><E133/><V70/><F70/><W17/><G112/><T48/><D135/><U58/><E75/><V27/><F39/><W105/><G105/><T119/><D119/><U74/><E74/><V59/><F59/><W101/><G101/><T13/><D56/><U29/><E14/><V22/><F34/><W46/><G130/><T84/><REACH who="0" step="1"/><D1/><REACH who="0" ten="240,250,250,250" step="2"/><U19/><E58/><V44/><F38/><W96/><G127/><T60/><D60/><U115/><E62/><V23/><F42/><W15/><G134/><T35/><D35/><U110/><E63/><V68/><F68/><W118/><G118/><T85/><D85/><U120/><E86/><N who="2" m="52247" /><F23/><W111/><G111/><T131/><D131/><U77/><E21/><V40/><F40/><W32/><G32/><T67/><D67/><U50/><E71/><V116/><F116/><W89/><G64/><T36/><D36/><U5/><E69/><V113/><F113/><W55/><G65/><T100/><D100/><U28/><E115/><V95/><F95/><W104/><G61/><T30/><D30/><AGARI ba="0,1" hai="18,20,22,26,27,30,44,45,93,97,103" m="52247" machi="30" ten="30,7700,0" yaku="8,1,52,2,54,1" doraHai="91" who="2" fromWho="0" sc="240,-77,250,0,250,87,250,0" /><INIT seed="1,0,0,0,2,97" ten="163,250,337,250" oya="1" hai0="50,80,26,124,95,116,77,5,132,1,127,16,111" hai1="24,39,57,93,86,62,36,46,30,130,112,34,107" hai2="44,81,19,119,100,79,128,22,60,106,84,96,28" hai3="115,71,88,123,40,25,13,38,0,45,42,12,7"/><U51/><E107/><V101/><F119/><W58/><G71/><T69/><D116/><U78/><E130/><V76/><F128/><W109/><G115/><T90/><D69/><U87/><E112/><V73/><F28/><W91/><G123/><T131/><D131/><U59/><E59/><V102/><F60/><W54/><G109/><T68/><D68/><U20/><E34/><V105/><F105/><W125/><G125/><T56/><D111/><U29/><E29/><V11/><F11/><W14/><G25/><T52/><D132/><U9/><E9/><V4/><F4/><W83/><G40/><T74/><D5/><U48/><E39/><V41/><F79/><W121/><G121/><T49/><D49/><U31/><E31/><V92/><F106/><W75/><G0/><T134/><D1/><U8/><E8/><V72/><F72/><W37/><G7/><T21/><REACH who="0" step="1"/><D134/><REACH who="0" ten="153,250,337,250" step="2"/><U133/><E51/><N who="2" m="27023" /><F73/><W3/><G3/><T108/><D108/><U94/><E133/><V135/><F135/><W43/><G38/><T104/><D104/><U18/><E36/><V55/><F55/><W89/><G37/><T15/><D15/><AGARI ba="0,1" hai="15,19,22,76,81,84,92,96,100,101,102" m="27023" machi="15" ten="30,7700,0" yaku="8,1,52,3" doraHai="97" who="2" fromWho="0" sc="153,-77,250,0,337,87,250,0" /><INIT seed="2,0,0,3,1,26" ten="76,250,424,250" oya="2" hai0="13,92,134,60,48,63,3,118,27,84,124,23,57" hai1="37,53,44,9,111,61,73,83,59,54,74,110,67" hai2="46,88,99,119,34,52,98,47,125,22,91,102,131" hai3="87,31,38,94,72,7,15,69,90,75,29,36,129"/><V24/><F119/><W127/><G69/><T112/><D3/><U11/><E37/><V28/><F131/><W122/><G122/><T121/><D112/><U56/><E83/><V133/><F133/><W5/><G129/><T1/><D1/><U78/><E78/><V89/><F125/><W39/><G127/><T114/><D114/><U18/><E44/><V62/><F34/><W64/><G64/><T109/><D121/><U104/><E104/><V108/><F108/><W93/><G15/><T66/><D109/><U35/><E35/><V17/><F17/><W55/><G55/><T68/><D134/><U4/><E18/><V120/><F120/><W8/><G8/><T43/><D124/><U103/><E103/><V71/><F71/><W76/><G76/><T123/><D123/><U16/><E16/><V85/><F85/><W115/><G115/><T130/><D13/><U95/><E95/><N who="3" m="36362" /><G90/><T41/><D130/><U30/><E67/><V107/><REACH who="2" step="1"/><F98/><REACH who="2" ten="76,250,414,250" step="2"/><W79/><G87/><T50/><D118/><U42/><E111/><V82/><F82/><W81/><G81/><T0/><D84/><U10/><E110/><V6/><F6/><N who="3" m="2059" /><G79/><T33/><D33/><U45/><E4/><V105/><F105/><W106/><G106/><T126/><D126/><U101/><E74/><AGARI ba="0,1" hai="29,31,36,38,39,72,74,75" m="2059,36362" machi="74" ten="40,8000,1" yaku="28,2,52,2" doraHai="26" who="3" fromWho="1" sc="76,0,250,-80,414,0,250,90" /><INIT seed="3,0,0,0,5,84" ten="76,170,414,340" oya="3" hai0="64,79,12,42,96,19,66,52,38,128,15,45,124" hai1="16,9,104,120,91,56,130,100,34,23,14,35,8" hai2="95,61,63,10,87,106,65,46,117,70,24,67,125" hai3="83,78,76,54,112,99,33,73,75,85,43,62,115"/><W13/><G33/><T29/><D128/><U94/><E120/><V88/><F117/><W30/><G30/><T118/><D118/><U111/><E130/><V21/><F125/><W32/><G32/><T131/><D131/><U114/><E114/><V68/><F106/><W108/><G43/><T40/><D124/><U77/><E111/><V37/><F10/><W89/><G13/><T7/><D79/><N who="3" m="30249" /><G54/><T81/><D29/><U127/><E77/><V5/><F5/><W39/><G62/><T50/><D38/><U121/><E121/><V57/><F37/><W36/><G36/><T26/><D81/><U6/><E9/><V71/><REACH who="2" step="1"/><F46/><REACH who="2" ten="76,170,404,340" step="2"/><W48/><G39/><T113/><D113/><N who="3" m="43593" /><G108/><T98/><D7/><U60/><E127/><V58/><F58/><W44/><G44/><T116/><D116/><U74/><E8/><V126/><F126/><W105/><G48/><T22/><D40/><U103/><E56/><V0/><F0/><W109/><G109/><T80/><D42/><U101/><E6/><V41/><F41/><W133/><G133/><T82/><D64/><U2/><E2/><V132/><F132/><W86/><G105/><T72/><D66/><U31/><E104/><V135/><F135/><W47/><G47/><T49/><D45/><U53/><E53/><V122/><F122/><W119/><G119/><T25/><D52/><U55/><E55/><V123/><F123/><W1/><G1/><T28/><D50/><U20/><E60/><V3/><F3/><W90/><G75/><T110/><D49/><U134/><E134/><V59/><F59/><RYUUKYOKU ba="0,1" sc="76,-10,170,-10,404,30,340,-10" hai2="21,24,57,61,63,65,67,68,70,71,87,88,95" /><INIT seed="4,1,1,1,3,114" ten="66,160,434,330" oya="0" hai0="9,128,52,73,22,34,134,71,8,105,66,24,108" hai1="27,13,32,119,38,61,120,10,133,96,63,92,64" hai2="131,129,106,26,39,130,127,117,43,111,40,132,88" hai3="121,5,37,17,30,125,107,84,50,97,7,29,76"/><T58/><D73/><U53/><E120/><V101/><F111/><W11/><G37/><T59/><D105/><U124/><E38/><V6/><F127/><W35/><G125/><T93/><D34/><U100/><E133/><V122/><F122/><W104/><G121/><T123/><D123/><U46/><E124/><V126/><F132/><W67/><G67/><T109/><D134/><U72/><E72/><V16/><F126/><W91/><G76/><T118/><D118/><U115/><E115/><V65/><F6/><W48/><G17/><N who="0" m="12367" /><D71/><U44/><E119/><V49/><F39/><W12/><G7/><T4/><D128/><U89/><E27/><V42/><F117/><W51/><G35/><T70/><D70/><U45/><E32/><V47/><F65/><W68/><G68/><T95/><D59/><U103/><E53/><V94/><F101/><N who="1" m="38985" /><E64/><V81/><F81/><W74/><G74/><T19/><D19/><AGARI ba="1,1" hai="10,13,19,44,45,46,61,63,89,92,96" m="38985" machi="19" ten="30,1000,0" yaku="8,1" doraHai="114" who="1" fromWho="0" sc="66,-13,160,23,434,0,330,0" /><INIT seed="5,0,0,5,2,57" ten="53,183,434,330" oya="1" hai0="28,104,14,77,51,106,63,21,26,71,105,129,3" hai1="100,75,85,117,6,0,82,20,84,134,65,62,120" hai2="125,86,13,88,29,47,111,96,37,89,73,107,50" hai3="95,54,59,39,53,32,116,67,70,72,56,98,4"/><U115/><E120/><V40/><F111/><W1/><G72/><T135/><D3/><U113/><E117/><V123/><F123/><W119/><G32/><T45/><D129/><U42/><E100/><V69/><F73/><W99/><G39/><T23/><D77/><U74/><E134/><V133/><F69/><W78/><G78/><T11/><D135/><U83/><E42/><V16/><F125/><W91/><G99/><T101/><D23/><U30/><E6/><V79/><F133/><W128/><G128/><T93/><D93/><U25/><E0/><V122/><F122/><W33/><G33/><T109/><D109/><U131/><E131/><V34/><F79/><W10/><G70/><T103/><D51/><U87/><E75/><V68/><F68/><W97/><G97/><T7/><REACH who="0" step="1"/><D45/><REACH who="0" ten="43,183,434,330" step="2"/><U61/><E74/><V8/><F50/><W58/><G67/><AGARI ba="0,1" hai="7,11,14,21,26,28,63,67,71,101,103,104,105,106" machi="67" ten="40,5200,0" yaku="1,1,2,1,52,1,53,0" doraHai="57" doraHaiUra="121" who="0" fromWho="3" sc="43,62,183,0,434,0,330,-52" /><INIT seed="6,0,0,0,1,37" ten="105,183,434,278" oya="2" hai0="119,7,34,47,40,29,63,111,51,118,114,82,129" hai1="61,110,109,116,121,43,98,58,78,90,108,54,1" hai2="94,96,99,30,127,44,19,75,17,101,50,130,57" hai3="46,15,125,120,67,0,68,52,115,135,6,39,92"/><V23/><F130/><W22/><G120/><T4/><D111/><U122/><E1/><V71/><F71/><W26/><G0/><T14/><D129/><U95/><E116/><V112/><F112/><W133/><G115/><T35/><D114/><U86/><E78/><V69/><F69/><W32/><G125/><T76/><D63/><U3/><E3/><V42/><F75/><W28/><G92/><T79/><D79/><U59/><E59/><V48/><F127/><W132/><G67/><T66/><D66/><U27/><E27/><N who="2" m="16767" /><F96/><W87/><G87/><N who="0" m="48583" /><D4/><U16/><E16/><N who="2" m="6219" /><F50/><N who="3" m="28759" /><G68/><T21/><D21/><U104/><E104/><V134/><F134/><W45/><G32/><N who="0" m="12331" /><D29/><U31/><E31/><V89/><F57/><W124/><G124/><T105/><D105/><U33/><E33/><V107/><F107/><W73/><G73/><T24/><D24/><U84/><E122/><V77/><F77/><W10/><G39/><T65/><D65/><U83/><E121/><V55/><F101/><W9/><G9/><AGARI ba="0,0" hai="7,9,14,40,47,51,118,119" m="12331,48583" machi="9" ten="30,2000,0" yaku="25,1,52,1" doraHai="37" who="0" fromWho="3" sc="105,20,183,0,434,0,278,-20" /><INIT seed="7,0,0,5,5,8" ten="125,183,434,258" oya="3" hai0="81,134,66,111,34,33,31,119,72,23,1,58,104" hai1="32,5,38,74,11,86,22,117,37,13,20,109,29" hai2="16,103,9,67,79,115,122,69,18,78,19,102,121" hai3="132,46,4,91,75,133,63,41,27,70,42,83,87"/><W51/><G75/><T89/><D111/><U127/><E74/><V53/><F115/><W128/><G128/><T116/><D104/><U99/><E109/><V106/><F9/><W62/><G4/><T80/><D1/><U92/><E127/><V3/><F3/><W65/><G27/><T125/><D125/><U39/><E86/><V123/><F53/><W61/><REACH who="3" step="1"/><G42/><REACH who="3" ten="125,183,434,248" step="2"/><T14/><D72/><U131/><E131/><V15/><F123/><W2/><G2/><T60/><D116/><U52/><E5/><V88/><F122/><W93/><G93/><T56/><D119/><U94/><E94/><V6/><F6/><W17/><G17/><T55/><D134/><AGARI ba="0,1" hai="41,46,51,61,62,63,65,70,83,87,91,132,133,134" machi="134" ten="40,3900,0" yaku="1,1,20,1,53,0" doraHai="8" doraHaiUra="68" who="3" fromWho="0" sc="125,-39,183,0,434,0,248,49" /><INIT seed="7,1,0,0,0,64" ten="86,183,434,297" oya="3" hai0="52,51,68,92,62,74,116,57,100,124,84,97,15" hai1="67,25,59,72,133,39,96,24,46,60,27,11,91" hai2="75,21,56,118,20,132,45,55,53,107,61,22,129" hai3="102,89,85,5,127,114,1,31,125,112,82,128,63"/><W106/><G31/><T117/><D74/><U44/><E72/><V134/><F118/><W4/><G63/><T26/><D124/><N who="3" m="47689" /><G1/><T40/><D26/><U101/><E133/><N who="2" m="51307" /><F107/><W79/><G5/><T30/><D30/><U90/><E11/><V130/><F75/><N who="3" m="43391" /><G4/><T76/><D15/><U8/><E8/><V23/><F23/><W120/><G120/><T42/><D42/><U95/><E39/><V16/><F16/><W6/><G6/><T83/><REACH who="0" step="1"/><D40/><REACH who="0" ten="76,183,434,297" step="2"/><U69/><E24/><V81/><F81/><N who="3" m="49327" /><G128/><N who="2" m="49257" /><F45/><W12/><G12/><T135/><D135/><U41/><E41/><V17/><F17/><W94/><G106/><T47/><D47/><U36/><E25/><V108/><F53/><W86/><G86/><T29/><D29/><U109/><E27/><V87/><F55/><W13/><G13/><T113/><D113/><U49/><E46/><V10/><F87/><W48/><G48/><T103/><D103/><U7/><E101/><V9/><F61/><W70/><G102/><T93/><D93/><U54/><E95/><V115/><F56/><W43/><G43/><T35/><D35/><U119/><E59/><V123/><F123/><W32/><G32/><T99/><D99/><U126/><E96/><V38/><F38/><W3/><G94/><T80/><D80/><U58/><E58/><V122/><F122/><W65/><G3/><T110/><D110/><U105/><E109/><V73/><F9/><W2/><G2/><T78/><D78/><U104/><E126/><V71/><F10/><W77/><G77/><T34/><D34/><U66/><E60/><RYUUKYOKU ba="1,1" sc="76,15,183,-15,434,-15,297,15" hai0="51,52,57,62,68,76,83,84,92,97,100,116,117" hai3="65,70,112,114" /><INIT seed="7,2,1,4,0,4" ten="91,168,419,312" oya="3" hai0="50,45,96,55,120,39,51,109,53,52,91,64,129" hai1="24,127,2,33,61,34,123,20,16,32,56,62,122" hai2="119,30,114,57,7,112,87,37,10,48,88,5,76" hai3="54,104,17,49,46,81,22,65,74,90,85,97,60"/><W78/><G104/><T70/><D109/><U101/><E2/><V27/><F37/><W121/><G121/><T14/><D120/><U21/><E127/><V18/><F119/><W47/><G47/><T116/><D116/><U28/><E101/><V131/><F76/><W95/><G74/><T102/><D91/><U80/><E80/><V3/><F7/><W130/><G130/><T72/><D72/><U94/><E94/><V89/><F131/><W110/><G110/><T11/><D129/><U1/><E1/><V8/><F48/><W100/><G100/><T132/><D132/><U77/><E77/><V93/><F57/><W82/><G82/><T118/><D118/><U134/><E62/><V29/><F89/><W66/><REACH who="3" step="1"/><G60/><REACH who="3" ten="91,168,419,302" step="2"/><T63/><D39/><U13/><E61/><V117/><F117/><W86/><G86/><T58/><D50/><U84/><E84/><V42/><F87/><W111/><G111/><T128/><D128/><U68/><E123/><V92/><F92/><W67/><G67/><T113/><D113/><U6/><E122/><V75/><F93/><W43/><G43/><T31/><D45/><U25/><E134/><V98/><F75/><W79/><G79/><T108/><D108/><U41/><E41/><V40/><F42/><W115/><G115/><T23/><D102/><U9/><E34/><V99/><F40/><W69/><G69/><T135/><D135/><U26/><E33/><V36/><F114/><W44/><G44/><T19/><D96/><U0/><E32/><V71/><F99/><W106/><G106/><T133/><D133/><RYUUKYOKU ba="2,2" sc="91,15,168,-15,419,-15,302,15" hai0="11,14,19,23,31,51,52,53,55,58,63,64,70" hai3="17,22,46,49,54,65,66,78,81,85,90,95,97" /><INIT seed="7,3,2,4,1,2" ten="106,153,404,317" oya="3" hai0="47,123,11,39,72,80,67,61,68,33,133,7,64" hai1="126,74,124,59,134,46,50,104,119,15,101,99,113" hai2="117,115,109,63,108,31,38,85,94,79,75,100,132" hai3="43,71,42,84,66,114,52,8,30,69,10,98,128"/><W55/><G128/><T90/><D123/><U96/><E113/><V48/><F117/><W44/><G114/><T135/><D64/><U27/><E119/><V86/><F38/><W125/><G125/><N who="1" m="48234" /><E74/><V17/><F115/><W29/><G66/><T20/><D33/><U12/><E134/><N who="0" m="51209" /><D20/><U107/><E59/><V118/><F118/><W116/><G116/><T49/><D39/><U120/><E120/><V36/><F36/><W35/><G35/><T24/><D24/><U77/><E77/><V93/><F132/><W45/><REACH who="3" step="1"/><G84/><REACH who="3" ten="106,153,404,307" step="2"/><N who="0" m="50439" /><D72/><U87/><E87/><V54/><F86/><W78/><G78/><T89/><D89/><U1/><E99/><AGARI ba="3,3" hai="8,10,29,30,42,43,44,45,52,55,69,71,98,99" machi="99" ten="25,9600,0" yaku="1,1,22,2,54,1,53,0" doraHai="2" doraHaiUra="56" who="3" fromWho="1" sc="106,0,153,-105,404,0,307,135" owari="106,-29.4,48,-45.2,404,20.4,442,54.2" /></mjloggm>