<mjloggm ver="2.3"><GO type="169" lobby="0"/><UN n0="%5B%5B%79%75%79%75%5D%5D" n1="%E6%99%82%E8%A8%88%E5%9D%82%E9%9B%B6" n2="%73%61%69%63%68%61%6E%7A" n3="%E5%B2%A9%E4%B8%8A%E9%80%9A%E3%82%8A" dan="16,16,17,16" rate="2122.83,2155.52,2143.06,2130.78" sx="M,M,M,M"/><TAIKYOKU oya="0"/><INIT seed="0,0,0,2,5,114" ten="250,250,250,250" oya="0" hai0="55,111,50,3,89,125,23,87,64,122,32,74,61" hai1="62,113,1,34,7,131,29,5,47,44,63,24,67" hai2="105,41,81,124,107,26,135,73,104,130,49,71,37" hai3="40,22,72,118,65,56,82,98,35,110,59,45,43"/><T14/><D32/><U95/><E131/><V126/><F49/><W27/><G110/><T60/><D3/><U99/><E113/><V78/><F26/><W116/><G35/><T79/><D122/><U57/><E1/><V127/><F71/><W28/><G43/><T86/><D74/><U52/><E47/><V42/><F42/><W120/><G120/><T51/><D125/><U103/><REACH who="1" step="1"/><E44/><REACH who="1" ten="250,240,250,250" step="2"/><N who="2" m="23599" /><F135/><W30/><G30/><T134/><D134/><U38/><E38/><V36/><F36/><W53/><G40/><T102/><D111/><U100/><E100/><V92/><F130/><W70/><G45/><T77/><D102/><U83/><E83/><V108/><F108/><W16/><G28/><T97/><D64/><U85/><E85/><V112/><F112/><W91/><G72/><T84/><D97/><U48/><E48/><V46/><F46/><W132/><G132/><T115/><D115/><U88/><E88/><V117/><F92/><N who="3" m="56607" /><G82/><T96/><D51/><U20/><E20/><V129/><F129/><W93/><G93/><N who="0" m="56367" /><D77/><U133/><E133/><V2/><F2/><W69/><G65/><T58/><D79/><U12/><E12/><V66/><F66/><W90/><G90/><T80/><D80/><U68/><AGARI ba="0,1" hai="5,7,24,29,34,52,57,62,63,67,68,95,99,103" machi="68" ten="20,5200,0" yaku="1,1,0,1,7,1,54,1,53,0" doraHai="114" doraHaiUra="8" who="1" fromWho="1" sc="250,-26,240,62,250,-13,250,-13" /><INIT seed="1,0,0,1,1,110" ten="224,302,237,237" oya="1" hai0="15,89,41,116,65,6,114,7,122,80,125,3,34" hai1="43,8,132,94,45,121,40,135,37,58,74,118,46" hai2="95,81,77,105,44,79,133,127,17,21,102,87,90" hai3="68,93,56,84,117,24,98,50,112,134,53,48,123"/><U35/><E74/><V4/><F127/><W31/><G68/><T70/><D116/><U67/><E35/><V39/><F133/><N who="1" m="51273" /><E94/><V29/><F29/><W71/><G71/><T69/><D125/><U42/><E8/><V54/><F4/><W120/><G134/><T55/><D70/><U63/><E118/><V101/><F105/><W51/><G117/><T76/><D122/><U119/><E119/><V62/><F39/><W96/><G96/><T75/><D34/><U0/><E0/><V72/><F79/><W2/><G84/><T78/><D3/><U131/><E121/><V1/><F1/><W49/><G2/><T27/><D27/><U113/><E131/><V97/><F72/><W83/><G83/><T66/><D75/><U32/><E32/><V11/><F11/><W38/><G38/><T91/><D15/><U103/><E103/><V26/><REACH who="2" step="1"/><F44/><REACH who="2" ten="224,302,227,237" step="2"/><N who="1" m="17001" /><E37/><V104/><F104/><W23/><G123/><T128/><D128/><U108/><E108/><V85/><F85/><W18/><G120/><T30/><D30/><U22/><E22/><V106/><F106/><W5/><G31/><T115/><D69/><U20/><E20/><V124/><F124/><W16/><G5/><T59/><D80/><U28/><E28/><V61/><F61/><W92/><G18/><T130/><D130/><U60/><E60/><V107/><F107/><W9/><G9/><T13/><D13/><U33/><E33/><V64/><F64/><W126/><G126/><T88/><D7/><U86/><E86/><V36/><F36/><W12/><N who="3" m="12288" /><DORA hai="10" /><W82/><G12/><RYUUKYOKU ba="0,1" sc="224,-15,302,15,227,15,237,-15" hai1="40,42,43,58,63,67,113" hai2="17,21,26,54,62,77,81,87,90,95,97,101,102" /><INIT seed="1,1,1,0,1,86" ten="209,317,242,222" oya="1" hai0="122,6,92,121,70,75,110,54,40,59,16,34,82" hai1="19,113,77,14,26,25,9,29,102,114,7,125,103" hai2="107,69,71,83,42,4,13,73,95,112,66,10,46" hai3="44,131,27,41,61,39,55,62,126,118,24,67,49"/><U31/><E77/><V78/><F112/><N who="1" m="43113" /><E102/><V93/><F107/><W36/><G27/><N who="1" m="10250" /><E103/><V98/><F66/><W76/><G24/><T11/><D34/><U132/><E132/><V119/><F119/><W51/><G76/><T48/><D70/><U85/><E85/><V15/><F15/><W130/><G126/><T128/><D128/><N who="3" m="49193" /><G118/><T5/><D110/><U120/><E120/><N who="0" m="46185" /><D40/><U2/><E125/><V18/><F18/><W17/><G17/><T87/><D92/><U123/><E123/><V30/><F30/><W57/><G62/><T135/><D75/><U12/><E2/><V109/><F109/><W99/><G99/><T43/><D43/><U3/><E3/><V63/><F63/><W89/><G89/><N who="0" m="51447" /><D135/><U115/><N who="1" m="43121" /><U74/><DORA hai="20" /><E74/><V32/><F95/><W133/><G133/><T81/><D81/><U80/><E80/><V45/><F93/><W97/><G97/><T96/><D96/><U90/><E90/><V91/><F98/><W116/><G116/><T21/><D59/><AGARI ba="1,1" hai="36,39,41,44,49,51,55,57,59,61,67" m="49193" machi="59" ten="30,3900,0" yaku="19,1,34,2" doraHai="86,20" who="3" fromWho="0" sc="209,-42,317,0,242,0,222,52" /><INIT seed="2,0,0,5,3,4" ten="167,317,242,274" oya="2" hai0="34,44,88,55,1,50,17,40,80,61,103,56,123" hai1="72,66,99,85,108,43,84,82,89,128,105,65,20" hai2="112,101,41,94,0,118,18,28,115,135,132,92,39" hai3="33,60,126,16,26,32,121,11,129,52,106,6,116"/><V125/><F118/><W45/><G106/><T21/><D34/><U90/><E108/><V49/><F39/><W75/><G116/><T111/><D111/><U35/><E35/><V130/><F28/><W131/><G75/><T87/><D123/><U91/><E128/><N who="3" m="49226" /><G121/><T76/><D1/><U27/><E43/><V134/><F130/><W73/><G73/><T102/><REACH who="0" step="1"/><D76/><REACH who="0" ten="157,317,242,274" step="2"/><U86/><E72/><V79/><F0/><N who="3" m="455" /><G126/><T122/><D122/><U53/><E105/><V7/><F125/><W104/><G104/><T109/><D109/><U119/><E119/><V9/><F79/><W42/><G33/><T51/><D51/><U117/><E117/><V69/><F49/><W12/><G32/><T100/><D100/><U120/><E120/><V78/><F78/><W24/><G42/><T22/><D22/><U113/><E20/><V25/><F41/><W47/><G45/><T68/><D68/><U5/><E82/><V107/><F107/><W97/><G47/><T114/><D114/><U3/><E113/><V37/><F101/><W124/><G124/><T19/><D19/><U110/><E3/><N who="2" m="255" /><F37/><W10/><G97/><T64/><D64/><U93/><E65/><V67/><F112/><W15/><G15/><AGARI ba="0,1" hai="15,17,21,40,44,50,55,56,61,80,87,88,102,103" machi="15" ten="30,7700,0" yaku="1,1,7,1,8,1,54,1,53,0" doraHai="4" doraHaiUra="23" who="0" fromWho="3" sc="157,87,317,0,242,0,274,-77" /><INIT seed="3,0,0,0,2,27" ten="244,317,242,197" oya="3" hai0="3,61,62,35,28,59,91,9,0,82,110,37,98" hai1="29,8,46,114,92,51,102,124,74,12,33,42,116" hai2="88,111,38,10,6,41,50,71,87,66,23,90,108" hai3="54,1,122,100,85,131,45,7,32,11,64,67,19"/><W99/><G122/><T78/><D37/><U17/><E74/><V83/><F38/><W16/><G131/><T118/><D118/><U57/><E114/><V18/><F71/><W52/><G32/><T80/><D110/><N who="2" m="42026" /><F66/><W129/><G129/><T14/><D62/><U94/><E124/><V21/><F90/><W72/><G72/><T43/><D43/><U30/><E33/><V132/><F132/><W112/><G112/><T119/><D119/><U70/><E70/><V127/><F127/><W60/><G85/><T13/><D13/><U121/><E121/><V134/><F134/><W58/><G67/><T109/><D109/><U5/><E116/><V117/><F117/><W4/><G4/><T128/><D128/><U113/><E113/><V130/><F130/><W79/><G79/><T96/><D96/><N who="1" m="59655" /><E57/><V75/><F75/><W106/><REACH who="3" step="1"/><G54/><REACH who="3" ten="244,317,242,187" step="2"/><T69/><D78/><U95/><E5/><V81/><F6/><W115/><G115/><T86/><D35/><U48/><E48/><AGARI ba="0,1" hai="1,7,11,16,19,45,48,52,58,60,64,99,100,106" machi="48" ten="40,12000,1" yaku="1,1,54,2,53,1" doraHai="27" doraHaiUra="49" who="3" fromWho="1" sc="244,0,317,-120,242,0,187,130" /><INIT seed="3,1,0,0,1,91" ten="244,197,242,317" oya="3" hai0="86,11,76,49,101,135,39,32,97,126,58,48,67" hai1="69,9,31,70,108,106,107,125,132,37,45,129,122" hai2="55,8,117,12,36,13,61,59,33,50,87,73,23" hai3="65,134,26,78,34,89,6,3,28,53,43,95,128"/><W93/><G128/><T74/><D39/><U20/><E122/><V118/><F33/><W123/><G123/><T38/><D38/><U64/><E129/><V40/><F36/><W79/><G134/><T99/><D74/><U15/><E132/><V116/><F73/><W94/><G43/><T115/><D32/><U46/><E108/><V114/><F114/><W60/><G89/><T16/><D135/><U112/><E112/><V133/><F133/><W14/><G3/><T1/><D1/><U52/><E125/><V130/><F130/><W127/><G127/><T88/><D76/><U51/><E31/><V66/><F87/><W105/><G53/><T19/><D126/><U96/><E20/><V63/><F23/><W85/><G105/><T10/><D115/><U22/><E22/><V92/><F92/><W113/><G113/><T121/><D121/><U75/><E75/><V90/><F90/><W71/><REACH who="3" step="1"/><G85/><REACH who="3" ten="244,197,242,307" step="2"/><T25/><D101/><U124/><E124/><V54/><F40/><W30/><G30/><T7/><D67/><U119/><E106/><V102/><F102/><W72/><G72/><T103/><D103/><U68/><E64/><V80/><F66/><W35/><G35/><T41/><D41/><U62/><E107/><V98/><F55/><W111/><G111/><T81/><D99/><U84/><E96/><V17/><F98/><W29/><G29/><T27/><D97/><U0/><E52/><V24/><F54/><W57/><G57/><T82/><D58/><U2/><E2/><V47/><F59/><W131/><G131/><T77/><D86/><RYUUKYOKU ba="1,1" sc="244,-10,197,-10,242,-10,307,30" hai3="6,14,26,28,34,60,65,71,78,79,93,94,95" /><INIT seed="3,2,1,2,5,106" ten="234,187,232,337" oya="3" hai0="80,90,95,84,15,109,101,70,36,54,118,49,17" hai1="74,130,97,103,39,31,77,16,78,117,2,12,57" hai2="105,52,8,127,113,0,46,58,125,64,102,94,92" hai3="134,29,91,67,24,68,9,30,119,5,41,13,88"/><W69/><G119/><T128/><D36/><U116/><E39/><V111/><F113/><W71/><G134/><T122/><D70/><U107/><E2/><V112/><F112/><W120/><G120/><T35/><D109/><U47/><E31/><V44/><F111/><W76/><G67/><T34/><D128/><U20/><E130/><V27/><F105/><W121/><G121/><T38/><D38/><U86/><E57/><V93/><F102/><W14/><G41/><T99/><D118/><N who="1" m="45675" /><E86/><V4/><F27/><W62/><G62/><T18/><D18/><U81/><E77/><V83/><F83/><W133/><G133/><T89/><D101/><U96/><E47/><V132/><F64/><W72/><G14/><T32/><D122/><U11/><E96/><V79/><F79/><W131/><G131/><T87/><D87/><U53/><E53/><V42/><F132/><W114/><G114/><T10/><REACH who="0" step="1"/><D35/><REACH who="0" ten="224,187,232,337" step="2"/><U22/><AGARI ba="2,2" hai="11,12,16,20,22,74,78,81,97,103,107" m="45675" machi="22" ten="30,4000,0" yaku="12,1,52,1,54,1" doraHai="106" who="1" fromWho="1" sc="224,-12,187,66,232,-12,337,-22" /><INIT seed="4,0,0,3,2,135" ten="212,253,220,315" oya="0" hai0="20,133,13,37,102,123,55,85,17,45,127,106,134" hai1="43,36,74,75,8,22,90,65,119,92,68,95,6" hai2="5,2,101,130,32,41,112,72,89,9,120,111,70" hai3="91,1,44,39,105,30,16,110,83,79,19,64,103"/><T109/><D123/><U113/><E119/><V78/><F120/><W34/><G110/><T31/><D31/><U125/><E125/><V61/><F111/><W33/><G1/><T99/><D109/><U35/><E35/><V98/><F112/><W87/><G64/><T96/><D96/><U84/><E113/><V47/><F89/><W108/><G108/><T50/><D37/><U14/><E43/><V80/><F130/><W71/><G71/><T46/><D46/><U62/><E36/><V132/><F132/><N who="0" m="50794" /><D85/><U54/><E54/><V116/><F116/><W40/><G103/><T104/><D104/><U69/><E69/><V122/><F122/><W77/><G105/><T7/><D7/><U12/><E92/><V49/><F32/><W23/><G19/><T38/><D38/><U11/><REACH who="1" step="1"/><E22/><REACH who="1" ten="212,243,220,315" step="2"/><V63/><F70/><W0/><G34/><T73/><D73/><U124/><E124/><AGARI ba="0,1" hai="13,17,20,45,50,55,99,102,106,124,127" m="50794" machi="124" ten="30,5800,0" yaku="20,1,52,2" doraHai="135" who="0" fromWho="1" sc="212,68,243,-58,220,0,315,0" /><INIT seed="4,1,0,2,3,80" ten="280,185,220,315" oya="0" hai0="99,123,15,36,126,32,87,101,57,102,6,122,45" hai1="9,23,46,121,16,119,5,125,38,4,116,59,118" hai2="53,70,114,113,7,115,8,82,120,96,58,61,77" hai3="11,54,84,95,35,25,86,41,131,28,26,49,10"/><T60/><D32/><U47/><E121/><V68/><F120/><W112/><G112/><T88/><D126/><U13/><E125/><V50/><F96/><W93/><G41/><T33/><D33/><U133/><E133/><V75/><REACH who="2" step="1"/><F61/><REACH who="2" ten="280,185,210,315" step="2"/><W14/><G131/><T117/><D123/><U37/><E59/><V29/><F29/><W1/><G28/><T24/><D122/><U31/><E31/><V20/><F20/><W2/><G35/><T128/><D117/><U105/><E105/><V78/><F78/><W51/><G54/><T52/><D128/><U97/><E97/><V74/><F74/><W110/><G14/><AGARI ba="1,1" hai="7,8,14,50,53,58,68,70,75,77,82,113,114,115" machi="14" ten="40,2600,0" yaku="1,1,15,1,53,0" doraHai="80" doraHaiUra="42" who="2" fromWho="3" sc="280,0,185,0,210,39,315,-29" /><INIT seed="5,0,0,3,4,92" ten="280,185,249,286" oya="1" hai0="20,34,117,27,72,70,79,94,126,40,25,113,58" hai1="56,8,35,83,133,55,37,111,15,14,85,59,30" hai2="48,124,116,66,123,3,76,32,10,73,44,21,1" hai3="93,19,88,5,50,90,22,42,78,29,121,110,75"/><U97/><E37/><V104/><F116/><W52/><G121/><T69/><D117/><U131/><E131/><V125/><F123/><W77/><G110/><T49/><D126/><N who="2" m="48746" /><F32/><W103/><G5/><T65/><D113/><U115/><E115/><V61/><F104/><W9/><G42/><T28/><D70/><U118/><E118/><V128/><F128/><W46/><G75/><T17/><D72/><U96/><E133/><V80/><F21/><W129/><G129/><T67/><D69/><U31/><E111/><V112/><F112/><W47/><G90/><T33/><D33/><U43/><E43/><N who="2" m="24607" /><F10/><W41/><G103/><T6/><D6/><N who="1" m="3351" /><E35/><V108/><F108/><W95/><G95/><T87/><D40/><U63/><E15/><V74/><F74/><W119/><G29/><N who="1" m="10762" /><E56/><AGARI ba="0,0" hai="1,3,56,61,66,73,76,80" m="24607,48746" machi="56" ten="30,1000,0" yaku="18,1" doraHai="92" who="2" fromWho="1" sc="280,0,185,-10,249,10,286,0" /><INIT seed="6,0,0,2,2,110" ten="280,175,259,286" oya="2" hai0="74,131,98,19,24,15,23,0,113,63,86,51,80" hai1="68,69,89,109,17,101,94,126,62,67,44,58,83" hai2="122,8,49,20,43,135,28,99,133,130,123,95,103" hai3="97,82,107,31,35,55,127,111,10,42,129,117,36"/><V30/><F130/><W102/><G111/><T88/><D131/><U114/><E109/><V72/><F72/><W50/><G117/><T106/><D0/><U38/><E126/><V25/><F28/><W81/><G127/><T7/><D74/><U100/><E83/><V2/><F43/><W92/><G129/><T47/><D106/><U3/><E3/><V120/><REACH who="2" step="1"/><F49/><REACH who="2" ten="280,175,249,286" step="2"/><W128/><G42/><T84/><D63/><U40/><E62/><V26/><F26/><W52/><G128/><T6/><D24/><U18/><E38/><V39/><F39/><W124/><G36/><T112/><D98/><U87/><E40/><V45/><F45/><W37/><G37/><T4/><REACH who="0" step="1"/><D86/><REACH who="0" ten="270,175,249,286" step="2"/><U1/><E87/><V118/><F118/><W48/><G97/><T121/><D121/><U90/><E68/><V27/><F27/><W21/><G124/><T33/><D33/><U116/><E69/><V105/><F105/><W65/><G35/><T59/><D59/><U5/><E58/><V108/><F108/><W85/><G107/><T125/><D125/><U70/><E70/><V64/><F64/><W41/><G85/><T119/><D119/><U32/><E67/><V57/><F57/><W115/><G65/><T46/><D46/><U53/><E44/><V61/><F61/><W79/><G50/><T29/><D29/><U22/><E32/><V11/><F11/><W12/><G48/><T134/><D134/><U9/><E116/><V75/><F75/><W16/><G10/><T54/><AGARI ba="0,2" hai="4,6,7,15,19,23,47,51,54,80,84,88,112,113" machi="54" ten="30,8000,1" yaku="1,1,0,1,52,2,54,1,53,0" doraHai="110" doraHaiUra="56" who="0" fromWho="0" sc="270,100,175,-20,249,-40,286,-20" /><INIT seed="7,0,0,1,2,12" ten="370,155,209,266" oya="3" hai0="49,58,60,79,0,123,119,83,133,77,11,91,100" hai1="55,6,57,78,89,135,35,18,63,25,118,112,54" hai2="61,74,98,117,64,116,23,45,107,42,20,86,65" hai3="110,97,114,115,3,101,134,31,105,95,102,40,4"/><W103/><G31/><T96/><D119/><U104/><E118/><V32/><F74/><W34/><G34/><T51/><D123/><U56/><E112/><N who="3" m="43050" /><G4/><T7/><D133/><U94/><E104/><V90/><F32/><W38/><G3/><T26/><D91/><U41/><E135/><V127/><F127/><W16/><G134/><T47/><D26/><U28/><E41/><V2/><F2/><W24/><G110/><T37/><D79/><U81/><E6/><V121/><F121/><W8/><G40/><T9/><D9/><U92/><E89/><V36/><F64/><W124/><G38/><T17/><D17/><U48/><REACH who="1" step="1"/><E18/><REACH who="1" ten="370,145,209,266" step="2"/><V30/><F116/><W1/><G105/><T73/><D7/><U106/><E106/><V14/><F117/><W88/><G124/><T21/><D77/><U126/><E126/><V44/><F42/><W46/><G16/><T27/><D0/><U93/><E93/><V13/><F90/><W71/><G88/><T129/><D83/><U108/><E108/><V109/><F107/><W33/><G1/><T125/><D125/><U80/><E80/><V15/><F109/><W52/><G103/><T19/><D100/><U59/><E59/><V128/><F98/><W132/><G102/><T53/><D96/><U85/><AGARI ba="0,1" hai="25,28,35,48,54,55,56,57,63,78,81,85,92,94" machi="85" ten="20,5200,0" yaku="1,1,0,1,7,1,53,1" doraHai="12" doraHaiUra="75" who="1" fromWho="1" sc="370,-13,145,62,209,-13,266,-26" owari="357,45.7,207,-19.3,196,-30.4,240,4.0" /></mjloggm>