<mjloggm ver="2.3"><GO type="169" lobby="0"/><UN n0="%E2%91%A3%E3%82%BB%E3%83%B3%E3%83%81" n1="%E3%83%95%E3%83%AB%E3%82%BC%E3%83%B3%E3%83%84%E3%81%8F%E3%82%93" n2="%E5%A4%95%E5%87%AA" n3="%E4%B8%8A%E6%B5%B7%E3%83%8B%E3%83%83%E3%82%AF" dan="18,16,17,16" rate="2284.65,2188.61,2079.08,2146.37" sx="M,F,M,M"/><TAIKYOKU oya="0"/><INIT seed="0,0,0,3,0,91" ten="250,250,250,250" oya="0" hai0="74,110,24,100,76,133,78,6,64,106,34,68,116" hai1="31,29,73,23,88,55,18,43,77,65,48,10,30" hai2="82,50,41,26,134,108,118,69,89,131,109,121,71" hai3="112,125,35,33,135,3,14,38,126,44,113,96,8"/><T0/><D78/><U111/><E111/><N who="2" m="42571" /><F26/><W54/><G38/><T58/><D58/><U56/><E43/><V86/><F121/><W28/><G44/><T46/><D46/><U97/><E65/><V52/><F118/><W104/><G54/><T27/><D27/><U21/><E73/><V67/><F134/><W95/><G104/><T81/><D110/><U87/><E77/><V72/><F72/><W16/><G135/><T9/><D133/><U93/><E10/><V122/><F122/><W119/><G119/><T39/><D116/><U132/><E132/><V107/><F107/><W127/><G3/><T92/><D92/><N who="1" m="54303" /><E18/><V115/><F115/><N who="3" m="44107" /><G28/><N who="0" m="19719" /><D39/><U47/><E47/><N who="2" m="25967" /><F67/><W83/><G83/><T60/><D100/><AGARI ba="0,0" hai="21,23,29,30,31,48,55,56,93,97,100" m="54303" machi="100" ten="30,7700,0" yaku="8,1,52,2,54,1" doraHai="91" who="1" fromWho="0" sc="250,-77,250,77,250,0,250,0" /><AGARI ba="0,0" hai="8,14,16,33,35,95,96,100,125,126,127" m="44107" machi="100" ten="40,5200,0" yaku="18,1,52,1,54,1" doraHai="91" who="3" fromWho="0" sc="173,-52,327,0,250,0,250,52" /><INIT seed="1,0,0,5,2,122" ten="121,327,250,302" oya="1" hai0="70,16,120,30,82,133,18,36,72,43,4,1,3" hai1="115,98,88,86,131,89,57,49,2,95,40,15,119" hai2="130,78,92,62,74,38,35,80,54,129,104,27,123" hai3="121,47,65,127,11,24,69,17,51,52,48,93,42"/><U124/><E115/><V23/><F123/><W75/><G121/><T56/><D120/><U29/><E119/><V59/><F104/><W5/><G75/><T96/><D70/><U79/><E2/><V44/><F35/><W45/><G127/><T118/><D30/><U0/><E0/><V67/><F38/><W26/><G17/><T10/><D3/><U12/><E124/><V9/><F9/><W101/><G65/><T81/><D81/><N who="1" m="47423" /><E29/><V90/><F44/><W8/><G69/><T112/><D112/><U107/><E107/><V39/><F39/><W87/><G11/><T135/><D56/><U102/><E131/><V19/><REACH who="2" step="1"/><F67/><REACH who="2" ten="121,327,240,302" step="2"/><W34/><G34/><T31/><D118/><U55/><E40/><V108/><F108/><W113/><G113/><T116/><D116/><U33/><E33/><V32/><F32/><W37/><G37/><T109/><D109/><U125/><E125/><V128/><F128/><W105/><G105/><T13/><D43/><U50/><E50/><V111/><F111/><W14/><G101/><T25/><D36/><U63/><E49/><V114/><F114/><W71/><G71/><T6/><D1/><U76/><E102/><V46/><F46/><W106/><G106/><T7/><D10/><U61/><E57/><V53/><F53/><W77/><G93/><T64/><D64/><U134/><E55/><V91/><F91/><W58/><G58/><T84/><D135/><U68/><E134/><V117/><F117/><W73/><G73/><T20/><D72/><U132/><E132/><V126/><F126/><W60/><G60/><RYUUKYOKU ba="0,1" sc="121,-15,327,-15,240,15,302,15" hai2="19,23,27,54,59,62,74,78,80,90,92,129,130" hai3="5,8,14,24,26,42,45,47,48,51,52,77,87" /><INIT seed="2,1,1,0,0,97" ten="106,312,255,317" oya="2" hai0="9,8,3,25,124,108,44,76,27,103,134,65,21" hai1="95,58,42,105,119,127,51,11,52,116,75,38,12" hai2="62,37,31,45,121,71,70,80,1,81,89,19,53" hai3="29,106,59,64,47,60,133,113,77,61,14,72,26"/><V100/><F121/><W86/><G72/><T18/><D108/><U82/><E105/><V83/><F1/><W85/><G133/><T135/><D76/><U84/><E127/><V111/><F111/><W115/><G106/><T66/><D124/><U20/><E75/><V123/><F123/><W131/><G131/><T109/><D109/><U126/><E126/><V99/><F31/><W94/><G14/><T57/><D44/><U130/><E130/><V22/><F37/><W93/><G47/><T110/><D110/><U41/><E20/><V17/><F17/><W118/><G118/><T87/><D87/><U28/><E28/><V128/><F89/><W104/><G104/><T39/><D39/><U30/><E30/><V32/><F32/><W15/><G15/><T43/><D43/><U10/><E95/><N who="2" m="58495" /><F70/><W55/><G115/><T16/><D21/><U122/><E122/><V112/><F71/><W69/><G113/><T132/><D3/><U102/><E38/><V56/><F128/><W88/><G77/><T98/><D9/><U107/><E10/><V2/><F2/><W4/><G4/><T0/><D0/><U49/><E116/><V54/><F112/><W114/><G114/><T50/><D8/><U7/><E119/><V40/><F40/><W48/><G29/><T78/><D78/><U79/><E42/><V125/><F125/><W67/><G69/><T34/><D34/><U46/><E107/><V63/><F45/><W35/><G35/><T73/><D135/><U74/><E74/><V129/><F129/><W24/><G88/><T68/><D134/><RYUUKYOKU ba="1,1" sc="106,-10,312,30,255,-10,317,-10" hai1="7,11,12,41,46,49,51,52,58,79,82,84,102" /><INIT seed="3,2,1,3,2,24" ten="96,342,245,307" oya="3" hai0="43,52,36,51,76,12,80,100,18,105,10,123,42" hai1="108,91,13,116,118,5,74,132,9,122,121,61,71" hai2="82,60,27,88,34,120,6,78,28,131,92,41,19" hai3="66,134,114,30,81,89,84,4,67,62,112,115,73"/><W0/><G134/><T37/><D123/><U11/><E132/><V50/><F120/><W38/><G38/><T75/><D105/><U93/><E74/><V128/><F6/><W101/><G101/><T87/><D100/><U77/><E77/><V86/><F19/><W99/><G99/><T117/><D117/><N who="1" m="45163" /><E108/><V98/><F41/><W110/><G110/><T106/><D106/><U55/><E11/><V63/><REACH who="2" step="1"/><F50/><REACH who="2" ten="96,342,235,307" step="2"/><W65/><G4/><T126/><D43/><U133/><E133/><V35/><F35/><W49/><G0/><T135/><D42/><U129/><E5/><V69/><F69/><W85/><G49/><T3/><D135/><U26/><E71/><V79/><F79/><W104/><G115/><T14/><D3/><U72/><E122/><V127/><F127/><W20/><G114/><T53/><D126/><U23/><E121/><V16/><F16/><W46/><G112/><T8/><D37/><U54/><E54/><V130/><AGARI ba="2,2" hai="27,28,34,60,63,78,82,86,88,92,98,128,130,131" machi="130" ten="30,12000,2" yaku="1,1,0,1,19,1,52,1,54,1,53,2" doraHai="24" doraHaiUra="58" who="2" fromWho="2" sc="96,-32,342,-32,235,146,307,-62" /><INIT seed="4,0,0,4,5,86" ten="64,310,381,245" oya="0" hai0="59,75,62,96,130,106,57,21,47,105,128,89,19" hai1="80,79,94,114,61,131,81,92,76,63,73,93,8" hai2="30,95,60,126,85,27,52,42,15,48,108,116,1" hai3="43,9,135,112,49,121,56,84,115,54,50,72,14"/><T111/><D75/><U109/><E109/><V3/><F108/><W67/><G72/><T83/><D111/><U36/><E36/><V10/><F42/><W101/><G67/><T55/><D47/><U133/><E131/><N who="0" m="50217" /><D59/><U35/><E35/><V46/><F60/><W134/><G101/><T70/><D70/><U12/><E133/><N who="3" m="50698" /><G121/><T102/><D83/><U77/><E114/><N who="3" m="43562" /><G43/><T88/><D106/><U117/><E117/><V38/><F116/><W65/><G65/><T37/><D37/><U0/><E0/><V7/><F38/><W6/><G84/><T113/><D113/><U110/><E110/><V124/><F124/><W18/><G50/><T13/><AGARI ba="0,0" hai="13,19,21,55,57,62,88,89,96,102,105" m="50217" machi="13" ten="30,11700,0" yaku="19,1,52,2,54,1" doraHai="86" who="0" fromWho="0" sc="64,117,310,-39,381,-39,245,-39" /><INIT seed="4,1,0,2,5,97" ten="181,271,342,206" oya="0" hai0="113,24,23,89,9,83,38,92,3,19,62,32,20" hai1="50,15,103,94,115,74,133,122,76,21,100,93,63" hai2="58,1,37,77,41,14,28,22,47,53,59,129,80" hai3="69,34,30,73,46,39,71,91,88,2,18,17,108"/><T104/><D104/><U120/><E63/><V33/><F129/><W95/><G108/><T105/><D105/><U44/><E21/><V111/><F111/><W55/><G73/><T68/><D38/><U75/><E15/><V85/><F1/><W42/><G2/><T114/><D32/><U13/><E13/><V90/><F33/><W40/><G40/><T61/><D83/><U98/><E133/><V10/><F90/><W72/><G72/><T45/><D45/><U124/><E124/><V60/><F58/><W84/><G30/><T96/><D23/><U125/><E125/><V109/><F109/><W131/><G131/><T135/><D135/><U134/><E134/><V8/><F28/><W81/><G34/><T56/><D68/><U35/><E35/><V126/><F126/><W49/><G71/><T52/><D62/><U36/><E36/><V6/><F8/><W123/><G69/><T4/><AGARI ba="1,0" hai="3,4,9,19,20,24,52,56,61,89,92,96,113,114" machi="4" ten="30,11700,0" yaku="0,1,25,2,54,1" doraHai="97" who="0" fromWho="0" sc="181,120,271,-40,342,-40,206,-40" /><INIT seed="4,2,0,2,5,84" ten="301,231,302,166" oya="0" hai0="1,61,86,27,14,99,98,65,133,26,108,32,6" hai1="123,69,68,59,111,117,24,62,116,75,54,34,70" hai2="92,119,72,53,76,93,87,29,7,5,74,35,31" hai3="124,36,134,66,19,106,101,125,52,73,130,2,67"/><T45/><D1/><U132/><E75/><V39/><F87/><W100/><G73/><T80/><D133/><U60/><E34/><V50/><F35/><W78/><G78/><T113/><D113/><U63/><E24/><V41/><F50/><W43/><G2/><T77/><D108/><U38/><E111/><V110/><F72/><W112/><G112/><T51/><D32/><U12/><E12/><V18/><F53/><W131/><G106/><T97/><D61/><N who="1" m="23659" /><E123/><V56/><F76/><W102/><G19/><T122/><D65/><N who="3" m="24585" /><G43/><T64/><D64/><U48/><E38/><V129/><F18/><W37/><G52/><N who="0" m="29807" /><D122/><U15/><E15/><V30/><F74/><W96/><G96/><T120/><D120/><U33/><E33/><V104/><F39/><N who="3" m="14923" /><G134/><T103/><D103/><U90/><E132/><V81/><F104/><W79/><G79/><T107/><D107/><U10/><E10/><AGARI ba="2,0" hai="6,10,14,26,27,77,80,86,97,98,99" m="29807" machi="10" ten="30,2900,0" yaku="8,1,54,1" doraHai="84" who="0" fromWho="1" sc="301,35,231,-35,302,0,166,0" /><INIT seed="4,3,0,0,0,102" ten="336,196,302,166" oya="0" hai0="73,110,38,79,0,119,128,11,16,113,9,68,57" hai1="51,32,62,94,71,50,85,111,26,14,74,87,131" hai2="65,61,24,101,81,130,82,18,4,106,37,25,69" hai3="44,88,8,36,7,53,3,59,75,92,21,41,6"/><T116/><D68/><U76/><E111/><V60/><F37/><W64/><G75/><T118/><D38/><U95/><E131/><V135/><F130/><W34/><G34/><T89/><D128/><U1/><E1/><V70/><F4/><W90/><G64/><T109/><D79/><U99/><E14/><V52/><F135/><W20/><G7/><N who="0" m="1255" /><D89/><U31/><E74/><V84/><F18/><W86/><REACH who="3" step="1"/><G90/><REACH who="3" ten="336,196,302,156" step="2"/><T17/><D73/><U58/><E32/><V12/><F65/><W48/><AGARI ba="3,1" hai="3,6,8,20,21,36,41,44,48,53,59,86,88,92" machi="48" ten="20,8000,1" yaku="1,1,2,1,0,1,7,1,54,1,53,0" doraHai="102" doraHaiUra="123" who="3" fromWho="3" sc="336,-43,196,-23,302,-23,156,99" /><INIT seed="5,0,0,1,4,39" ten="293,173,279,255" oya="1" hai0="63,43,100,110,31,0,114,75,97,103,109,5,132" hai1="41,1,44,108,12,50,89,80,76,30,23,18,21" hai2="105,122,99,98,24,113,56,52,28,118,35,11,81" hai3="130,83,10,57,14,95,93,107,7,45,8,91,106"/><U72/><E1/><V87/><F118/><W129/><G83/><T27/><D75/><U101/><E108/><V119/><F119/><W13/><G57/><T104/><D103/><U48/><E101/><V47/><F122/><W66/><G66/><T94/><D114/><U46/><E89/><V33/><F33/><W6/><G45/><T42/><D94/><U58/><E58/><V65/><F105/><W126/><REACH who="3" step="1"/><G91/><REACH who="3" ten="293,173,279,245" step="2"/><T64/><D110/><U115/><E115/><V2/><F47/><W70/><G70/><T16/><D109/><U73/><E73/><V26/><F65/><W134/><G134/><T96/><D132/><U128/><E128/><V74/><F81/><W69/><G69/><T131/><D131/><U67/><E67/><V112/><F112/><W125/><AGARI ba="0,1" hai="6,7,8,10,13,14,93,95,106,107,125,126,129,130" machi="125" ten="25,6400,0" yaku="1,1,0,1,22,2,53,0" doraHai="39" doraHaiUra="121" who="3" fromWho="3" sc="293,-16,173,-32,279,-16,245,74" /><INIT seed="6,0,0,2,4,89" ten="277,141,263,319" oya="2" hai0="135,122,120,80,99,126,119,95,47,54,30,9,134" hai1="16,49,56,125,112,0,118,32,127,72,4,39,69" hai2="5,35,25,96,106,94,131,78,20,43,44,23,100" hai3="10,51,68,101,86,102,79,66,83,7,92,27,71"/><V8/><F131/><W15/><G71/><T123/><D126/><N who="1" m="48139" /><E72/><V6/><F6/><W22/><G68/><T31/><D119/><U40/><E69/><V37/><F78/><W133/><G133/><N who="0" m="50699" /><D80/><U77/><E77/><V58/><F58/><W121/><G121/><T91/><D9/><N who="1" m="2183" /><E32/><V130/><F130/><W53/><G66/><T28/><D54/><N who="1" m="31823" /><E118/><V93/><F35/><W70/><G70/><T109/><D47/><N who="1" m="23967" /><E16/><V63/><F63/><W117/><G117/><T21/><D109/><U14/><E14/><V29/><F23/><AGARI ba="0,0" hai="21,23,28,30,31,91,95,99,120,122,123" m="50699" machi="23" ten="40,2600,0" yaku="20,1,52,1" doraHai="89" who="0" fromWho="2" sc="277,26,141,0,263,-26,319,0" /><INIT seed="7,0,0,1,4,127" ten="303,141,237,319" oya="3" hai0="35,36,81,91,11,74,49,52,33,83,6,132,82" hai1="103,92,106,85,15,39,128,17,27,126,98,44,86" hai2="130,97,54,63,64,111,4,89,42,112,75,67,25" hai3="10,32,71,114,95,23,3,20,1,53,90,122,110"/><W66/><G122/><T28/><D36/><U113/><E113/><V93/><F111/><W80/><G32/><T9/><D74/><U31/><E126/><V124/><F124/><W62/><G114/><T134/><D91/><U78/><E78/><V60/><F75/><W70/><G70/><T129/><D129/><U7/><E7/><V121/><F121/><W79/><G110/><T48/><D28/><U135/><E135/><N who="0" m="51753" /><D48/><U13/><E106/><V69/><F42/><W16/><G23/><T8/><D6/><U100/><E100/><V30/><F4/><W123/><G10/><T107/><D107/><U120/><E120/><V40/><F40/><W125/><G123/><T72/><D72/><U43/><E128/><V118/><F54/><W55/><G125/><T76/><D76/><U37/><E39/><V14/><F14/><W22/><G22/><T109/><D109/><U57/><E57/><AGARI ba="0,0" hai="8,9,11,33,35,49,52,57,81,82,83" m="51753" machi="57" ten="40,2600,0" yaku="20,1,54,1" doraHai="127" who="0" fromWho="1" sc="303,26,141,-26,237,0,319,0" owari="329,42.9,115,-38.5,237,-16.3,319,11.9" /></mjloggm>