<mjloggm ver="2.3"><GO type="169" lobby="0"/><UN n0="%E3%81%AC%E3%81%AC%E3%81%84%E3%81%AC" n1="%E3%81%AE%E3%81%AF%E3%81%A3%E3%81%A1" n2="%41%2E%53%74%61%72%73" n3="%E3%83%A4%E3%83%8A%E3%83%AA%E3%83%B3%E3%82%B9%E3%82%AD%E3%83%BC" dan="16,16,16,17" rate="2074.94,2157.39,2047.38,2169.97" sx="M,M,M,M"/><TAIKYOKU oya="0"/><INIT seed="0,0,0,1,2,82" ten="250,250,250,250" oya="0" hai0="105,103,115,36,69,99,50,65,102,106,93,133,13" hai1="61,71,132,28,32,129,52,38,12,4,119,95,90" hai2="124,92,79,54,112,116,88,37,53,20,35,74,59" hai3="16,125,6,63,29,109,110,64,14,131,122,51,27"/><T97/><D115/><U128/><E119/><V100/><F112/><W23/><G131/><T104/><D133/><U58/><E38/><V33/><F116/><W24/><G125/><T42/><D36/><U55/><E71/><V49/><F124/><W84/><G122/><T85/><D13/><U76/><E76/><V111/><F111/><N who="3" m="42507" /><G51/><T91/><D104/><U77/><E77/><V5/><F100/><W68/><G6/><T1/><D1/><U0/><E0/><V22/><F37/><W34/><G27/><T44/><D69/><U89/><E132/><V9/><F35/><W120/><G120/><T40/><REACH who="0" step="1"/><D65/><REACH who="0" ten="240,250,250,250" step="2"/><U30/><E12/><V47/><F5/><W78/><G78/><T75/><D75/><U114/><E4/><V25/><F79/><W62/><G62/><T135/><D135/><U26/><E61/><V10/><F74/><W80/><G80/><T72/><D72/><U8/><E114/><V134/><F134/><W66/><G64/><T3/><D3/><U121/><E128/><V126/><F126/><W57/><G68/><T11/><D11/><U123/><E8/><V70/><F70/><W56/><G56/><T45/><D45/><U46/><E129/><V39/><F39/><W127/><G127/><T108/><D108/><U48/><E46/><V107/><F107/><W19/><G19/><T18/><D18/><U83/><E58/><V15/><F59/><W94/><G57/><T118/><D118/><U117/><E117/><V17/><F47/><W96/><G63/><T86/><D86/><U98/><E83/><V113/><F113/><RYUUKYOKU ba="0,1" sc="240,30,250,-10,250,-10,250,-10" hai0="40,42,44,50,85,91,93,97,99,102,103,105,106" /><INIT seed="0,1,1,2,5,121" ten="270,240,240,240" oya="0" hai0="3,36,95,34,44,99,106,39,25,111,56,73,65" hai1="74,81,27,26,40,8,134,92,116,54,16,31,120" hai2="59,119,45,32,48,126,11,71,43,19,10,133,132" hai3="53,75,50,82,107,38,9,102,35,2,110,122,105"/><T79/><D3/><U28/><E116/><V33/><F71/><W83/><G38/><T51/><D106/><U98/><E120/><V24/><F119/><W52/><G35/><T112/><D112/><U90/><E134/><N who="2" m="51819" /><F126/><W115/><G115/><T21/><D34/><N who="2" m="13418" /><F59/><W118/><G118/><T127/><D79/><U70/><E70/><V89/><F89/><W18/><G122/><T109/><D73/><U78/><E40/><V61/><F61/><W129/><G129/><T80/><D80/><U60/><E60/><V12/><F24/><W94/><G83/><T1/><D1/><U41/><E41/><V117/><F117/><W62/><G62/><N who="0" m="38087" /><D51/><U49/><E27/><V5/><F11/><W97/><G53/><T93/><D127/><U131/><E131/><V124/><F124/><W72/><G82/><T42/><D39/><U103/><E90/><V29/><F29/><W130/><G130/><T58/><D58/><U57/><E26/><V4/><AGARI ba="1,1" hai="4,5,10,12,19,43,45,48" m="13418,51819" machi="4" ten="40,1500,0" yaku="20,1" doraHai="121" who="2" fromWho="2" sc="270,-8,240,-5,240,28,240,-5" /><INIT seed="1,0,0,3,2,113" ten="262,235,268,235" oya="1" hai0="35,82,26,99,9,22,59,36,110,71,69,27,90" hai1="10,101,16,48,50,79,42,96,107,4,15,24,93" hai2="132,102,80,17,94,5,117,60,114,81,73,104,87" hai3="91,124,12,57,46,133,70,115,55,54,95,121,89"/><U127/><E127/><V116/><F5/><W3/><G70/><T85/><D110/><U61/><E79/><N who="2" m="44143" /><F60/><W56/><G115/><T28/><D36/><U44/><E61/><V88/><F17/><W65/><G121/><T58/><D99/><U18/><E107/><V31/><F31/><W72/><G72/><T2/><D59/><U23/><REACH who="1" step="1"/><E50/><REACH who="1" ten="262,225,268,235" step="2"/><V75/><F114/><W112/><G112/><T106/><D106/><U30/><AGARI ba="0,1" hai="4,10,15,16,18,23,24,30,42,44,48,93,96,101" machi="30" ten="20,18000,2" yaku="1,1,2,1,0,1,7,1,8,1,54,1,53,0" doraHai="113" doraHaiUra="29" who="1" fromWho="1" sc="262,-60,225,190,268,-60,235,-60" /><INIT seed="1,1,0,3,3,86" ten="202,415,208,175" oya="1" hai0="95,24,31,59,100,81,11,108,38,17,127,90,120" hai1="26,103,1,129,48,77,65,74,41,30,49,82,102" hai2="110,22,18,53,125,52,13,44,64,61,3,114,88" hai3="15,84,121,69,134,0,35,43,105,123,97,60,33"/><U2/><E129/><V4/><F110/><W7/><G15/><T32/><D127/><U62/><E1/><V126/><F114/><W99/><G43/><T118/><D118/><U112/><E2/><V113/><F113/><W85/><G0/><T91/><D108/><U70/><E112/><V79/><F79/><W63/><G105/><T116/><D116/><U21/><E41/><V124/><F44/><W119/><G119/><T51/><D38/><U87/><E74/><V9/><REACH who="2" step="1"/><F88/><REACH who="2" ten="202,415,198,175" step="2"/><W83/><G83/><T117/><D117/><U34/><E103/><V135/><F135/><W68/><REACH who="3" step="1"/><G7/><REACH who="3" ten="202,415,198,165" step="2"/><T128/><D81/><U14/><E102/><V106/><F106/><W122/><G122/><T54/><D120/><U28/><E82/><V93/><F93/><W75/><G75/><T72/><D72/><U109/><E109/><V5/><F5/><W76/><G76/><T115/><D115/><U73/><E77/><V29/><F29/><W92/><G92/><T16/><D17/><U89/><E73/><V58/><AGARI ba="1,2" hai="3,4,9,13,18,22,52,53,58,61,64,124,125,126" machi="58" ten="30,7900,0" yaku="1,1,0,1,18,1,54,1,53,0" doraHai="86" doraHaiUra="39" who="2" fromWho="2" sc="202,-21,415,-40,198,102,165,-21" /><INIT seed="2,0,0,4,4,50" ten="181,375,300,144" oya="2" hai0="102,114,109,25,53,41,11,108,30,49,88,110,65" hai1="46,78,130,5,116,69,7,87,29,12,16,4,97" hai2="74,82,71,15,98,42,132,62,81,125,121,72,129" hai3="63,66,131,8,100,67,118,40,77,32,68,127,122"/><V31/><F121/><W0/><G122/><T84/><D114/><U133/><E116/><V99/><F42/><W33/><G118/><T19/><D102/><U17/><E69/><V51/><F31/><W21/><G127/><T126/><D126/><U14/><E130/><V123/><F123/><W58/><G131/><T59/><D41/><U28/><E133/><V39/><F15/><N who="1" m="5673" /><E97/><N who="2" m="36875" /><F51/><W128/><G100/><T61/><D19/><N who="1" m="7243" /><E46/><V94/><F62/><W75/><G21/><T13/><D13/><U24/><E24/><V64/><F64/><W104/><G128/><T73/><D73/><N who="2" m="28266" /><F39/><W106/><G67/><T89/><D11/><U91/><E78/><V9/><F9/><W70/><G70/><T105/><D105/><N who="3" m="40553" /><G40/><T86/><D86/><U113/><E113/><V54/><F71/><W95/><G58/><N who="0" m="37047" /><D84/><U90/><E87/><V134/><F125/><W60/><G60/><T10/><D10/><U34/><E34/><AGARI ba="0,0" hai="25,30,34,49,53,59,88,89,108,109,110" m="37047" machi="34" ten="30,3900,0" yaku="14,1,52,1,54,1" doraHai="50" who="0" fromWho="1" sc="181,39,375,-39,300,0,144,0" /><INIT seed="3,0,0,3,0,59" ten="220,336,300,144" oya="3" hai0="29,52,6,66,7,42,131,81,50,25,46,108,1" hai1="60,78,36,41,37,98,122,74,129,115,40,90,10" hai2="67,76,71,114,65,101,69,17,91,62,80,2,24" hai3="106,56,123,58,16,94,19,30,57,35,4,87,51"/><W84/><G106/><T92/><D108/><U75/><E122/><V79/><F114/><W86/><G123/><T133/><D133/><U128/><E115/><V11/><F101/><W9/><G51/><T120/><D131/><U124/><E124/><V105/><F105/><W49/><G49/><T88/><D66/><U96/><E10/><V28/><F91/><W47/><G47/><T38/><D81/><U43/><E90/><V125/><F125/><W99/><G35/><T135/><D135/><U8/><E8/><V31/><F17/><W45/><G45/><T68/><D68/><U117/><E117/><V64/><F64/><W112/><G30/><T107/><D1/><U0/><E0/><V97/><F97/><W39/><G39/><T26/><D107/><U130/><E78/><V126/><F126/><W121/><G121/><T55/><D120/><U118/><E60/><V34/><F31/><W116/><G116/><T14/><D14/><U15/><E15/><V20/><F34/><W21/><G21/><N who="0" m="15535" /><D26/><U82/><E82/><V127/><F127/><W110/><G110/><T48/><D38/><N who="1" m="14955" /><E118/><V77/><F11/><W23/><G112/><T27/><D27/><U113/><E113/><V5/><F2/><W32/><G32/><T102/><D102/><U103/><E103/><V61/><F5/><N who="0" m="1546" /><D50/><U134/><E134/><V54/><F54/><W111/><G111/><T44/><D46/><U22/><E22/><V89/><F89/><N who="3" m="55759" /><G23/><T95/><D95/><U53/><E53/><V85/><AGARI ba="0,0" hai="20,24,28,61,62,65,67,69,71,76,77,79,80,85" machi="85" ten="20,8000,1" yaku="0,1,7,1,9,1,52,2" doraHai="59" who="2" fromWho="2" sc="220,-20,336,-20,300,80,144,-40" /><INIT seed="4,0,0,4,5,111" ten="200,316,380,104" oya="0" hai0="74,115,92,96,90,48,127,135,37,131,12,40,86" hai1="98,69,75,73,118,33,100,128,11,44,53,0,61" hai2="9,133,6,107,124,20,80,7,84,130,43,65,123" hai3="24,38,119,71,23,41,121,67,126,4,56,36,45"/><T22/><D131/><U49/><E118/><V63/><F123/><W50/><G119/><T110/><D110/><U72/><E128/><V2/><F130/><W105/><G121/><T70/><D70/><U21/><E33/><V57/><F124/><W117/><G117/><T26/><D127/><U54/><E21/><V29/><F133/><W64/><G126/><T1/><D1/><U39/><E39/><V134/><F134/><W42/><G105/><T87/><D37/><N who="3" m="14441" /><G23/><T31/><D74/><U17/><E17/><V28/><F43/><N who="3" m="24895" /><G4/><T59/><D135/><U94/><E69/><V102/><F7/><W19/><G19/><T103/><D40/><N who="3" m="15465" /><G24/><T109/><D109/><U3/><E11/><V16/><F102/><W113/><G71/><T46/><D46/><U5/><E5/><V27/><F107/><W97/><G97/><T114/><D12/><U120/><E120/><V81/><F81/><W88/><G88/><AGARI ba="0,0" hai="2,6,9,16,20,27,28,29,57,63,65,80,84,88" machi="88" ten="30,3900,0" yaku="7,1,54,2" doraHai="111" who="2" fromWho="3" sc="200,0,316,0,380,39,104,-39" /><INIT seed="5,0,0,5,2,75" ten="200,316,419,65" oya="1" hai0="125,72,37,88,123,17,107,95,67,16,52,4,44" hai1="92,90,105,119,2,10,28,108,83,113,41,78,98" hai2="34,70,81,93,69,20,129,103,111,73,63,121,23" hai3="74,97,112,29,59,53,56,48,11,76,5,68,35"/><U128/><E119/><V1/><F121/><W42/><G68/><T115/><D107/><U9/><E113/><V62/><F111/><W64/><G112/><T84/><D115/><U57/><E128/><V71/><F129/><W106/><G42/><T114/><D114/><U82/><E108/><V26/><F1/><W101/><G35/><T110/><D110/><U79/><E105/><V12/><F12/><W126/><G29/><T65/><D123/><U104/><E104/><V102/><F34/><W134/><G126/><T40/><D125/><U46/><E28/><V18/><F23/><W21/><G134/><T6/><D72/><U50/><E57/><V60/><REACH who="2" step="1"/><F93/><REACH who="2" ten="200,316,409,65" step="2"/><W135/><G21/><T120/><D120/><U131/><E131/><V133/><F133/><W66/><G135/><T94/><D95/><U100/><E2/><V30/><F30/><W61/><G11/><N who="1" m="4106" /><E100/><V132/><F132/><W89/><G5/><T49/><D6/><U91/><E91/><V118/><F118/><W109/><G109/><T36/><D4/><U31/><E31/><V85/><F85/><W7/><G7/><T96/><D84/><U8/><E8/><V51/><F51/><W47/><G89/><T80/><D37/><U58/><E58/><V22/><F22/><W14/><G14/><T55/><D36/><U43/><E43/><V99/><F99/><W13/><G13/><T124/><D17/><U33/><E33/><V25/><F25/><W3/><G3/><T87/><D16/><U0/><E0/><V45/><F45/><W77/><G74/><T39/><D39/><RYUUKYOKU ba="0,1" sc="200,-30,316,10,409,10,65,10" hai1="41,46,50,78,79,82,83,90,92,98" hai2="18,20,26,60,62,63,69,70,71,73,81,102,103" hai3="47,48,53,56,59,61,64,66,76,77,97,101,106" /><INIT seed="5,1,1,1,4,22" ten="170,326,419,75" oya="1" hai0="121,103,57,21,36,87,82,69,53,29,85,68,115" hai1="91,41,28,123,3,63,58,43,25,49,15,67,100" hai2="110,16,45,114,24,44,72,5,34,133,27,132,6" hai3="83,94,51,76,125,112,52,31,126,23,97,60,46"/><U116/><E116/><V130/><F72/><W108/><G108/><T134/><D134/><N who="2" m="51818" /><F110/><W106/><G106/><T79/><D115/><U40/><E123/><V95/><F114/><W47/><G112/><T96/><D36/><U78/><E3/><V131/><F95/><W26/><G60/><T64/><D87/><U81/><E100/><V129/><F34/><W80/><G47/><N who="2" m="17993" /><F16/><W77/><G80/><T19/><D121/><U38/><E38/><V54/><F54/><W84/><REACH who="3" step="1"/><G77/><REACH who="3" ten="170,326,419,65" step="2"/><T2/><D82/><U30/><E78/><V86/><F86/><W109/><G109/><T102/><D85/><U0/><E81/><V1/><F1/><W118/><G118/><T75/><D79/><U37/><E0/><V33/><F33/><W18/><G18/><T101/><D2/><U74/><E74/><V92/><F92/><W120/><G120/><T119/><D75/><U56/><E37/><V66/><F66/><W93/><G93/><T73/><D73/><U17/><E67/><V11/><F11/><W61/><G61/><N who="0" m="36015" /><D64/><U48/><E63/><V107/><F107/><W111/><G111/><T39/><D39/><U50/><E17/><V113/><F113/><W89/><AGARI ba="1,2" hai="23,26,31,46,51,52,76,83,84,89,94,97,125,126" machi="89" ten="30,7900,0" yaku="1,1,0,1,52,1,54,1,53,0" doraHai="22" doraHaiUra="98" who="3" fromWho="3" sc="170,-21,326,-40,419,-21,65,102" /><INIT seed="6,0,0,2,4,74" ten="149,286,398,167" oya="2" hai0="103,58,68,113,99,67,31,78,130,73,7,86,42" hai1="66,70,45,19,69,51,8,118,55,87,93,27,60" hai2="50,124,11,111,25,121,0,49,57,26,81,122,102" hai3="2,22,15,4,79,32,116,135,46,47,85,83,17"/><V77/><F124/><W107/><G116/><T59/><D113/><U128/><E118/><V6/><F102/><W97/><G135/><T48/><D73/><U120/><E128/><V84/><F111/><W127/><G127/><T64/><D68/><U115/><E115/><V30/><F26/><W3/><G32/><T133/><D130/><U131/><E131/><V38/><F38/><W40/><G4/><T5/><D133/><U24/><E70/><V110/><F110/><W20/><G20/><T108/><D31/><U14/><E120/><V34/><REACH who="2" step="1"/><F57/><REACH who="2" ten="149,286,388,167" step="2"/><N who="0" m="21514" /><D108/><U96/><E87/><V36/><F36/><W106/><G97/><T80/><D99/><U75/><E75/><V90/><F90/><AGARI ba="0,1" hai="8,14,19,24,27,45,51,55,60,66,69,90,93,96" machi="90" ten="30,1000,0" yaku="7,1" doraHai="74" who="1" fromWho="2" sc="149,0,286,20,388,-10,167,0" /><INIT seed="7,0,0,1,2,73" ten="149,306,378,167" oya="3" hai0="4,42,85,56,0,130,115,35,41,30,135,38,39" hai1="29,68,124,82,23,24,3,103,47,75,109,14,122" hai2="77,74,11,13,134,28,121,62,37,125,32,100,8" hai3="104,33,96,117,10,84,15,55,50,93,63,26,94"/><W40/><G117/><T31/><D0/><U20/><E109/><V72/><F37/><W69/><G104/><T133/><D130/><U12/><E122/><V67/><F11/><W61/><G40/><N who="0" m="15467" /><D4/><U36/><E3/><V46/><F46/><W51/><G69/><T118/><D118/><U6/><E68/><V92/><F92/><W83/><G33/><T101/><D101/><U45/><E124/><V123/><F100/><N who="3" m="60431" /><G94/><T102/><D102/><U79/><E103/><V81/><F74/><W128/><G26/><N who="0" m="18903" /><D31/><U59/><E36/><N who="0" m="13865" /><D56/><U87/><E75/><V25/><F134/><N who="0" m="51210" /><D85/><U106/><E106/><V116/><F81/><W71/><G71/><T113/><AGARI ba="0,0" hai="113,115" m="51210,13865,18903,15467" machi="113" ten="40,1500,0" yaku="20,1" doraHai="73" who="0" fromWho="0" sc="149,15,306,-4,378,-4,167,-7" owari="164,-23.6,302,10.2,374,47.4,160,-34.0" /></mjloggm>