<mjloggm ver="2.3"><GO type="169" lobby="0"/><UN n0="%E5%9C%A7%E5%80%92%E7%9A%84%E3%83%9D%E3%83%B3" n1="%E3%81%95%E3%81%8F%E3%82%88%E3%81%93%E3%81%A1%E3%82%83%E3%82%93" n2="%E3%81%93%E3%81%AB" n3="%E6%8E%A2%39" dan="17,16,16,17" rate="2219.86,2074.02,2154.39,2177.91" sx="M,M,M,M"/><TAIKYOKU oya="0"/><INIT seed="0,0,0,5,3,81" ten="250,250,250,250" oya="0" hai0="70,7,118,6,133,75,9,94,59,64,99,42,29" hai1="45,87,17,122,127,89,119,36,93,101,135,37,56" hai2="86,77,44,1,128,22,20,58,112,132,24,97,98" hai3="60,35,4,76,100,109,110,25,12,10,15,71,126"/><T57/><D118/><U63/><E119/><V80/><F112/><W117/><G117/><T3/><D75/><U55/><E122/><V53/><F128/><W124/><G100/><T14/><D133/><U111/><E135/><V13/><F1/><N who="3" m="271" /><G60/><T54/><D42/><U48/><E111/><N who="3" m="42506" /><G76/><T120/><D120/><U130/><E130/><V129/><F44/><W114/><G71/><T28/><D70/><U134/><E127/><N who="3" m="48682" /><G114/><T38/><D38/><U0/><E0/><V115/><F129/><W8/><G8/><T79/><D79/><U26/><E134/><V107/><F107/><W121/><G121/><T32/><D64/><U66/><E101/><V88/><F77/><W92/><G92/><T90/><D59/><U11/><E11/><V108/><F108/><W18/><G18/><T95/><D3/><U67/><E67/><V21/><F132/><W27/><G27/><T116/><D116/><U113/><E113/><V41/><F41/><W5/><G5/><T23/><D7/><U2/><E2/><V103/><F103/><W52/><G52/><T125/><D125/><U40/><E17/><N who="2" m="10287" /><F115/><W74/><G74/><T19/><D95/><U61/><E26/><V65/><F24/><W30/><AGARI ba="0,0" hai="12,15,25,30,35" m="48682,42506,271" machi="30" ten="40,8000,1" yaku="14,1,18,1,34,2" doraHai="81" who="3" fromWho="3" sc="250,-40,250,-20,250,-20,250,80" /><INIT seed="1,0,0,5,3,103" ten="210,230,230,330" oya="1" hai0="12,98,107,91,127,64,93,7,120,32,97,111,131" hai1="52,102,83,65,118,94,2,123,84,5,43,116,89" hai2="119,76,51,70,16,63,69,129,36,110,75,87,50" hai3="56,132,60,100,3,66,133,67,68,37,35,23,47"/><U86/><E123/><V122/><F119/><W81/><G35/><T82/><D32/><U124/><E124/><V54/><F122/><W80/><G3/><T24/><D120/><U18/><E65/><V19/><F75/><W28/><G100/><T25/><D111/><U40/><E102/><V74/><F74/><W126/><G126/><T62/><D127/><U115/><E115/><V31/><F36/><W130/><G130/><T11/><D131/><U101/><E101/><V77/><F63/><N who="3" m="38247" /><G23/><T26/><D82/><U30/><E30/><V90/><F87/><W57/><G28/><T8/><D8/><U44/><E5/><V58/><F31/><W6/><G6/><T73/><D73/><U121/><E2/><V99/><F99/><W22/><G22/><T53/><D53/><U104/><E104/><V9/><F9/><W61/><G81/><T134/><D134/><N who="3" m="51817" /><G80/><T117/><D117/><U21/><E121/><V85/><F85/><W46/><G37/><T20/><D98/><U105/><E105/><V113/><F129/><W29/><G29/><T10/><D10/><U88/><E118/><V13/><F77/><W125/><G125/><T72/><D72/><U42/><E116/><V95/><F76/><W15/><G15/><T112/><D107/><U1/><E1/><V92/><F13/><W27/><G27/><T135/><D135/><U41/><N who="1" m="10240" /><DORA hai="14" /><U79/><E79/><V48/><F95/><W96/><G96/><T33/><D33/><U45/><E21/><V49/><F92/><W39/><G39/><T59/><D20/><U108/><E94/><RYUUKYOKU ba="0,0" sc="210,15,230,-15,230,-15,330,15" hai0="7,11,12,24,25,26,59,62,64,91,93,97,112" hai3="46,47,57,60,61,67,68" /><INIT seed="2,1,0,0,4,1" ten="225,215,215,345" oya="2" hai0="24,109,16,67,42,100,75,80,125,10,55,68,131" hai1="86,39,111,128,59,43,58,73,45,66,46,20,116" hai2="61,56,81,90,19,11,48,8,54,44,36,93,117" hai3="105,98,70,0,41,14,134,60,92,40,13,95,17"/><V6/><F117/><W129/><G0/><T94/><D125/><U127/><E73/><V25/><F36/><W62/><G105/><T4/><D131/><U2/><E2/><V63/><F81/><W108/><G70/><T50/><D42/><U47/><E127/><V31/><F19/><W89/><G108/><T34/><D109/><U71/><E111/><V113/><F113/><W35/><G35/><T15/><D67/><U96/><E116/><V27/><F63/><W79/><G79/><T32/><D68/><U77/><E128/><V78/><F78/><W88/><G129/><T53/><D53/><U5/><E5/><V12/><F11/><W101/><G101/><T9/><D80/><U82/><E71/><V85/><REACH who="2" step="1"/><F31/><REACH who="2" ten="225,215,205,345" step="2"/><W118/><G118/><T37/><D37/><U115/><E115/><V135/><F135/><W30/><G30/><T83/><D83/><U23/><E39/><V122/><F122/><W132/><G17/><T7/><D75/><U18/><E18/><V69/><F69/><W22/><G134/><T84/><D16/><U76/><E76/><V112/><F112/><W126/><G132/><T3/><D24/><U87/><E82/><V130/><F130/><W99/><G126/><T21/><D21/><AGARI ba="1,1" hai="13,14,21,22,40,41,60,62,88,89,92,95,98,99" machi="21" ten="25,6400,0" yaku="22,2,8,1,54,1" doraHai="1" who="3" fromWho="0" sc="225,-67,215,0,205,0,345,77" /><INIT seed="3,0,0,3,4,100" ten="158,215,205,422" oya="3" hai0="44,68,36,6,27,131,11,109,70,66,56,57,99" hai1="119,0,116,10,24,54,132,8,59,74,45,108,29" hai2="69,7,73,114,96,14,2,40,38,106,87,84,111" hai3="30,13,26,67,130,128,34,65,88,64,126,72,94"/><W53/><G72/><T91/><D109/><U71/><E71/><V105/><F73/><W48/><G126/><T51/><D36/><U85/><E74/><V77/><F114/><W113/><G113/><T55/><D131/><U5/><E108/><V98/><F69/><W37/><G37/><T78/><D78/><U42/><E132/><V95/><F2/><W15/><G15/><T41/><D57/><U76/><E10/><V80/><F38/><W135/><G13/><T93/><D66/><U97/><E97/><N who="2" m="37483" /><F14/><W47/><REACH who="3" step="1"/><G135/><REACH who="3" ten="158,215,205,412" step="2"/><T127/><D127/><U133/><E133/><V61/><F111/><W1/><G1/><T81/><D27/><U118/><E0/><V120/><F7/><W134/><G134/><T21/><D6/><U33/><E5/><V22/><F120/><W20/><G20/><T3/><D21/><U122/><E122/><V102/><F22/><W104/><G104/><N who="2" m="40041" /><F61/><W31/><G31/><T121/><D121/><U43/><E29/><V46/><F46/><W60/><G60/><T4/><D44/><U9/><E45/><V19/><F19/><W112/><G112/><T25/><D25/><U32/><E24/><V92/><F40/><W17/><G17/><T28/><D41/><U75/><E43/><V124/><F124/><W117/><G117/><T63/><D28/><U83/><E42/><V89/><F102/><W16/><G16/><T129/><D63/><N who="1" m="36343" /><E75/><V110/><F110/><W90/><G90/><N who="0" m="55735" /><D129/><U12/><E12/><V23/><F23/><W58/><G58/><T50/><D50/><U18/><E18/><V49/><F49/><RYUUKYOKU ba="0,1" sc="158,0,215,0,205,0,412,0" hai0="3,4,11,51,55,56,68,70,81,91" hai1="8,9,32,33,76,83,85,116,118,119" hai2="77,80,84,87,89,92,95" hai3="26,30,34,47,48,53,64,65,67,88,94,128,130" /><INIT seed="3,1,1,5,0,104" ten="158,215,205,412" oya="3" hai0="99,16,8,127,61,46,76,26,133,122,31,121,123" hai1="93,56,87,49,107,73,89,44,79,55,69,50,110" hai2="124,115,15,7,72,65,125,66,83,60,27,116,18" hai3="88,35,10,101,67,117,11,75,4,131,58,22,103"/><W102/><G35/><T135/><D99/><U92/><E107/><V71/><F115/><W40/><G117/><T9/><D76/><U45/><E69/><V114/><F114/><W94/><G75/><T81/><D81/><U30/><E110/><V134/><F116/><W80/><G131/><T112/><D61/><U108/><E108/><V12/><F66/><W13/><G40/><T118/><D112/><U86/><E30/><V5/><F27/><W47/><G47/><N who="1" m="17994" /><E73/><V62/><F62/><N who="3" m="38359" /><G80/><T23/><D46/><U33/><E33/><V59/><F71/><W39/><G39/><T17/><D118/><U1/><E1/><V100/><F134/><N who="0" m="51210" /><D127/><N who="2" m="48714" /><F100/><W77/><G77/><T70/><D70/><U43/><E43/><V95/><F95/><W25/><G11/><AGARI ba="1,1" hai="8,9,11,16,17,23,26,31,121,122,123" m="51210" machi="11" ten="40,8000,1" yaku="20,1,34,2,54,1" doraHai="104" who="0" fromWho="3" sc="158,93,215,0,205,0,412,-83" /><INIT seed="4,0,0,3,2,129" ten="251,215,205,329" oya="0" hai0="49,59,90,50,10,79,113,55,43,108,31,132,109" hai1="61,98,40,17,107,125,114,124,7,26,111,96,120" hai2="5,117,102,62,89,87,34,97,68,6,53,80,12" hai3="116,99,1,48,37,21,95,119,105,44,83,135,16"/><T3/><D79/><U29/><E111/><N who="0" m="42569" /><D31/><U9/><E120/><V133/><F34/><W103/><G1/><T8/><D3/><U77/><E40/><V2/><F2/><W11/><G11/><N who="0" m="4139" /><D113/><U121/><E77/><V100/><F100/><W75/><G37/><T24/><D24/><U128/><E128/><V47/><F117/><W73/><G105/><T0/><D0/><U65/><E114/><V92/><F68/><W35/><G35/><T56/><D90/><U94/><E29/><V30/><F30/><W74/><G83/><T78/><D78/><U38/><E26/><V101/><F12/><W104/><G104/><T13/><D13/><U22/><E107/><V72/><F101/><W54/><REACH who="3" step="1"/><G135/><REACH who="3" ten="251,215,205,319" step="2"/><T51/><D132/><U67/><E121/><V33/><F133/><W71/><G71/><T57/><D55/><U134/><E9/><V84/><F53/><W60/><G60/><T32/><D32/><U70/><E61/><V106/><F33/><W66/><G66/><T76/><D76/><U115/><E65/><V82/><F62/><W45/><G45/><AGARI ba="0,1" hai="43,45,49,50,51,56,57,59" m="4139,42569" machi="45" ten="40,2000,0" yaku="10,1" doraHai="129" who="0" fromWho="3" sc="251,30,215,0,205,0,319,-20" /><INIT seed="4,1,0,5,0,59" ten="281,215,205,299" oya="0" hai0="49,86,35,32,55,6,100,40,82,81,120,133,20" hai1="44,46,16,90,61,13,102,58,134,108,1,42,52" hai2="24,34,38,71,117,17,19,105,30,80,121,27,115" hai3="66,50,84,69,109,15,89,57,101,21,119,37,113"/><T107/><D120/><U75/><E108/><V85/><F121/><W67/><G109/><T103/><D40/><U118/><E118/><V0/><F117/><W76/><G37/><T28/><D6/><U2/><E75/><V99/><F0/><W25/><G119/><T74/><D133/><U3/><E134/><V7/><F7/><W77/><G101/><T92/><D107/><U29/><E102/><V88/><F38/><W114/><G15/><T23/><D74/><U54/><E29/><V97/><F115/><N who="3" m="44043" /><G69/><T43/><D43/><U94/><E54/><V104/><F71/><W18/><G66/><T14/><D35/><U62/><E62/><V31/><F104/><W47/><G57/><N who="0" m="33007" /><D32/><U112/><E112/><V4/><F4/><W39/><G67/><T41/><D41/><U110/><E42/><V10/><F105/><W123/><G39/><T73/><D73/><U130/><E130/><V56/><F56/><W83/><G123/><T87/><D92/><U63/><E110/><V65/><F65/><W68/><G68/><T33/><D33/><U95/><E95/><V22/><REACH who="2" step="1"/><F10/><REACH who="2" ten="281,215,195,299" step="2"/><W128/><G128/><T53/><D28/><U129/><E129/><V106/><F106/><W91/><G18/><AGARI ba="1,1" hai="17,18,19,22,24,27,30,31,34,80,85,88,97,99" machi="18" ten="40,2600,0" yaku="1,1,54,1,53,0" doraHai="59" doraHaiUra="11" who="2" fromWho="3" sc="281,0,215,0,195,39,299,-29" /><INIT seed="5,0,0,5,5,112" ten="281,215,234,270" oya="1" hai0="130,12,29,62,43,135,111,22,4,1,35,18,80" hai1="30,6,55,56,129,107,3,132,39,76,37,121,57" hai2="73,131,125,23,31,75,53,118,96,44,48,36,47" hai3="28,40,77,69,127,32,93,5,117,65,17,74,26"/><U100/><E121/><V68/><F131/><W51/><G5/><T21/><D43/><U87/><E129/><V85/><F125/><W64/><G93/><T63/><D130/><U83/><E132/><V66/><F96/><W34/><G17/><T133/><D80/><U128/><E128/><V102/><F102/><W70/><G51/><T86/><D86/><U88/><E30/><V67/><F85/><W90/><G90/><T46/><D46/><U97/><E57/><V9/><F9/><W45/><G127/><T124/><D124/><U71/><E71/><V79/><F23/><W89/><G89/><T58/><D111/><U122/><E122/><V116/><F48/><W7/><G7/><T101/><D101/><U8/><REACH who="1" step="1"/><E76/><REACH who="1" ten="281,205,234,270" step="2"/><V109/><F31/><W114/><G77/><T0/><D58/><U82/><E82/><V24/><F79/><W13/><G28/><T60/><D29/><U110/><E110/><V104/><F109/><W78/><G78/><T84/><D135/><U50/><AGARI ba="0,1" hai="3,6,8,37,39,50,55,56,83,87,88,97,100,107" machi="50" ten="20,7800,0" yaku="1,1,0,1,7,1,54,1,53,0" doraHai="112" doraHaiUra="10" who="1" fromWho="1" sc="281,-26,205,88,234,-26,270,-26" /><INIT seed="5,1,0,1,5,102" ten="255,293,208,244" oya="1" hai0="27,130,22,98,79,123,111,100,57,87,52,97,62" hai1="24,11,70,132,93,92,32,68,21,14,124,10,46" hai2="90,63,105,51,77,44,112,6,9,115,122,104,41" hai3="3,75,50,120,56,118,113,26,67,64,45,72,95"/><U69/><E124/><V53/><F122/><W29/><G3/><T78/><D130/><U36/><E132/><V47/><F77/><W99/><G120/><T129/><D129/><U121/><E121/><V1/><F90/><W114/><G118/><T110/><D123/><U131/><E32/><V109/><F109/><W58/><G75/><T106/><D98/><U82/><E82/><V2/><F2/><W135/><G72/><T30/><REACH who="0" step="1"/><D87/><REACH who="0" ten="245,293,208,244" step="2"/><U43/><E131/><V42/><F63/><W127/><G99/><T59/><D59/><U28/><REACH who="1" step="1"/><E10/><REACH who="1" ten="245,283,208,244" step="2"/><V84/><F9/><W119/><G135/><T8/><D8/><U0/><E0/><V35/><F1/><W89/><G127/><T125/><D125/><U37/><E37/><V13/><F112/><W15/><G114/><T133/><D133/><U55/><E55/><V23/><F115/><W107/><G113/><T83/><D83/><U16/><AGARI ba="1,2" hai="11,14,16,21,24,28,36,43,46,68,69,70,92,93" machi="16" ten="30,6000,0" yaku="1,1,0,1,54,1,53,0" doraHai="102" doraHaiUra="76" who="1" fromWho="1" sc="245,-21,283,83,208,-21,244,-21" /><INIT seed="5,2,0,1,2,50" ten="224,366,187,223" oya="1" hai0="109,0,16,18,89,111,92,105,122,62,84,52,130" hai1="113,9,46,69,128,17,21,10,53,57,119,23,13" hai2="82,60,47,45,79,75,126,5,127,68,59,86,1" hai3="124,131,40,24,64,74,58,125,78,30,22,3,37"/><U102/><E119/><V91/><F68/><W133/><G3/><T66/><D0/><U2/><E69/><V135/><F135/><W65/><G133/><T118/><D118/><U20/><E113/><V93/><F5/><W25/><G131/><T129/><D105/><U114/><E114/><V90/><F90/><W83/><G37/><T112/><D122/><U33/><E33/><V19/><F19/><N who="0" m="7210" /><D66/><U49/><E102/><V44/><REACH who="2" step="1"/><F1/><REACH who="2" ten="224,366,177,223" step="2"/><W15/><G125/><T76/><D112/><U99/><E2/><V94/><F94/><W70/><G124/><T51/><D76/><U8/><E128/><N who="0" m="49257" /><D62/><U116/><E17/><V77/><F77/><W48/><G78/><T38/><D38/><U67/><E9/><V43/><F43/><W39/><G39/><T61/><D61/><U107/><E8/><V63/><F63/><W121/><G40/><T27/><D27/><U117/><E10/><V36/><F36/><W123/><G24/><T134/><D134/><U88/><E116/><V108/><F108/><W97/><G25/><T81/><D92/><U98/><E117/><V104/><F104/><W80/><G70/><T35/><D35/><U100/><E107/><V12/><F12/><W34/><G15/><T11/><D11/><U54/><E13/><V71/><F71/><W101/><G34/><T103/><D103/><U95/><E100/><V87/><F87/><W85/><G85/><T7/><D7/><U42/><E98/><V56/><F56/><AGARI ba="2,1" hai="51,52,56,81,84,89,109,111" m="49257,7210" machi="56" ten="30,7700,0" yaku="19,1,52,1,54,2" doraHai="50" who="0" fromWho="2" sc="224,93,366,0,177,-83,223,0" /><INIT seed="6,0,0,5,0,10" ten="317,366,94,223" oya="2" hai0="91,31,59,99,40,65,82,3,109,25,85,102,115" hai1="113,2,17,32,8,67,47,30,94,132,58,36,51" hai2="35,23,26,22,70,116,49,89,9,18,135,126,101" hai3="83,43,104,79,119,77,111,72,34,42,50,21,86"/><V130/><F70/><W129/><G111/><T87/><D109/><U14/><E113/><V61/><F116/><W48/><G34/><T12/><D3/><U29/><E132/><V57/><F135/><W133/><G133/><T107/><D115/><U127/><E127/><V60/><F126/><W6/><G104/><T54/><D40/><U84/><E36/><V112/><F112/><W123/><G123/><T20/><D87/><U80/><E94/><V75/><F75/><W0/><G129/><T56/><D65/><U103/><E103/><V105/><F130/><W39/><G42/><T16/><REACH who="0" step="1"/><D54/><REACH who="0" ten="307,366,94,223" step="2"/><U53/><E2/><V63/><F35/><AGARI ba="0,1" hai="12,16,20,25,31,35,56,59,82,85,91,99,102,107" machi="35" ten="30,12000,2" yaku="1,1,2,1,7,1,52,1,54,1,53,1" doraHai="10" doraHaiUra="15" who="0" fromWho="2" sc="307,130,366,0,94,-120,223,0" owari="437,53.7,366,16.6,-26,-52.6,223,-17.7" /></mjloggm>