<mjloggm ver="2.3"><GO type="169" lobby="0"/><UN n0="%35%30%38%30%74%61%6B%61" n1="%E7%9A%AE%E3%80%85" n2="%6D%6F%75%77" n3="%E7%A7%98%E6%89%93%E7%99%BD%E9%B3%A5%E3%81%AE%E6%B9%96" dan="16,16,16,17" rate="2108.34,2162.96,2118.40,2138.16" sx="M,M,M,M"/><TAIKYOKU oya="0"/><INIT seed="0,0,0,0,0,105" ten="250,250,250,250" oya="0" hai0="122,56,103,67,54,10,111,72,8,127,64,62,69" hai1="107,97,115,102,49,132,35,41,120,24,39,91,83" hai2="0,18,66,78,20,45,81,129,86,14,68,131,55" hai3="82,2,134,101,108,85,13,38,128,26,112,29,95"/><T65/><D122/><U87/><E120/><V117/><F0/><W90/><G2/><T126/><D111/><U52/><E132/><V31/><F117/><W53/><G112/><T11/><D103/><U51/><E115/><V94/><F31/><W121/><G121/><T23/><D23/><U43/><E39/><V58/><F45/><W75/><G38/><T96/><D96/><U22/><E35/><V124/><F124/><N who="0" m="47658" /><D69/><U73/><E49/><V93/><F66/><N who="0" m="16898" /><T125/><N who="0" m="47666" /><DORA hai="100" /><T113/><DORA hai="3" /><D113/><U63/><E63/><N who="2" m="36319" /><F68/><W12/><G108/><T7/><D72/><U16/><REACH who="1" step="1"/><E73/><REACH who="1" ten="250,240,250,250" step="2"/><V25/><F131/><W99/><G75/><T34/><D34/><U70/><E70/><V123/><F129/><W50/><G128/><T46/><D46/><AGARI ba="0,1" hai="16,22,24,41,43,46,51,52,83,87,91,97,102,107" machi="46" ten="30,16000,3" yaku="1,1,7,1,52,1,54,2,53,3" doraHai="105,100,3" doraHaiUra="80,77,84" who="1" fromWho="0" sc="250,-160,240,170,250,0,250,0" /><INIT seed="1,0,0,0,2,6" ten="90,410,250,250" oya="1" hai0="73,72,110,56,40,126,101,29,94,26,124,13,60" hai1="4,70,3,0,92,135,17,24,68,45,7,129,93" hai2="117,121,76,62,115,44,86,116,81,133,23,58,53" hai3="2,130,108,106,19,79,114,9,111,88,51,78,31"/><U39/><E135/><V14/><F121/><W109/><G114/><T91/><D110/><U36/><E24/><V35/><F35/><W20/><G106/><T97/><D40/><U105/><E45/><V8/><F133/><W11/><G130/><T123/><D123/><U80/><E80/><V55/><F115/><W41/><G31/><T131/><D131/><U119/><E105/><V37/><F23/><W5/><G11/><T63/><D13/><U107/><E107/><V118/><F37/><W48/><G41/><T32/><D91/><U30/><E129/><V28/><F28/><W1/><G1/><T74/><REACH who="0" step="1"/><D56/><REACH who="0" ten="80,410,250,250" step="2"/><U82/><E119/><V43/><F43/><W75/><G88/><T77/><D77/><N who="3" m="29193" /><G75/><T50/><D50/><U22/><E36/><V113/><F113/><W84/><G84/><T103/><D103/><U16/><E39/><V125/><F117/><W33/><G33/><T99/><D99/><U96/><E96/><V132/><F132/><W85/><G85/><T57/><D57/><U38/><E38/><V64/><F118/><W18/><G51/><T59/><D59/><U83/><E30/><V100/><F116/><W42/><G42/><T21/><D21/><AGARI ba="0,1" hai="0,3,4,7,16,17,21,22,68,70,82,83,92,93" machi="21" ten="25,4800,0" yaku="22,2,54,1" doraHai="6" who="1" fromWho="0" sc="80,-48,410,58,250,0,250,0" /><INIT seed="1,1,0,1,2,98" ten="32,468,250,250" oya="1" hai0="99,120,101,64,1,20,132,21,102,31,57,38,96" hai1="46,23,124,122,127,5,123,126,28,119,78,34,7" hai2="66,108,13,114,37,110,49,55,91,50,33,89,22" hai3="61,81,42,88,18,36,9,87,60,6,3,95,2"/><U53/><E78/><V43/><F33/><W0/><G18/><T100/><D38/><U93/><E119/><V97/><F66/><W94/><G36/><T75/><D1/><U72/><E72/><V24/><F37/><W134/><G42/><T39/><D39/><U103/><E34/><V65/><F65/><W90/><G134/><T47/><D75/><U19/><E28/><V68/><F68/><W74/><G74/><T30/><D132/><U54/><E5/><V29/><F114/><W112/><G81/><T40/><D120/><N who="1" m="46123" /><E46/><V85/><F43/><W71/><G112/><T113/><D113/><U92/><E7/><V41/><F41/><W44/><G44/><T25/><D47/><U11/><E11/><V26/><F29/><W27/><G27/><N who="0" m="16743" /><D40/><U56/><E103/><N who="0" m="26369" /><T106/><DORA hai="35" /><D106/><U73/><E73/><V51/><F26/><W121/><G121/><T45/><D45/><U67/><E67/><V80/><F24/><W131/><G71/><T52/><D64/><U32/><E32/><V109/><F55/><N who="1" m="21001" /><E56/><V130/><F110/><W115/><G115/><T135/><D135/><U10/><E10/><V76/><F109/><W107/><G107/><T14/><D14/><AGARI ba="1,0" hai="14,19,23,92,93,124,126,127" m="21001,46123" machi="14" ten="40,2000,0" yaku="18,1" doraHai="98,35" who="1" fromWho="0" sc="32,-23,468,23,250,0,250,0" /><INIT seed="1,2,0,5,5,43" ten="9,491,250,250" oya="1" hai0="60,111,8,102,2,99,131,12,68,80,40,77,26" hai1="57,31,97,72,47,17,71,7,96,119,105,81,117" hai2="84,37,82,33,90,122,133,123,14,28,22,70,25" hai3="110,116,49,11,103,42,53,35,85,132,86,36,10"/><U73/><E71/><V63/><F133/><W100/><G35/><T48/><D2/><U118/><E17/><V19/><REACH who="2" step="1"/><F37/><REACH who="2" ten="9,491,240,250" step="2"/><W106/><G132/><T51/><D111/><U9/><E119/><V1/><F1/><W75/><G110/><T52/><D131/><U87/><E118/><V0/><F0/><W76/><G116/><T56/><D68/><U24/><E117/><V21/><F21/><W61/><G36/><T129/><D129/><U58/><E105/><V126/><F126/><W104/><G104/><T50/><D40/><U120/><E120/><V65/><AGARI ba="2,1" hai="14,19,22,25,28,33,63,65,70,82,84,90,122,123" machi="65" ten="30,2000,0" yaku="1,1,0,1,53,0" doraHai="43" doraHaiUra="113" who="2" fromWho="2" sc="9,-7,491,-12,240,36,250,-7" /><INIT seed="2,0,0,1,0,82" ten="2,479,276,243" oya="2" hai0="25,57,134,121,123,131,24,33,79,61,114,53,68" hai1="85,104,60,23,101,56,102,28,64,55,133,5,115" hai2="81,127,107,11,14,94,74,0,35,89,122,47,41" hai3="46,39,125,80,99,100,119,135,54,73,111,76,116"/><V30/><F107/><W45/><G111/><T69/><D79/><U129/><E115/><V4/><F127/><W42/><G125/><T58/><D24/><N who="1" m="16415" /><E133/><V71/><F71/><N who="0" m="27210" /><D25/><U124/><E124/><V77/><F122/><N who="0" m="46602" /><D33/><U22/><E129/><V17/><F30/><W10/><G135/><T66/><D134/><U26/><E5/><V3/><F35/><W108/><G108/><T103/><D103/><N who="1" m="39435" /><E104/><V1/><F17/><W62/><G10/><T44/><D131/><U109/><E109/><V34/><F34/><W65/><G65/><T52/><D114/><U113/><E113/><V132/><F132/><W128/><G128/><T31/><D31/><N who="1" m="17879" /><E85/><V118/><F118/><W90/><G100/><T93/><D93/><U49/><E64/><V51/><F0/><W38/><G99/><AGARI ba="0,0" hai="1,3,4,11,14,41,47,51,74,77,81,89,94,99" machi="99" ten="30,1500,0" yaku="7,1" doraHai="82" who="2" fromWho="3" sc="2,0,479,0,276,15,243,-15" /><INIT seed="2,1,0,1,5,73" ten="2,479,291,228" oya="2" hai0="87,125,13,64,10,129,86,104,118,39,21,78,133" hai1="24,61,98,83,48,111,28,68,131,3,16,134,101" hai2="110,97,94,121,47,8,103,5,29,135,26,130,69" hai3="30,75,70,66,95,34,65,41,49,92,77,105,25"/><V63/><F121/><W89/><G105/><T4/><D39/><U53/><E3/><V122/><F122/><W108/><G108/><T123/><D104/><U72/><E111/><V119/><F119/><W36/><G36/><T115/><D123/><U62/><E134/><V43/><F110/><W9/><G70/><T71/><D115/><U93/><E131/><V27/><F130/><W74/><G74/><T1/><D129/><U67/><E16/><V127/><F127/><W80/><G95/><T23/><D125/><U42/><E42/><V6/><F135/><W85/><REACH who="3" step="1"/><G9/><REACH who="3" ten="2,479,291,218" step="2"/><T45/><D133/><U91/><E72/><V76/><F8/><W114/><G114/><T60/><D118/><U0/><E93/><V126/><F126/><W79/><G79/><T2/><D2/><U58/><E68/><V84/><F69/><W33/><G33/><T109/><D109/><U20/><E0/><V31/><F76/><W32/><G32/><T14/><D78/><U37/><E37/><V40/><F94/><W56/><G56/><T107/><D107/><U113/><E113/><V96/><F47/><AGARI ba="1,1" hai="25,30,34,41,47,49,65,66,75,77,80,85,89,92" machi="47" ten="40,2600,0" yaku="1,1,52,1,53,0" doraHai="73" doraHaiUra="50" who="3" fromWho="2" sc="2,0,479,0,291,-29,218,39" /><INIT seed="3,0,0,0,4,104" ten="2,479,262,257" oya="3" hai0="115,58,48,21,3,10,107,97,100,16,127,124,1" hai1="7,79,108,106,105,86,121,65,38,63,55,18,94" hai2="101,28,75,88,59,54,113,133,78,82,84,8,91" hai3="120,53,27,37,64,34,61,51,129,89,128,93,20"/><W87/><G37/><T43/><D115/><U114/><E114/><V92/><F113/><W77/><G34/><T14/><D10/><U110/><E110/><V25/><BYE who="1" /><F133/><W73/><G120/><T12/><D12/><U33/><E33/><V71/><F71/><W112/><G112/><T49/><D43/><U99/><E99/><V39/><F39/><W62/><G77/><T11/><D11/><U126/><E126/><N who="0" m="48169" /><D58/><U116/><E116/><V119/><F119/><W68/><G73/><T44/><D44/><U95/><E95/><V40/><F40/><W111/><G111/><T30/><D30/><U5/><E5/><V96/><F8/><W80/><G80/><T134/><D134/><U67/><E67/><V132/><F132/><W41/><G41/><T31/><D31/><U36/><E36/><V32/><REACH who="2" step="1"/><F84/><REACH who="2" ten="2,479,252,257" step="2"/><W60/><G68/><T0/><AGARI ba="0,1" hai="0,1,3,14,16,21,48,49,97,100,107" m="48169" machi="0" ten="40,2700,0" yaku="18,1,54,1" doraHai="104" who="0" fromWho="0" sc="2,37,479,-7,252,-7,257,-13" /><UN n1="%E7%9A%AE%E3%80%85" /><INIT seed="4,0,0,3,5,40" ten="39,472,245,244" oya="0" hai0="96,59,129,50,127,71,2,58,64,60,27,130,67" hai1="13,11,80,47,61,98,43,48,124,72,74,62,81" hai2="76,6,19,38,52,23,54,29,24,120,92,93,102" hai3="111,132,8,90,14,100,91,109,30,103,55,39,31"/><T101/><D2/><U22/><E124/><V15/><F120/><W75/><G75/><T3/><D3/><U56/><E22/><V95/><F38/><W121/><G132/><T20/><D127/><U7/><E61/><V78/><F6/><W36/><G121/><T46/><D67/><N who="1" m="39367" /><E72/><V99/><F78/><W63/><G63/><T125/><D125/><U97/><E74/><V16/><F76/><W116/><G55/><N who="2" m="21033" /><F29/><W131/><G14/><T108/><D108/><U119/><E119/><V107/><F107/><W70/><G8/><AGARI ba="0,0" hai="8,15,16,19,23,24,92,93,95,99,102" m="21033" machi="8" ten="30,3900,0" yaku="8,1,54,2" doraHai="40" who="2" fromWho="3" sc="39,0,472,0,245,39,244,-39" /><INIT seed="5,0,0,1,3,86" ten="39,472,284,205" oya="1" hai0="53,56,14,79,81,59,82,67,102,30,70,54,118" hai1="34,74,63,64,80,28,5,130,29,132,58,10,92" hai2="89,33,91,95,50,16,116,88,36,94,23,110,73" hai3="3,66,126,20,125,98,51,47,43,97,77,44,31"/><U1/><E132/><V128/><F36/><W17/><G3/><T69/><D118/><U75/><E130/><V4/><F33/><W19/><G66/><T45/><D102/><U100/><E80/><V124/><F110/><W37/><G31/><T120/><D120/><U41/><E41/><V111/><F73/><W93/><G77/><T11/><D30/><U2/><E2/><V113/><F111/><W105/><G105/><T13/><D45/><U49/><E49/><V68/><F68/><W106/><G106/><T72/><D67/><U25/><E29/><V46/><F116/><W135/><G98/><T103/><D103/><U84/><E100/><V122/><F122/><W8/><G8/><T90/><D11/><U114/><E114/><V96/><F128/><W60/><G60/><T24/><D24/><U107/><E107/><V109/><F4/><W39/><G135/><T62/><D62/><U104/><E104/><V61/><F61/><W27/><G17/><T48/><D48/><U133/><E133/><V121/><F121/><W40/><G51/><T123/><D123/><U134/><E134/><V119/><F119/><W83/><G83/><T22/><D22/><U18/><E18/><V0/><F0/><W108/><G108/><T6/><D6/><U117/><E117/><V12/><F109/><W42/><G43/><T55/><D82/><U15/><E1/><V99/><F113/><W115/><G115/><T101/><D101/><AGARI ba="0,0" hai="19,20,27,37,39,40,42,44,47,93,97,101,125,126" machi="101" ten="40,1300,0" yaku="9,1" doraHai="86" who="3" fromWho="0" sc="39,-13,472,0,284,0,205,13" /><INIT seed="6,0,0,4,4,1" ten="26,472,284,218" oya="2" hai0="47,104,26,32,54,112,50,123,129,113,92,132,44" hai1="73,53,121,15,84,23,6,66,74,97,19,38,17" hai2="64,40,101,110,83,16,65,134,95,58,87,99,46" hai3="94,85,39,75,89,37,28,109,118,35,81,80,61"/><V78/><F134/><W21/><G109/><T70/><D92/><U115/><E38/><V135/><F135/><W4/><G118/><T5/><D104/><U34/><E34/><V45/><F110/><W55/><G35/><T100/><D100/><U0/><E115/><N who="0" m="44105" /><D132/><U56/><E66/><V29/><F29/><W31/><G75/><T103/><D103/><U82/><E97/><V24/><F58/><W18/><G39/><T107/><D107/><U130/><E19/><V71/><F71/><W116/><G37/><T122/><D32/><U68/><E130/><V57/><F57/><N who="3" m="35007" /><G116/><T128/><D5/><U91/><E68/><V63/><F63/><W2/><G4/><T69/><D26/><U90/><E90/><V22/><F46/><W131/><G2/><T117/><D117/><U36/><E36/><AGARI ba="0,0" hai="16,22,24,36,40,45,64,65,78,83,87,95,99,101" machi="36" ten="30,2900,0" yaku="7,1,54,1" doraHai="1" who="2" fromWho="1" sc="26,0,472,-29,284,29,218,0" /><INIT seed="6,1,0,1,5,76" ten="26,443,313,218" oya="2" hai0="46,15,49,35,4,109,62,105,122,103,131,128,129" hai1="28,58,67,119,22,126,56,51,133,97,110,7,73" hai2="1,39,0,77,24,47,93,43,72,29,68,21,125" hai3="98,33,20,30,115,13,112,88,54,132,40,135,71"/><V85/><F68/><W19/><G71/><T127/><D109/><U106/><E110/><V44/><F125/><W12/><G40/><T41/><D122/><U32/><E119/><V79/><F47/><W102/><G54/><T117/><D127/><U87/><E126/><V113/><F113/><N who="3" m="43595" /><G102/><T64/><D117/><U118/><E118/><V17/><F77/><W37/><G37/><T26/><D4/><U36/><E73/><V70/><F70/><W95/><G12/><T69/><D15/><U116/><E116/><V92/><F72/><W18/><G19/><T74/><D74/><U57/><E36/><V121/><F121/><W104/><G104/><T61/><D61/><U111/><E32/><V65/><F65/><W14/><G14/><T120/><D120/><U16/><E111/><V80/><REACH who="2" step="1"/><F17/><REACH who="2" ten="26,443,303,218" step="2"/><W99/><G99/><T25/><REACH who="0" step="1"/><D35/><REACH who="0" ten="16,443,303,218" step="2"/><U53/><E67/><V123/><F123/><W83/><G33/><T27/><D27/><U134/><E134/><V75/><F75/><W91/><G135/><T52/><D52/><U6/><E133/><V130/><F130/><W124/><G132/><T5/><D5/><U38/><E6/><V82/><F82/><W8/><G124/><T81/><D81/><U59/><E7/><V114/><F114/><W84/><G83/><T66/><D66/><U2/><E53/><V50/><F50/><W42/><G42/><T9/><D9/><U34/><E51/><V100/><F100/><W94/><G8/><T10/><D10/><U63/><E38/><V78/><F78/><W31/><AGARI ba="1,2" hai="13,18,20,30,31,84,88,91,94,95,98" m="43595" machi="31" ten="30,4000,0" yaku="15,1,11,1,54,1" doraHai="76" who="3" fromWho="3" sc="16,-11,443,-11,303,-21,218,63" /><INIT seed="7,0,0,5,2,78" ten="5,432,282,281" oya="3" hai0="133,34,94,110,1,105,113,129,80,55,127,59,115" hai1="72,118,17,89,130,77,19,87,25,125,83,2,16" hai2="9,15,43,131,88,35,85,42,122,135,100,95,123" hai3="44,13,14,121,32,107,111,4,91,109,23,20,51"/><W52/><G121/><N who="2" m="46089" /><F135/><W21/><G32/><T41/><D41/><N who="2" m="15370" /><F131/><W92/><G107/><T33/><D94/><U24/><E130/><V57/><F35/><W96/><REACH who="3" step="1"/><G4/><REACH who="3" ten="5,432,282,271" step="2"/><T62/><D80/><N who="1" m="49383" /><E118/><V79/><F79/><W10/><G10/><T84/><D34/><U116/><E116/><V29/><F100/><W48/><G48/><T126/><D62/><U63/><E63/><V103/><F103/><W28/><G28/><T0/><D126/><U53/><E77/><V47/><F29/><W76/><G76/><T75/><D115/><U61/><E72/><V99/><F47/><W64/><G64/><T8/><D8/><U3/><E61/><V38/><F38/><W12/><AGARI ba="0,1" hai="12,13,14,20,21,23,44,51,52,91,92,96,109,111" machi="12" ten="40,12000,1" yaku="1,1,0,1,54,1,53,1" doraHai="78" doraHaiUra="40" who="3" fromWho="3" sc="5,-40,432,-40,282,-40,271,130" owari="-35,-53.5,392,19.2,242,-15.8,401,50.1" /></mjloggm>