<mjloggm ver="2.3"><GO type="169" lobby="0"/><UN n0="%E4%B8%89%E5%8D%81%E7%94%BB%E7%94%9F" n1="%43%55%4B%45%59" n2="%70%6F%72%66%65%76%72%65" n3="%6E%61%74%73%75%6D%65%65" dan="16,16,16,16" rate="2137.46,2037.10,2144.88,2057.85" sx="M,M,M,F"/><TAIKYOKU oya="0"/><INIT seed="0,0,0,4,4,118" ten="250,250,250,250" oya="0" hai0="111,123,80,3,36,39,131,63,50,4,67,16,58" hai1="28,124,52,103,0,60,92,65,110,108,81,95,73" hai2="48,84,42,27,101,70,43,91,96,88,61,105,38" hai3="56,129,69,29,114,17,87,115,94,93,34,55,77"/><T49/><D131/><U98/><E0/><V21/><F38/><W99/><G69/><T12/><D111/><N who="1" m="42539" /><E124/><V125/><F125/><W113/><G129/><T66/><D123/><U74/><E28/><V112/><F112/><W41/><G41/><T109/><D109/><U32/><E32/><V11/><F11/><W22/><G29/><T62/><D4/><U6/><E6/><V134/><F134/><W90/><G34/><T89/><D3/><U72/><E52/><V1/><F1/><W15/><G77/><T45/><D80/><U82/><E60/><V122/><F122/><W35/><G35/><T47/><D89/><N who="1" m="55567" /><E65/><V40/><F48/><W64/><G64/><T53/><D63/><U37/><E37/><V119/><F119/><W97/><REACH who="3" step="1"/><G93/><REACH who="3" ten="250,250,250,240" step="2"/><T104/><D67/><U78/><E78/><V75/><F70/><W83/><G83/><T116/><D116/><U14/><E14/><V33/><F42/><W30/><G30/><T8/><D104/><U71/><E71/><V23/><F105/><W44/><G44/><T128/><D128/><U133/><E133/><V54/><F40/><AGARI ba="0,1" hai="8,12,16,36,39,40,45,47,49,50,53,58,62,66" machi="40" ten="30,2900,0" yaku="7,1,54,1" doraHai="118" who="0" fromWho="2" sc="250,39,250,0,250,-29,240,0" /><INIT seed="0,1,0,0,4,67" ten="289,250,221,240" oya="0" hai0="83,119,120,60,71,114,79,84,45,2,105,104,50" hai1="44,33,62,18,74,11,3,54,69,49,15,93,73" hai2="82,48,5,88,110,36,108,80,109,133,32,96,37" hai3="111,78,81,89,121,17,101,72,46,40,107,87,65"/><T132/><D114/><U29/><E3/><V19/><F32/><W112/><G112/><T77/><D119/><U129/><E129/><V95/><F5/><W61/><G111/><T125/><D120/><U14/><E29/><V6/><F6/><W10/><G121/><T134/><D2/><U59/><E33/><V23/><F133/><N who="0" m="51306" /><D79/><U7/><E93/><V26/><REACH who="2" step="1"/><F48/><REACH who="2" ten="289,250,211,240" step="2"/><W1/><G1/><T68/><D125/><U128/><E128/><V76/><F76/><W99/><G78/><T75/><D75/><U42/><REACH who="1" step="1"/><E69/><REACH who="1" ten="289,240,211,240" step="2"/><N who="0" m="26697" /><D60/><U135/><E135/><V70/><F70/><W64/><G61/><T43/><AGARI ba="1,2" hai="43,45,50,77,83,84,104,105" m="26697,51306" machi="43" ten="30,11700,0" yaku="20,1,52,3" doraHai="67" who="0" fromWho="0" sc="289,140,240,-40,211,-40,240,-40" /><INIT seed="0,2,0,3,2,29" ten="429,200,171,200" oya="0" hai0="5,52,4,48,81,123,111,20,119,112,19,99,51" hai1="10,31,122,46,14,66,68,58,82,94,132,127,45" hai2="69,33,133,24,25,36,130,30,72,79,78,100,131" hai3="129,37,22,92,120,107,109,44,116,117,32,23,59"/><T12/><D112/><U27/><E122/><V61/><F36/><W89/><G107/><T64/><D119/><U6/><E127/><V43/><F43/><W57/><G120/><T49/><D123/><U93/><E132/><V121/><F133/><W2/><G2/><T0/><D64/><U84/><E68/><V67/><F25/><W134/><G134/><T47/><D111/><U96/><E58/><V75/><F121/><W90/><G92/><T91/><D0/><U15/><E66/><V26/><F24/><W77/><G77/><T71/><D71/><U106/><E106/><V110/><F110/><W86/><G86/><N who="0" m="50639" /><D99/><U17/><E94/><V74/><REACH who="2" step="1"/><F100/><REACH who="2" ten="429,200,161,200" step="2"/><W50/><G109/><T62/><D47/><U42/><E42/><V21/><F21/><W135/><G44/><T88/><D20/><N who="1" m="11319" /><E27/><V53/><F53/><W70/><G135/><T98/><D52/><U35/><E31/><V128/><AGARI ba="2,1" hai="26,30,33,61,67,69,72,74,75,78,79,128,130,131" machi="128" ten="40,8000,1" yaku="1,1,0,1,19,1,52,1,53,0" doraHai="29" doraHaiUra="102" who="2" fromWho="2" sc="429,-42,200,-22,161,96,200,-22" /><INIT seed="1,0,0,2,2,85" ten="387,178,257,178" oya="1" hai0="132,106,112,110,56,96,118,18,49,67,13,46,0" hai1="93,123,126,116,88,65,103,27,5,4,9,3,115" hai2="62,81,73,105,50,125,97,36,35,95,17,134,10" hai3="53,8,83,114,6,119,58,30,19,1,82,15,113"/><U11/><E123/><V60/><F35/><W120/><G120/><T129/><D0/><U130/><E116/><V31/><F31/><W109/><G119/><T107/><D112/><U104/><E115/><V75/><F36/><W68/><G68/><T117/><D110/><U128/><E126/><V92/><F125/><W29/><G109/><T14/><D14/><U99/><E65/><V20/><F10/><W108/><G108/><T57/><D57/><U28/><E104/><V32/><F32/><W111/><G111/><T16/><D18/><U79/><E79/><V52/><F105/><W51/><G114/><T86/><D107/><U44/><E44/><V45/><F134/><W37/><G37/><T2/><D2/><U135/><E135/><V26/><F92/><W55/><G113/><T80/><D132/><U78/><E78/><V21/><F20/><W39/><G39/><T33/><D33/><U34/><REACH who="1" step="1"/><E103/><REACH who="1" ten="387,168,257,178" step="2"/><V43/><F75/><W101/><G101/><T47/><D46/><U131/><E131/><V7/><F73/><W48/><G30/><T94/><D106/><U133/><E133/><V72/><F72/><W90/><G29/><T100/><D129/><U24/><E24/><V42/><F26/><W84/><G58/><T12/><D117/><U74/><E74/><V76/><F45/><W64/><G64/><T71/><D56/><U38/><E38/><V23/><F76/><W98/><G48/><T22/><D49/><U25/><E25/><V124/><F50/><W54/><G51/><T127/><D118/><U122/><E122/><V89/><F124/><RYUUKYOKU ba="0,1" sc="387,-10,168,30,257,-10,178,-10" hai1="3,4,5,9,11,27,28,34,88,93,99,128,130" /><INIT seed="1,1,1,4,0,73" ten="377,198,247,168" oya="1" hai0="91,113,58,109,25,86,130,63,110,82,88,117,129" hai1="126,101,99,97,81,78,122,1,128,64,47,3,114" hai2="94,56,50,105,98,51,15,28,102,16,43,68,60" hai3="61,125,10,2,44,133,9,120,33,62,40,30,79"/><U54/><E128/><N who="0" m="49257" /><D113/><U121/><E122/><V21/><F68/><W13/><G120/><T108/><D25/><U46/><E121/><V80/><F105/><W103/><G125/><T20/><D20/><U12/><E114/><V106/><F106/><W8/><G2/><T45/><D45/><U29/><E29/><V135/><F135/><W19/><G133/><T35/><D35/><U124/><E12/><V55/><F43/><W27/><G103/><T23/><D23/><U77/><E64/><V38/><F38/><W37/><REACH who="3" step="1"/><G79/><REACH who="3" ten="377,198,247,158" step="2"/><N who="1" m="30218" /><E101/><V65/><F28/><W34/><G34/><T17/><D91/><U57/><E81/><V6/><F80/><W4/><G4/><T67/><D117/><U100/><E1/><V115/><F115/><W76/><G76/><T22/><D110/><U134/><E3/><V48/><F6/><W90/><G90/><T85/><D109/><U52/><E134/><V127/><F127/><N who="1" m="48681" /><E100/><V96/><F65/><W95/><G95/><T18/><D108/><U11/><E11/><AGARI ba="1,2" hai="8,9,10,11,13,19,27,30,33,37,40,44,61,62" machi="11" ten="40,2600,0" yaku="1,1,53,1" doraHai="73" doraHaiUra="39" who="3" fromWho="1" sc="377,0,198,-29,247,0,158,49" /><INIT seed="2,0,0,1,5,100" ten="377,169,247,207" oya="2" hai0="73,54,77,48,98,114,27,116,134,41,4,61,47" hai1="95,49,112,87,92,29,58,104,122,88,130,96,127" hai2="126,9,1,52,24,75,69,97,68,62,23,93,110" hai3="78,119,59,83,76,42,57,44,103,124,30,45,117"/><V105/><F75/><W129/><G124/><T81/><D114/><U115/><E29/><V43/><F126/><W82/><G30/><T13/><D134/><U101/><E127/><V20/><F43/><W107/><G103/><T84/><D116/><U32/><E32/><V128/><F128/><W113/><G42/><T111/><D111/><U16/><E130/><V66/><F110/><W120/><G129/><T31/><D98/><N who="1" m="61495" /><E16/><V67/><F105/><W22/><G22/><N who="0" m="15863" /><D73/><U94/><E49/><V99/><F23/><W51/><G51/><T2/><D2/><U15/><E15/><V7/><F93/><N who="1" m="35945" /><E58/><V39/><F39/><W85/><G107/><T19/><D4/><U121/><E96/><V10/><F9/><W46/><G113/><AGARI ba="0,0" hai="87,88,95,112,113,115,121,122" m="35945,61495" machi="113" ten="30,7700,0" yaku="34,2,52,1,54,1" doraHai="100" who="1" fromWho="3" sc="377,0,169,77,247,0,207,-77" /><INIT seed="3,0,0,3,2,73" ten="377,246,247,130" oya="3" hai0="62,92,44,16,101,49,71,81,20,17,70,94,21" hai1="75,61,98,96,64,15,109,46,57,10,33,133,28" hai2="38,9,104,121,3,93,39,42,23,77,31,84,86" hai3="66,115,65,79,27,106,8,76,112,130,110,116,78"/><W47/><G116/><T52/><D71/><U56/><E133/><V99/><F104/><W108/><G106/><T102/><D81/><U128/><E109/><N who="3" m="42090" /><G130/><T89/><D70/><U40/><E128/><V80/><F121/><W125/><G125/><T1/><D1/><U87/><E75/><V45/><F84/><W35/><G8/><T83/><D83/><U12/><E33/><V2/><F39/><W111/><G111/><T58/><D20/><U25/><E56/><V7/><F23/><W34/><G47/><T59/><D59/><U107/><E107/><V29/><REACH who="2" step="1"/><F3/><REACH who="2" ten="377,246,237,130" step="2"/><W90/><G90/><AGARI ba="0,1" hai="2,7,9,29,31,38,42,45,77,80,86,90,93,99" machi="90" ten="30,7700,0" yaku="1,1,2,1,7,1,52,1,53,0" doraHai="73" doraHaiUra="48" who="2" fromWho="3" sc="377,0,246,0,237,87,130,-77" /><INIT seed="4,0,0,4,0,52" ten="377,246,324,53" oya="0" hai0="4,67,119,94,124,83,58,38,23,101,48,71,82" hai1="36,43,86,116,104,13,56,34,53,20,70,35,106" hai2="2,22,125,131,0,121,95,112,130,81,29,73,28" hai3="5,102,42,27,21,14,134,132,41,6,123,19,55"/><T49/><D119/><U77/><E116/><V120/><F95/><W72/><G72/><T68/><D38/><U45/><E70/><V87/><F73/><W115/><G102/><T51/><D124/><U11/><E20/><V18/><F87/><W92/><G92/><T60/><D4/><N who="3" m="1641" /><G42/><T65/><D23/><U122/><E122/><N who="2" m="47211" /><F81/><N who="0" m="30730" /><D71/><U17/><E86/><V74/><F112/><W85/><G85/><T111/><D68/><U96/><E77/><V84/><F84/><W80/><G41/><T88/><D101/><U1/><E1/><N who="2" m="619" /><F125/><W133/><G80/><T109/><D109/><U54/><E54/><V3/><N who="2" m="627" /><V113/><DORA hai="8" /><F113/><W24/><G55/><N who="0" m="33887" /><D111/><U66/><E66/><V114/><F74/><W135/><N who="3" m="33792" /><DORA hai="46" /><W105/><G105/><T12/><D12/><U117/><E117/><V79/><F79/><W93/><G93/><T91/><D91/><U37/><E37/><V78/><F78/><W89/><G89/><T69/><D69/><U100/><REACH who="1" step="1"/><E106/><REACH who="1" ten="377,236,324,53" step="2"/><V103/><F114/><W9/><G115/><T129/><D129/><U25/><E25/><N who="3" m="9802" /><G123/><T98/><AGARI ba="0,1" hai="48,49,51,65,67,88,94,98" m="33887,30730" machi="98" ten="30,18000,2" yaku="8,1,52,4,54,1" doraHai="52,8,46" who="0" fromWho="0" sc="377,190,236,-60,324,-60,53,-60" owari="567,66.7,176,-22.4,264,6.4,-7,-50.7" /></mjloggm>