<mjloggm ver="2.3"><GO type="169" lobby="0"/><UN n0="%E5%B1%B1%E6%9C%AC%E6%83%A3%E4%B8%80%E6%9C%97" n1="%E3%81%97%E3%82%82%E3%82%93%E3%81%AC" n2="%E5%B0%8F%E4%B8%89%E5%85%83%E5%8D%97%E5%8D%98%E9%A8%8E" n3="%61%6D%61%69%6B%61" dan="17,16,16,16" rate="2187.94,2162.52,2093.78,2139.89" sx="M,M,M,M"/><TAIKYOKU oya="0"/><INIT seed="0,0,0,5,5,41" ten="250,250,250,250" oya="0" hai0="132,95,71,3,64,8,111,105,125,56,30,119,25" hai1="74,23,32,5,27,75,51,86,50,48,70,108,61" hai2="80,84,88,24,0,118,103,33,69,49,40,78,99" hai3="133,128,115,131,98,42,114,117,68,10,9,44,76"/><T7/><D119/><U35/><E108/><V67/><F118/><W17/><G117/><T28/><D105/><U43/><E5/><V121/><F0/><W65/><G76/><T16/><D125/><U22/><E86/><V46/><F121/><W13/><G98/><T77/><D71/><U93/><E93/><V66/><F69/><W85/><G85/><T21/><D132/><U79/><E43/><V127/><F127/><W19/><G65/><T18/><D111/><U36/><E36/><V20/><F33/><W106/><G106/><T104/><D104/><U129/><E129/><N who="3" m="49738" /><G68/><T63/><D77/><U97/><E97/><V38/><F38/><N who="3" m="21591" /><G133/><T57/><D57/><U81/><E74/><V37/><F37/><W54/><G54/><T134/><D134/><U31/><REACH who="1" step="1"/><E35/><REACH who="1" ten="250,240,250,250" step="2"/><V96/><F78/><W60/><G60/><T126/><D126/><U91/><E91/><V45/><F99/><W94/><G94/><T89/><REACH who="0" step="1"/><D30/><REACH who="0" ten="240,240,250,250" step="2"/><U83/><E83/><V87/><F80/><W109/><G109/><T120/><D120/><U62/><E62/><V123/><F123/><W59/><G115/><T39/><D39/><U1/><E1/><V90/><F103/><W124/><G114/><T122/><D122/><U101/><E101/><V47/><F90/><W92/><G124/><T29/><D29/><U26/><E26/><V15/><F24/><W110/><G110/><T4/><D4/><U12/><E12/><V116/><F15/><W100/><G13/><T102/><D102/><U14/><E14/><V34/><F88/><W73/><G100/><T55/><D55/><RYUUKYOKU ba="0,2" sc="240,15,240,15,250,-15,250,-15" hai0="3,7,8,16,18,21,25,28,56,63,64,89,95" hai1="22,23,27,31,32,48,50,51,61,70,75,79,81" /><INIT seed="0,1,2,3,1,27" ten="255,255,235,235" oya="0" hai0="101,11,55,41,114,50,23,108,16,61,81,53,84" hai1="58,0,1,69,14,122,35,32,71,10,79,105,82" hai2="8,133,89,119,20,127,94,103,97,21,76,98,118" hai3="99,49,80,5,39,48,75,73,106,123,92,28,65"/><T54/><D114/><U62/><E122/><V126/><F8/><W85/><G39/><T26/><D108/><U24/><E105/><N who="2" m="63727" /><F21/><W45/><G106/><T124/><D124/><N who="2" m="47658" /><F20/><W116/><G116/><N who="2" m="44585" /><F76/><W78/><G65/><T111/><D111/><U43/><E0/><V9/><F9/><W68/><G5/><T42/><D101/><U3/><E3/><V109/><F109/><W30/><G49/><T96/><D96/><U63/><E1/><V2/><F2/><W70/><G123/><T57/><D11/><U121/><E121/><V38/><F38/><W31/><G70/><T15/><D26/><U134/><E71/><V66/><F66/><W102/><REACH who="3" step="1"/><G68/><REACH who="3" ten="255,255,235,225" step="2"/><T37/><D37/><U46/><E69/><V7/><F7/><W113/><G113/><T47/><REACH who="0" step="1"/><D41/><AGARI ba="1,3" hai="28,30,31,41,45,48,73,75,78,80,85,92,99,102" machi="41" ten="40,8000,1" yaku="1,1,52,3,53,1" doraHai="27" doraHaiUra="40" who="3" fromWho="0" sc="255,-83,255,0,235,0,225,113" /><INIT seed="1,0,0,0,2,12" ten="172,255,235,338" oya="1" hai0="107,90,94,11,67,25,79,126,89,51,61,60,1" hai1="101,85,116,128,121,62,56,124,21,23,20,6,135" hai2="65,64,86,18,97,16,78,91,54,109,81,120,53" hai3="42,33,66,15,111,123,8,39,72,118,2,88,113"/><U114/><E116/><V44/><F109/><W27/><G113/><T10/><D107/><U132/><E114/><V104/><F120/><W32/><G123/><T70/><D126/><U84/><E121/><V106/><F106/><W69/><G2/><T92/><D79/><U4/><E124/><V40/><F104/><W58/><G72/><T35/><D51/><U77/><E101/><V98/><F40/><W34/><G111/><T96/><D1/><U24/><E128/><V129/><F129/><W26/><G69/><T127/><D127/><U30/><E135/><V37/><F37/><W48/><G39/><T57/><D35/><U99/><E99/><N who="2" m="37899" /><F78/><W38/><G38/><T43/><D43/><U82/><E132/><V105/><F105/><W103/><G103/><T36/><D36/><U74/><E74/><V59/><F44/><W100/><G100/><T112/><D112/><U63/><E85/><V122/><F122/><W102/><G102/><T19/><D92/><U108/><E108/><V31/><F31/><W7/><G118/><T29/><D90/><U13/><E62/><N who="2" m="36207" /><F54/><W45/><G88/><T117/><D29/><U87/><E87/><V46/><F46/><W5/><G66/><AGARI ba="0,0" hai="16,18,64,65,66,81,86,91" m="36207,37899" machi="66" ten="30,7700,0" yaku="8,1,52,2,54,1" doraHai="12" who="2" fromWho="3" sc="172,0,255,0,235,77,338,-77" /><INIT seed="2,0,0,0,3,29" ten="172,255,312,261" oya="2" hai0="44,118,74,35,110,133,123,84,11,104,112,119,23" hai1="40,17,115,89,15,18,31,59,121,101,73,26,45" hai2="12,113,41,93,52,0,53,102,76,58,54,57,70" hai3="124,33,97,39,98,134,83,131,8,34,114,69,60"/><V91/><F0/><W28/><G39/><T127/><RYUUKYOKU type="yao9" ba="0,0" sc="172,0,255,0,312,0,261,0" hai0="11,23,35,44,74,84,104,110,112,118,119,123,127,133" /><INIT seed="2,1,0,3,4,11" ten="172,255,312,261" oya="2" hai0="123,133,96,135,83,37,124,70,73,33,116,61,122" hai1="3,132,94,42,28,40,86,51,48,68,16,1,62" hai2="27,14,107,9,18,63,45,110,101,65,0,103,99" hai3="114,4,49,118,13,15,59,34,106,119,2,39,10"/><V57/><F110/><W126/><G39/><T58/><D33/><U93/><E132/><N who="0" m="50761" /><D96/><U64/><E28/><V8/><F103/><W100/><G100/><T29/><D29/><U71/><E86/><V23/><F0/><W104/><G34/><T130/><D83/><U12/><E62/><V120/><F120/><N who="0" m="46122" /><D73/><U7/><E64/><V38/><REACH who="2" step="1"/><F27/><REACH who="2" ten="172,255,302,261" step="2"/><W43/><G2/><T112/><D112/><U105/><E1/><V36/><F36/><W21/><G114/><T60/><D37/><U53/><E3/><V19/><F19/><W111/><G111/><T129/><D116/><U77/><E16/><V95/><F95/><W125/><G119/><T97/><D124/><U75/><E93/><V98/><F98/><W26/><G118/><T30/><D97/><U79/><E94/><V90/><F90/><W113/><G113/><T74/><D30/><U44/><E105/><V50/><F50/><W35/><G26/><T85/><D74/><U127/><E75/><V52/><F52/><W67/><G125/><T69/><D85/><U84/><E84/><V22/><F22/><W131/><G126/><T6/><D6/><U121/><E127/><V88/><F88/><W20/><G20/><T47/><D61/><U117/><E121/><V91/><F91/><W81/><G21/><T108/><D108/><U115/><E115/><V41/><AGARI ba="1,1" hai="8,9,14,18,23,38,41,45,57,63,65,99,101,107" machi="41" ten="30,6000,0" yaku="1,1,0,1,52,1,53,0" doraHai="11" doraHaiUra="80" who="2" fromWho="2" sc="172,-21,255,-21,302,73,261,-21" /><INIT seed="2,2,0,4,3,24" ten="151,234,375,240" oya="2" hai0="66,58,60,74,129,84,57,127,50,55,53,79,51" hai1="116,76,80,120,41,118,92,88,110,32,28,119,17" hai2="31,102,4,81,112,67,114,44,105,5,10,49,42" hai3="68,29,95,130,35,132,33,104,73,25,38,11,13"/><V8/><F67/><W9/><G104/><T23/><D127/><U111/><E41/><V78/><F10/><W133/><G73/><T37/><D37/><U21/><E120/><V107/><F5/><W12/><G68/><T85/><D129/><U30/><E32/><N who="3" m="12362" /><G95/><T54/><D74/><U115/><E115/><V0/><F31/><W48/><G48/><T7/><D7/><U121/><E121/><V122/><F122/><W135/><G38/><T89/><D79/><U64/><E64/><V65/><F65/><W134/><G130/><T56/><D23/><U45/><E45/><V69/><F69/><W98/><G98/><T14/><D14/><N who="3" m="5737" /><G135/><T91/><REACH who="0" step="1"/><D54/><REACH who="0" ten="141,234,375,240" step="2"/><U59/><E21/><AGARI ba="2,1" hai="9,11,21,25,29,132,133,134" m="5737,12362" machi="21" ten="40,8000,1" yaku="20,1,34,2,52,1" doraHai="24" who="3" fromWho="1" sc="141,0,234,-86,375,0,240,96" /><INIT seed="3,0,0,1,5,83" ten="141,148,375,336" oya="3" hai0="86,53,103,41,67,2,27,42,90,75,70,118,63" hai1="91,123,78,100,131,16,95,20,47,29,48,51,13" hai2="28,8,122,96,33,106,23,40,120,12,34,130,116" hai3="3,129,57,9,45,81,111,59,65,104,24,52,5"/><W107/><G129/><T82/><D118/><U132/><E131/><V14/><F40/><W6/><G111/><T108/><D108/><U69/><E132/><V38/><F38/><W85/><G5/><T98/><D2/><U64/><E123/><N who="2" m="47147" /><F130/><W110/><G24/><T79/><D53/><U22/><E78/><V58/><F58/><W89/><G110/><T71/><D71/><U126/><E126/><V46/><F46/><W76/><G76/><T125/><D125/><U93/><E100/><V19/><F106/><W92/><G92/><T55/><D55/><U37/><E37/><V25/><F96/><W87/><G87/><T61/><D61/><U50/><E47/><V36/><F36/><W18/><G18/><T117/><D117/><U7/><E7/><N who="2" m="3103" /><F116/><W49/><REACH who="3" step="1"/><G45/><REACH who="3" ten="141,148,375,326" step="2"/><T114/><D114/><U128/><E128/><V68/><F68/><W0/><G0/><T135/><D135/><U60/><REACH who="1" step="1"/><E91/><REACH who="1" ten="141,138,375,326" step="2"/><V11/><AGARI ba="0,2" hai="11,14,19,23,25,28,33,34" m="3103,47147" machi="11" ten="30,4000,0" yaku="13,1,34,2" doraHai="83" who="2" fromWho="2" sc="141,-10,138,-10,375,60,326,-20" /><INIT seed="4,0,0,4,1,14" ten="131,128,435,306" oya="0" hai0="101,80,58,41,72,82,4,94,84,37,64,12,87" hai1="35,21,104,7,54,15,13,24,85,109,0,60,68" hai2="76,105,42,126,86,39,112,29,49,116,8,90,79" hai3="93,103,32,128,46,23,89,131,122,51,91,65,73"/><T123/><D123/><U26/><E104/><V119/><F112/><W99/><G32/><T17/><D72/><U114/><E109/><V74/><F39/><W111/><G111/><T108/><D108/><U96/><E96/><V19/><F105/><W117/><G73/><T110/><D4/><U56/><E114/><V3/><F29/><W133/><G117/><N who="2" m="45129" /><F74/><W25/><G65/><T125/><D125/><U18/><E68/><V83/><F126/><W1/><G1/><T67/><D110/><U6/><E0/><V47/><F19/><W81/><G133/><T33/><D33/><U115/><E115/><V38/><F49/><W52/><G122/><T5/><D5/><AGARI ba="0,0" hai="3,5,8,38,42,47,76,79,83,86,90" m="45129" machi="5" ten="30,1000,0" yaku="12,1" doraHai="14" who="2" fromWho="0" sc="131,-10,128,0,435,10,306,0" /><INIT seed="5,0,0,1,4,46" ten="121,128,445,306" oya="1" hai0="131,42,115,102,97,58,119,1,133,77,80,86,17" hai1="124,65,92,106,104,117,69,88,21,67,130,90,128" hai2="11,63,60,59,70,4,76,114,134,55,111,68,110" hai3="51,35,108,34,22,116,121,64,101,129,66,14,39"/><U112/><E117/><V53/><F134/><W89/><G108/><T31/><D119/><U19/><E112/><V20/><F114/><W61/><G39/><T40/><D115/><U100/><E124/><V73/><F20/><W87/><G121/><T126/><D126/><U6/><E6/><V27/><F27/><W32/><G101/><T82/><D133/><U23/><E100/><V13/><F76/><W48/><G129/><T2/><D131/><U24/><E24/><V79/><F79/><W123/><G123/><T96/><D31/><U62/><E62/><V52/><F73/><W49/><G61/><T45/><D17/><U135/><E135/><V57/><F55/><W37/><G37/><T3/><D82/><U15/><E19/><V5/><F4/><W81/><REACH who="3" step="1"/><G116/><REACH who="3" ten="121,128,445,296" step="2"/><T43/><D102/><U36/><E36/><V75/><F75/><W94/><G94/><T47/><REACH who="0" step="1"/><D58/><REACH who="0" ten="111,128,445,296" step="2"/><U18/><E128/><V72/><F72/><W122/><G122/><T9/><D9/><U132/><E130/><V7/><F111/><W109/><G109/><T10/><D10/><U99/><E132/><V125/><F110/><W85/><G85/><T50/><D50/><U95/><E69/><V30/><F125/><W56/><G56/><T33/><D33/><U41/><E21/><V8/><F70/><W38/><G38/><T113/><D113/><U29/><E23/><V54/><F68/><W84/><G84/><T74/><D74/><U28/><E99/><AGARI ba="0,2" hai="1,2,3,40,42,43,45,47,77,80,86,96,97,99" machi="99" ten="50,1600,0" yaku="1,1,53,0" doraHai="46" doraHaiUra="25" who="0" fromWho="1" sc="111,36,128,-16,445,0,296,0" /><INIT seed="6,0,0,5,3,34" ten="147,112,445,296" oya="2" hai0="50,120,123,103,121,26,130,105,88,99,108,132,91" hai1="57,135,110,126,18,33,60,85,122,46,107,72,23" hai2="56,113,69,13,27,109,116,6,1,41,38,39,54" hai3="48,9,66,52,133,89,65,29,44,78,82,119,131"/><V106/><F13/><W117/><G131/><T47/><D108/><U71/><E110/><V100/><F27/><W111/><G111/><T128/><D132/><U58/><E72/><V81/><F81/><W45/><G133/><T67/><D67/><U10/><E135/><V11/><F113/><W62/><G29/><T55/><REACH who="0" step="1"/><D26/><REACH who="0" ten="137,112,445,296" step="2"/><U20/><E122/><V104/><F109/><W77/><G66/><T15/><D15/><U87/><E126/><V40/><F116/><W30/><G65/><T51/><D51/><U112/><E112/><V127/><F127/><W3/><G48/><T16/><D16/><U76/><E18/><V35/><F39/><W24/><G24/><T98/><D98/><U115/><E115/><V124/><F38/><W53/><G119/><T97/><D97/><U49/><E49/><V86/><F124/><W2/><G117/><T74/><D74/><U73/><E73/><V84/><F69/><W134/><G134/><T83/><D83/><U43/><E87/><V79/><F86/><W96/><G82/><T8/><D8/><U4/><E85/><V102/><F11/><W22/><G9/><T80/><D80/><U37/><E10/><V61/><F84/><W17/><G17/><T31/><D31/><U19/><E19/><V101/><F61/><W14/><G30/><T42/><D42/><U64/><E43/><V94/><F41/><W95/><G14/><T114/><D114/><U7/><E37/><V63/><F63/><W68/><G62/><T21/><D21/><U75/><E60/><V0/><F40/><W129/><G68/><RYUUKYOKU ba="0,1" sc="137,30,112,-10,445,-10,296,-10" hai0="47,50,55,88,91,99,103,105,120,121,123,128,130" /><INIT seed="7,1,1,4,2,67" ten="167,102,435,286" oya="3" hai0="42,11,111,96,41,12,22,74,68,131,37,51,33" hai1="50,118,86,93,103,130,19,109,6,47,52,79,21" hai2="85,90,36,43,84,34,77,62,13,18,119,81,25" hai3="8,49,39,108,94,59,83,30,100,125,2,97,3"/><W15/><G39/><T133/><D111/><U98/><E109/><V135/><F119/><W127/><G108/><T76/><D33/><U7/><E130/><V1/><F1/><W61/><G49/><T63/><D37/><U124/><E124/><N who="3" m="47690" /><G83/><T92/><D131/><U129/><E129/><V14/><F135/><W116/><G30/><T65/><D22/><U40/><E118/><V105/><F36/><W91/><G100/><T112/><D133/><U46/><E79/><V113/><F81/><W38/><G38/><T58/><D112/><U28/><E28/><V99/><F77/><W20/><G20/><T23/><D23/><U32/><E32/><V75/><F34/><W10/><G10/><T29/><D29/><U35/><E35/><V72/><F113/><W70/><G70/><T17/><D74/><U128/><E128/><V115/><F115/><W0/><G116/><T78/><D41/><U57/><E86/><V117/><F43/><W4/><G0/><T24/><D24/><U54/><E46/><V16/><F117/><W126/><N who="3" m="47698" /><W107/><DORA hai="44" /><G107/><T89/><D68/><U82/><E82/><V88/><F25/><W66/><AGARI ba="1,1" hai="2,3,4,8,15,59,61,66,91,94,97" m="47698" machi="66" ten="40,2100,0" yaku="18,1" doraHai="67,44" who="3" fromWho="3" sc="167,-8,102,-8,435,-8,286,34" /><INIT seed="7,2,0,0,2,74" ten="159,94,427,320" oya="3" hai0="6,92,100,34,88,82,12,30,73,5,126,39,51" hai1="56,57,135,83,48,33,66,133,78,3,97,35,93" hai2="105,55,113,18,98,44,11,80,8,10,16,45,76" hai3="118,77,119,75,43,62,67,47,79,99,95,70,19"/><W60/><G60/><T108/><D39/><U36/><E36/><V81/><F113/><W15/><G75/><T7/><D108/><U134/><E3/><V0/><F0/><W1/><G1/><T24/><D126/><U116/><E116/><V132/><F132/><W9/><G118/><T46/><D100/><U114/><E114/><V13/><F105/><W4/><G4/><T125/><D125/><U59/><E48/><N who="2" m="29063" /><F98/><W89/><REACH who="3" step="1"/><G119/><REACH who="3" ten="159,94,427,310" step="2"/><T21/><D73/><U102/><REACH who="1" step="1"/><E66/><REACH who="1" ten="159,84,427,310" step="2"/><V54/><F18/><W71/><G71/><T2/><D2/><U65/><E65/><V52/><F16/><W37/><AGARI ba="2,2" hai="9,15,19,37,43,47,62,67,70,77,79,89,95,99" machi="37" ten="20,18000,2" yaku="1,1,0,1,7,1,52,2,53,1" doraHai="74" doraHaiUra="40" who="3" fromWho="3" sc="159,-62,84,-62,427,-62,310,206" owari="97,-30.3,22,-47.8,365,16.5,516,61.6" /></mjloggm>