<mjloggm ver="2.3"><GO type="225" lobby="0"/><UN n0="%E6%A3%AE%E5%B1%B1%E7%94%B0%E7%9B%B4%E5%A4%AA%E6%9C%97%E4%B9%8B%E4%BB%8B" n1="%E5%B0%8F%E9%B3%A5%E9%81%8A%E7%B7%B4%E7%84%A1%32%31%E6%AD%B3" n2="%E3%81%8B%E3%82%8F%E3%81%A1%E3%82%83%E3%82%93%35%38" n3="%E3%83%B4%E3%83%A0%EF%BC%99%E3%81%A6" dan="16,16,16,17" rate="2195.47,2149.32,2147.32,2117.51" sx="M,F,M,M"/><TAIKYOKU oya="0"/><INIT seed="0,0,0,5,0,70" ten="250,250,250,250" oya="0" hai0="31,105,118,109,46,61,102,90,133,128,113,129,121" hai1="47,72,24,6,13,7,43,10,107,36,132,20,134" hai2="112,57,67,30,84,103,97,92,80,22,14,69,42" hai3="106,64,28,98,88,66,26,123,9,37,56,73,35"/><T89/><D31/><U125/><E107/><V104/><F112/><W85/><G73/><T51/><D61/><U83/><E125/><V99/><F69/><W101/><G123/><T131/><D121/><U120/><E120/><V95/><F104/><W39/><G9/><T78/><D78/><U5/><E72/><V41/><F57/><W15/><G15/><T38/><D118/><U62/><E83/><V12/><F67/><W29/><G29/><T45/><D113/><U108/><E62/><V59/><F59/><W75/><G75/><T60/><D60/><U124/><E108/><V4/><F4/><W93/><REACH who="3" step="1"/><G56/><REACH who="3" ten="250,250,250,240" step="2"/><T135/><D109/><U17/><REACH who="1" step="1"/><E124/><REACH who="1" ten="250,240,250,240" step="2"/><V34/><F34/><W44/><G44/><T2/><D45/><U33/><E33/><V0/><F0/><W82/><G82/><T50/><D2/><U122/><E122/><V63/><F80/><W100/><G100/><T1/><D1/><U110/><E110/><V52/><F103/><W130/><G130/><T91/><D102/><U114/><E114/><V55/><F92/><W127/><G127/><T53/><D105/><U16/><AGARI ba="0,2" hai="5,6,7,10,13,16,17,20,24,36,43,47,132,134" machi="16" ten="30,8000,1" yaku="1,1,0,1,52,1,54,1,53,1" doraHai="70" doraHaiUra="19" who="1" fromWho="1" sc="250,-40,240,100,250,-20,240,-20" /><INIT seed="1,0,0,5,3,62" ten="210,340,230,220" oya="1" hai0="52,119,95,18,79,83,103,21,65,113,90,40,49" hai1="23,76,57,108,36,116,81,0,69,6,26,61,74" hai2="134,132,92,44,129,102,118,106,10,84,89,130,122" hai3="27,24,77,35,97,19,64,47,9,15,78,133,11"/><U17/><E116/><V14/><F44/><W1/><G133/><N who="2" m="51305" /><F14/><W38/><G97/><T107/><D119/><U59/><E36/><V41/><F10/><W72/><G35/><T16/><D113/><U93/><E93/><V25/><F25/><W50/><G38/><T7/><D7/><U98/><E98/><N who="2" m="61783" /><F41/><W87/><G72/><T131/><D131/><N who="2" m="50186" /><F118/><W51/><G1/><T31/><D40/><U117/><E117/><V110/><F110/><W82/><G9/><T114/><D114/><U46/><E108/><V68/><F68/><W104/><G24/><N who="0" m="16783" /><D107/><U126/><E46/><V111/><F111/><W3/><G104/><T71/><D71/><U123/><E0/><V63/><F63/><W28/><G3/><T30/><D30/><U70/><E6/><V99/><F122/><W121/><G121/><T56/><D103/><U60/><E123/><V66/><F66/><W128/><G128/><T85/><D65/><U125/><E70/><V13/><F13/><W22/><G64/><T100/><D100/><U2/><E69/><V75/><F75/><W12/><G12/><T101/><D101/><U54/><REACH who="1" step="1"/><E2/><REACH who="1" ten="210,330,230,220" step="2"/><V58/><F58/><W33/><G47/><T4/><D4/><U5/><E5/><V80/><F99/><AGARI ba="0,1" hai="16,18,49,52,56,79,83,85,90,95,99" m="16783" machi="99" ten="30,3900,0" yaku="8,1,54,2" doraHai="62" who="0" fromWho="2" sc="210,49,330,0,230,-39,220,0" /><INIT seed="2,0,0,4,0,129" ten="259,330,191,220" oya="2" hai0="5,36,80,11,66,121,112,90,52,85,91,69,9" hai1="73,89,107,53,19,82,134,68,131,27,57,123,126" hai2="124,117,115,118,21,47,26,119,125,20,58,12,30" hai3="38,92,128,56,49,110,41,40,104,87,101,78,13"/><V48/><F58/><W77/><G38/><T74/><D36/><U29/><E123/><V116/><N who="2" m="29696" /><DORA hai="132" /><V55/><F115/><W96/><G128/><T51/><D112/><U35/><E134/><V105/><F105/><W114/><G114/><T10/><D74/><U103/><E131/><V113/><F113/><W109/><G104/><T37/><D37/><U43/><E68/><V17/><AGARI ba="0,0" hai="12,17,20,21,26,30,47,48,55,124,125" m="29696" machi="17" ten="60,11700,0" yaku="0,1,52,2" doraHai="129,132" who="2" fromWho="2" sc="259,-39,330,-39,191,117,220,-39" /><INIT seed="2,1,0,4,2,25" ten="220,291,308,181" oya="2" hai0="78,86,134,100,36,105,68,17,127,72,61,122,81" hai1="59,65,8,31,84,21,120,124,74,82,85,52,11" hai2="73,97,49,118,26,107,5,126,98,4,92,104,83" hai3="94,47,24,96,10,111,27,34,116,2,32,16,130"/><V132/><F118/><W15/><G116/><T77/><D36/><U33/><E33/><V135/><F126/><W20/><G111/><T79/><D127/><U108/><E65/><V87/><F49/><W19/><G130/><T75/><D17/><U50/><E124/><V103/><F26/><W45/><G2/><T114/><D61/><U23/><E74/><N who="0" m="28201" /><D68/><U113/><E113/><V63/><F63/><W76/><G76/><N who="0" m="29291" /><D114/><U39/><E39/><V57/><F57/><W18/><G32/><T62/><D62/><U3/><E108/><V133/><F73/><W6/><G34/><T48/><D48/><U56/><E50/><V44/><F44/><W112/><G112/><T14/><D14/><U110/><E110/><V109/><F109/><W1/><G1/><T7/><D7/><N who="2" m="2634" /><F98/><W95/><G95/><T123/><D134/><U71/><E71/><V54/><F54/><W129/><G129/><T58/><D58/><U89/><E3/><V35/><F35/><W13/><G13/><T64/><D64/><U22/><E52/><V38/><F38/><W101/><REACH who="3" step="1"/><G24/><REACH who="3" ten="220,291,308,171" step="2"/><T29/><D123/><U119/><E119/><V106/><F83/><W60/><G60/><T88/><D122/><U91/><E120/><V69/><F69/><W30/><AGARI ba="1,1" hai="6,10,15,16,18,19,20,27,30,45,47,94,96,101" machi="30" ten="30,8000,1" yaku="1,1,0,1,8,1,52,1,54,1,53,0" doraHai="25" doraHaiUra="115" who="3" fromWho="3" sc="220,-21,291,-21,308,-41,171,93" /><INIT seed="3,0,0,0,1,36" ten="199,270,267,264" oya="3" hai0="4,57,86,105,30,112,3,93,1,104,128,31,42" hai1="108,55,115,16,126,68,52,130,54,63,15,21,62" hai2="100,124,80,119,94,35,47,121,0,131,82,43,5" hai3="99,106,132,53,67,120,58,135,76,72,56,117,97"/><W123/><G117/><T23/><D112/><U24/><E115/><V25/><F119/><W11/><G11/><T134/><D134/><N who="3" m="51241" /><G67/><T88/><D128/><U7/><E130/><V48/><F131/><W38/><G38/><T127/><D127/><U60/><E126/><V116/><F116/><W118/><G118/><T59/><D42/><U107/><E107/><V96/><F124/><W20/><G20/><T87/><D23/><U109/><E68/><V22/><F35/><W61/><G58/><T75/><D75/><U49/><E49/><V26/><F121/><N who="3" m="46667" /><G106/><T9/><D1/><U41/><E41/><V89/><F25/><W129/><G129/><T98/><D105/><U133/><E133/><V6/><F0/><W19/><G19/><T102/><REACH who="0" step="1"/><D86/><REACH who="0" ten="189,270,267,264" step="2"/><U8/><AGARI ba="0,1" hai="7,8,15,16,21,24,52,54,55,60,62,63,108,109" machi="8" ten="40,5200,0" yaku="0,1,54,2" doraHai="36" who="1" fromWho="1" sc="189,-13,270,62,267,-13,264,-26" owari="176,-32.4,332,43.2,254,5.4,238,-16.2" /></mjloggm>