<mjloggm ver="2.3"><GO type="169" lobby="0"/><UN n0="%E3%83%9E%E3%82%B9%E3%82%BF%E3%83%BC%E3%83%93%E3%83%BC%E3%83%AB" n1="%E8%B5%A4%E7%BE%8E%E6%BF%83%E3%81%BE%E3%81%90%E3%82%8D" n2="%E7%B4%94%E5%85%A8%E5%B8%AF%E4%B8%89%E8%89%B2" n3="%E5%B9%B3%E5%92%8C%6E%6F%6D%69" dan="16,16,16,16" rate="2196.16,2185.94,2095.64,2069.93" sx="M,M,M,M"/><TAIKYOKU oya="0"/><INIT seed="0,0,0,0,0,6" ten="250,250,250,250" oya="0" hai0="52,107,5,33,18,19,10,130,38,123,17,16,94" hai1="22,35,118,62,85,125,1,128,92,67,116,96,61" hai2="54,4,29,39,14,3,41,109,122,68,115,78,12" hai3="129,93,106,55,74,2,95,126,69,72,34,114,48"/><T86/><D123/><U53/><E35/><V77/><F68/><W24/><G114/><T71/><D107/><U100/><E1/><V51/><F109/><W113/><G113/><T102/><D71/><U27/><E125/><V23/><F122/><W88/><G106/><T31/><D38/><U66/><E128/><V73/><F115/><W42/><G69/><T58/><D130/><U45/><E85/><V121/><F121/><W124/><G42/><T87/><D33/><U21/><E21/><V83/><F77/><W119/><G119/><T70/><D31/><U111/><E111/><V110/><F110/><W117/><G117/><T46/><D46/><U63/><E118/><V120/><F120/><W40/><G40/><T90/><D70/><U101/><E101/><V65/><F65/><N who="1" m="24585" /><E116/><V59/><F23/><W36/><G36/><T135/><D102/><U0/><E0/><V43/><F43/><W64/><G64/><T75/><D75/><U80/><E80/><V133/><F133/><W44/><G95/><T79/><D135/><U30/><E45/><N who="2" m="23743" /><F29/><N who="3" m="19751" /><G2/><T108/><D108/><U89/><E100/><V8/><AGARI ba="0,0" hai="3,4,8,12,14,51,54,59,73,78,83" m="23743" machi="8" ten="30,2000,0" yaku="25,1,52,1" doraHai="6" who="2" fromWho="2" sc="250,-10,250,-5,250,20,250,-5" /><INIT seed="1,0,0,3,2,52" ten="240,245,270,245" oya="1" hai0="79,88,66,1,128,26,7,9,78,5,10,87,18" hai1="42,125,85,101,37,72,58,131,119,38,114,73,129" hai2="111,47,46,4,103,105,39,133,65,2,98,34,104" hai3="62,36,55,130,70,6,100,21,93,117,68,76,24"/><U132/><E114/><V51/><F111/><W135/><G36/><N who="1" m="13930" /><E42/><V44/><F133/><W56/><G130/><N who="1" m="49674" /><E119/><V63/><F39/><W92/><G135/><T80/><D128/><U69/><E69/><V126/><F126/><W106/><G117/><T95/><D66/><U112/><E132/><V118/><F118/><W35/><G35/><T50/><D50/><U11/><E11/><V122/><F122/><W110/><G110/><T17/><D26/><U15/><E101/><V53/><F105/><W49/><G76/><T32/><D32/><U89/><E15/><V27/><F4/><W22/><G6/><T81/><D81/><N who="1" m="49327" /><E112/><V124/><F2/><W60/><G106/><T97/><REACH who="0" step="1"/><D79/><REACH who="0" ten="230,245,270,245" step="2"/><U74/><E125/><V41/><F124/><W120/><G24/><T23/><D23/><U0/><E0/><AGARI ba="0,1" hai="0,1,5,7,9,10,17,18,78,80,87,88,95,97" machi="0" ten="30,7700,0" yaku="1,1,7,1,9,1,54,1,53,0" doraHai="52" doraHaiUra="48" who="0" fromWho="1" sc="230,87,245,-77,270,0,245,0" /><INIT seed="2,0,0,3,5,68" ten="317,168,270,245" oya="2" hai0="30,131,74,58,84,104,114,5,25,96,10,99,83" hai1="19,79,89,110,0,50,73,106,12,66,17,126,52" hai2="103,101,34,37,105,42,86,62,77,59,107,29,135" hai3="80,112,6,15,130,49,2,14,23,13,90,133,64"/><V134/><F29/><W26/><G130/><T76/><D114/><U100/><E0/><V125/><F34/><W70/><G133/><N who="2" m="50697" /><F125/><W85/><G112/><T95/><D131/><U32/><E32/><V57/><F77/><W117/><G117/><T44/><D104/><N who="2" m="40010" /><F86/><W108/><G108/><T8/><D74/><U7/><E110/><V60/><F42/><W63/><G49/><T97/><D95/><U28/><E126/><V21/><F21/><W81/><G2/><T93/><D93/><U88/><E66/><V121/><F121/><W116/><G116/><T45/><D10/><U91/><E28/><V98/><F37/><W61/><G61/><N who="2" m="23657" /><F98/><W102/><G102/><AGARI ba="0,0" hai="57,59,101,102,103" m="23657,40010,50697" machi="102" ten="40,7700,0" yaku="28,2,20,1" doraHai="68" who="2" fromWho="3" sc="317,0,168,0,270,77,245,-77" /><INIT seed="2,1,0,0,2,109" ten="317,168,347,168" oya="2" hai0="61,17,4,23,83,24,93,120,62,90,55,65,5" hai1="63,121,77,71,12,36,68,112,117,114,101,122,56" hai2="57,97,82,32,74,27,59,133,115,21,52,50,92" hai3="20,28,67,2,111,42,72,130,6,10,123,70,18"/><V107/><F32/><W60/><G123/><N who="1" m="47114" /><E117/><V58/><F133/><W1/><G111/><T39/><D39/><U87/><E101/><V129/><F107/><W31/><G130/><T3/><D120/><U105/><E105/><V14/><F129/><W53/><G72/><T8/><D5/><U89/><E77/><V104/><F104/><W102/><G102/><T44/><D83/><N who="1" m="49407" /><E12/><V100/><F115/><N who="1" m="44073" /><E36/><V132/><F132/><W116/><G1/><T19/><D3/><U135/><E135/><V95/><F14/><W16/><G116/><T119/><D119/><U15/><E15/><V73/><F95/><W113/><G113/><T26/><D93/><U29/><E29/><V33/><F33/><W38/><G28/><T94/><D94/><U99/><E99/><V96/><F96/><W103/><G103/><T126/><D90/><U25/><E25/><V84/><F74/><W127/><G31/><T37/><D37/><U91/><E91/><N who="2" m="51607" /><F73/><W69/><G38/><T128/><D24/><U81/><E81/><V40/><F27/><W41/><G2/><T88/><D26/><U75/><E75/><V134/><F134/><W35/><G35/><T86/><D88/><U9/><E9/><V11/><F11/><W118/><G10/><T79/><D8/><U64/><AGARI ba="1,0" hai="56,63,64,68,71" m="44073,49407,47114" machi="64" ten="30,7900,0" yaku="13,1,52,3" doraHai="109" who="1" fromWho="1" sc="317,-21,168,82,347,-40,168,-21" /><INIT seed="3,0,0,1,5,131" ten="296,250,307,147" oya="3" hai0="58,46,114,119,102,105,110,111,78,103,44,133,86" hai1="125,20,124,57,104,39,121,51,70,96,3,85,49" hai2="60,26,97,33,73,8,120,134,0,50,123,81,116" hai3="95,56,53,30,109,13,43,48,68,38,108,63,129"/><W65/><G30/><T88/><D119/><U7/><E121/><V98/><F116/><W14/><G95/><T106/><D78/><U42/><E70/><V36/><F50/><W61/><G129/><T107/><D58/><U9/><E20/><V80/><F60/><N who="3" m="39975" /><G13/><T94/><D114/><U117/><E117/><V92/><F26/><W11/><G11/><T23/><D23/><U40/><E85/><V47/><F33/><W83/><G83/><T55/><D55/><N who="1" m="31983" /><E51/><V27/><F27/><W16/><G16/><T72/><D72/><U25/><E25/><V1/><F81/><W127/><G14/><T77/><D46/><U75/><E75/><V82/><F82/><W12/><G12/><T62/><D44/><U93/><E104/><V6/><F0/><W64/><G127/><N who="1" m="48714" /><E39/><V69/><F73/><W130/><G130/><T29/><D29/><U100/><AGARI ba="0,0" hai="3,7,9,40,42,93,96,100" m="48714,31983" machi="100" ten="30,1100,0" yaku="18,1" doraHai="131" who="1" fromWho="1" sc="296,-3,250,11,307,-3,147,-5" /><INIT seed="4,0,0,4,4,29" ten="293,261,304,142" oya="0" hai0="104,52,78,115,74,7,51,73,25,135,120,42,90" hai1="121,119,45,34,10,77,97,64,55,6,99,15,108" hai2="93,28,31,95,57,54,125,43,14,92,17,117,91" hai3="20,67,85,23,59,22,132,70,72,11,12,41,100"/><T123/><D115/><U96/><E119/><V53/><F125/><W89/><G72/><T102/><D135/><U126/><E121/><V66/><F117/><W19/><G70/><T112/><D112/><U0/><E126/><V110/><F110/><W133/><G100/><T113/><D113/><U47/><E108/><V40/><F66/><W134/><G41/><N who="2" m="15945" /><F91/><W36/><G36/><T2/><D42/><U114/><E114/><V37/><F37/><W88/><REACH who="3" step="1"/><G85/><REACH who="3" ten="293,261,304,132" step="2"/><T60/><D74/><U50/><E96/><V75/><F75/><W8/><G8/><T107/><D73/><U84/><E99/><V61/><F54/><W13/><G13/><T124/><D52/><U103/><E97/><V80/><F80/><W49/><G49/><T46/><D51/><U129/><E103/><V76/><F76/><W27/><G27/><T101/><D25/><U65/><E84/><V1/><F1/><W118/><G118/><T79/><D2/><U128/><E77/><V130/><F130/><W44/><G44/><T26/><D46/><U94/><E47/><V18/><F14/><W24/><G24/><T30/><D26/><U83/><E15/><V48/><F48/><W33/><G33/><T63/><D124/><U106/><E34/><V82/><F82/><W32/><G32/><T122/><D122/><U39/><E83/><V109/><F109/><W87/><G87/><T56/><D120/><U35/><E35/><V3/><F3/><W71/><G71/><T98/><D123/><U81/><E129/><V68/><F68/><W86/><G86/><T62/><D102/><RYUUKYOKU ba="0,1" sc="293,-15,261,-15,304,15,132,15" hai2="17,18,28,31,53,57,61,92,93,95" hai3="11,12,19,20,22,23,59,67,88,89,132,133,134" /><INIT seed="5,1,1,4,5,129" ten="278,246,319,147" oya="1" hai0="83,117,63,85,123,66,64,89,43,92,2,6,114" hai1="131,113,0,1,107,32,124,39,59,106,13,29,41" hai2="102,76,10,112,60,23,49,26,79,72,100,108,22" hai3="56,50,78,36,81,97,99,111,40,35,25,96,5"/><U31/><E59/><V74/><F108/><W105/><G111/><T91/><D117/><U116/><E13/><V122/><F122/><W82/><G105/><T73/><D123/><U52/><E52/><V3/><F49/><W77/><G36/><T135/><D114/><U21/><E21/><V4/><F112/><W8/><G35/><T125/><D125/><U128/><E113/><V80/><F23/><W9/><G25/><T95/><D6/><U54/><E54/><V47/><F47/><W53/><G40/><T33/><D2/><U109/><E109/><V42/><F42/><W126/><G126/><T30/><D30/><U88/><E124/><V61/><F61/><W90/><G90/><T17/><D17/><U110/><E110/><V84/><F60/><W69/><G69/><T67/><D33/><U120/><E120/><V98/><F79/><W87/><REACH who="3" step="1"/><G5/><REACH who="3" ten="278,246,319,137" step="2"/><T45/><D43/><U16/><E41/><V70/><F70/><W48/><G48/><T101/><D89/><U38/><E88/><V12/><F102/><W14/><G14/><T121/><D101/><U93/><E32/><V34/><F12/><W134/><G134/><T65/><D135/><U115/><E115/><V132/><F34/><W37/><G37/><T20/><D121/><U118/><E93/><N who="2" m="58447" /><F132/><W71/><G71/><T62/><D95/><U94/><E94/><V27/><F27/><W19/><G19/><AGARI ba="1,2" hai="0,1,16,19,29,31,38,39,106,107,116,118,128,131" machi="19" ten="25,4800,0" yaku="22,2,54,1" doraHai="129" who="1" fromWho="3" sc="278,0,246,71,319,0,137,-51" /><INIT seed="5,2,0,4,4,21" ten="278,317,319,86" oya="1" hai0="48,79,38,62,43,95,5,116,36,128,24,61,109" hai1="57,2,122,126,72,86,75,135,73,27,70,22,97" hai2="111,49,92,117,129,81,34,14,42,54,29,3,76" hai3="94,9,82,89,125,1,103,50,90,106,6,35,88"/><U133/><E122/><V28/><F3/><W63/><G125/><T123/><D109/><U64/><E2/><V110/><F117/><W16/><G35/><T4/><D116/><U17/><E70/><V114/><F42/><W98/><G50/><T7/><D128/><U119/><E119/><V134/><F134/><N who="1" m="51209" /><E126/><V18/><F129/><W26/><G63/><T120/><D79/><U107/><E86/><V56/><F114/><W93/><REACH who="3" step="1"/><G82/><REACH who="3" ten="278,317,319,76" step="2"/><T127/><D48/><U115/><E115/><V85/><F34/><W8/><G8/><T11/><D11/><U23/><E23/><AGARI ba="2,1" hai="1,6,9,16,23,26,88,89,90,93,94,98,103,106" machi="23" ten="40,8000,1" yaku="1,1,52,1,54,2,53,0" doraHai="21" doraHaiUra="46" who="3" fromWho="1" sc="278,0,317,-86,319,0,76,96" /><INIT seed="6,0,0,5,0,75" ten="278,231,319,172" oya="2" hai0="134,32,116,122,95,9,35,52,102,5,34,59,18" hai1="41,38,83,33,66,65,126,73,68,123,117,97,86" hai2="30,15,119,98,58,11,115,104,53,51,133,63,109" hai3="29,16,71,67,37,88,100,132,60,62,121,1,44"/><V4/><F119/><W40/><G121/><T0/><D122/><U19/><E117/><V105/><F115/><W76/><G1/><T118/><D134/><U47/><E123/><V80/><F133/><W99/><G132/><T91/><D102/><U135/><E126/><V87/><F109/><W74/><G29/><T79/><D18/><U8/><E135/><V25/><F63/><W107/><G62/><T101/><D101/><U124/><E124/><V82/><F98/><W28/><G28/><T106/><D106/><U57/><E33/><V96/><F96/><W21/><G88/><T128/><D128/><U120/><E68/><V103/><F103/><W69/><G69/><T42/><D42/><U112/><E73/><V39/><F39/><W125/><G125/><T49/><REACH who="0" step="1"/><D79/><REACH who="0" ten="268,231,319,172" step="2"/><U70/><E19/><V36/><F104/><W93/><G107/><T77/><D77/><U81/><E41/><V27/><F105/><W56/><G76/><T130/><D130/><U22/><E112/><V114/><F30/><W45/><G74/><T17/><D17/><U14/><E120/><V26/><F114/><W2/><G2/><T89/><D89/><U64/><E70/><V94/><F36/><W31/><G71/><T72/><D72/><U12/><E38/><V55/><F55/><W54/><G31/><T85/><AGARI ba="0,1" hai="0,5,9,32,34,35,49,52,59,85,91,95,116,118" machi="85" ten="40,5200,0" yaku="1,1,0,1,54,1,53,0" doraHai="75" doraHaiUra="78" who="0" fromWho="0" sc="268,62,231,-13,319,-26,172,-13" /><INIT seed="7,0,0,0,3,43" ten="330,218,293,159" oya="3" hai0="48,100,13,33,59,71,63,49,31,87,53,78,25" hai1="8,68,135,10,118,54,75,127,122,131,109,40,22" hai2="62,15,89,27,39,67,2,106,128,79,72,108,47" hai3="18,130,51,24,23,61,105,104,56,93,112,35,21"/><W19/><G112/><T92/><D71/><U28/><E75/><V90/><F108/><W117/><G117/><T32/><D32/><U58/><E68/><V4/><F128/><W121/><G121/><T97/><D78/><U70/><E70/><V64/><F106/><W14/><G130/><T9/><D87/><U96/><E122/><V41/><F15/><W125/><G125/><T124/><D124/><U44/><E127/><V80/><F27/><W123/><G123/><T1/><D1/><U129/><E109/><V126/><F126/><W5/><G35/><T114/><D114/><U34/><E34/><V29/><F29/><W99/><G5/><AGARI ba="0,0" hai="5,9,13,25,31,33,48,49,53,59,63,92,97,100" machi="5" ten="30,1000,0" yaku="7,1" doraHai="43" who="0" fromWho="3" sc="330,10,218,0,293,0,159,-10" owari="340,44.0,218,-18.2,293,9.3,149,-35.1" /></mjloggm>