<mjloggm ver="2.3"><GO type="169" lobby="0"/><UN n0="%E3%82%BC%E3%83%B3%E3%83%84%E3%83%9E%E3%82%B7%E3%83%BC%E3%83%B3" n1="%70%6F%6E%2D%65%6E" n2="%E9%A6%99%E6%A4%8E%E4%BE%91%E5%BF%97" n3="%E2%97%8E%E3%82%88%E3%81%97%E2%97%8E" dan="16,16,16,17" rate="2149.70,2174.66,2107.67,2190.24" sx="M,F,M,M"/><TAIKYOKU oya="0"/><INIT seed="0,0,0,0,1,86" ten="250,250,250,250" oya="0" hai0="103,13,77,80,49,61,69,81,124,132,12,36,56" hai1="115,130,110,84,44,99,128,119,89,50,24,21,71" hai2="98,134,15,17,96,39,4,28,51,116,26,63,25" hai3="95,1,20,127,31,70,120,48,45,57,54,65,102"/><T16/><D36/><U88/><E119/><V38/><F116/><W22/><G1/><T104/><D132/><U55/><E110/><V68/><F134/><W41/><G127/><T114/><D124/><U58/><E71/><V40/><F4/><W14/><G120/><T108/><D114/><U125/><E125/><V3/><F3/><W83/><G83/><T32/><D32/><U92/><E115/><V9/><F25/><W135/><G135/><T59/><D69/><U106/><E106/><V100/><F51/><W7/><G31/><T73/><D108/><U82/><REACH who="1" step="1"/><E58/><REACH who="1" ten="250,240,250,250" step="2"/><V133/><F133/><W109/><G109/><T113/><D59/><U47/><E47/><V117/><F117/><W121/><G70/><T18/><D113/><U33/><E33/><V111/><F111/><W5/><G121/><T8/><D104/><U0/><E0/><V72/><F68/><W76/><G57/><T27/><D56/><U94/><E94/><V74/><F63/><W19/><G45/><T62/><D62/><U34/><E34/><V123/><F123/><W46/><G95/><T129/><D61/><U105/><E105/><V79/><F38/><W85/><G46/><T53/><D129/><U67/><E67/><V122/><F122/><W43/><G65/><T90/><D80/><U42/><E42/><V78/><F40/><W101/><G41/><T126/><D81/><U118/><E118/><V37/><F37/><W64/><G43/><T112/><D112/><U23/><E23/><N who="2" m="15455" /><F39/><W10/><G64/><T60/><D126/><U6/><E6/><N who="3" m="2058" /><G20/><T131/><D131/><RYUUKYOKU ba="0,1" sc="250,-10,240,30,250,-10,250,-10" hai1="21,24,44,50,55,82,84,88,89,92,99,128,130" /><INIT seed="1,1,1,3,4,68" ten="240,270,240,240" oya="1" hai0="29,79,124,62,104,122,65,61,49,114,84,26,95" hai1="130,94,123,92,47,51,8,133,27,35,100,126,53" hai2="71,128,72,67,56,38,52,119,59,54,0,63,50" hai3="86,45,74,109,48,24,77,30,43,121,111,70,110"/><U82/><E123/><V103/><F72/><W36/><G121/><T108/><D114/><U76/><E126/><V81/><F0/><W17/><G17/><T60/><D108/><U112/><E112/><V90/><F103/><W5/><G86/><T98/><D122/><U40/><E130/><V10/><F10/><W42/><G5/><T97/><D124/><U13/><E133/><V80/><F119/><W106/><G43/><T23/><D104/><U1/><E1/><V64/><F64/><W4/><G4/><T19/><D49/><U131/><E100/><V69/><F69/><W107/><G48/><T46/><D46/><U18/><E131/><V120/><F120/><W3/><G70/><T73/><D73/><U2/><E2/><V129/><F81/><N who="3" m="45239" /><G3/><T15/><D65/><U28/><REACH who="1" step="1"/><E40/><REACH who="1" ten="240,260,240,240" step="2"/><V113/><F113/><W99/><G99/><T134/><D134/><U115/><E115/><V85/><REACH who="2" step="1"/><F38/><REACH who="2" ten="240,260,230,240" step="2"/><W41/><G41/><T105/><D105/><U78/><E78/><V117/><F117/><W55/><G111/><T83/><REACH who="0" step="1"/><D95/><REACH who="0" ten="230,260,230,240" step="2"/><U87/><AGARI ba="1,4" hai="8,13,18,27,28,35,47,51,53,76,82,87,92,94" machi="87" ten="20,3900,0" yaku="1,1,0,1,7,1,53,0" doraHai="68" doraHaiUra="135" who="1" fromWho="1" sc="230,-14,260,82,230,-14,240,-14" /><INIT seed="1,2,0,3,2,99" ten="216,342,216,226" oya="1" hai0="34,36,63,82,80,129,100,9,126,18,8,77,72" hai1="28,33,55,92,128,88,90,108,31,93,101,133,56" hai2="113,135,22,123,45,23,21,96,103,73,130,59,61" hai3="115,14,60,65,74,78,124,35,19,50,81,85,24"/><U75/><E75/><V66/><F123/><W13/><G124/><T119/><D119/><U118/><E118/><V69/><F135/><W46/><G115/><T40/><D126/><U68/><E68/><V70/><F130/><W17/><G74/><T94/><D129/><U32/><E128/><V134/><F134/><W47/><G35/><T131/><D131/><U43/><E43/><V106/><F113/><W98/><G98/><N who="0" m="59479" /><D34/><U4/><E4/><V71/><F73/><W111/><G111/><T3/><D3/><U104/><E56/><V91/><F91/><W6/><G6/><T39/><D39/><U117/><E55/><V25/><REACH who="2" step="1"/><F45/><REACH who="2" ten="216,342,206,226" step="2"/><W109/><G46/><T54/><D72/><U102/><E133/><V20/><F20/><W44/><G47/><T95/><D77/><U116/><E108/><V7/><F7/><W84/><G44/><T1/><D36/><U87/><E87/><V114/><F114/><W58/><G84/><T79/><D79/><U10/><E10/><V83/><F83/><W2/><G85/><T49/><D82/><U30/><E30/><AGARI ba="2,1" hai="21,22,23,25,30,59,61,66,69,70,71,96,103,106" machi="30" ten="40,2600,0" yaku="1,1,52,1,53,0" doraHai="99" doraHaiUra="41" who="2" fromWho="1" sc="216,0,342,-32,206,42,226,0" /><INIT seed="2,0,0,1,4,41" ten="216,310,248,226" oya="2" hai0="109,107,69,28,19,50,0,120,58,85,87,2,103" hai1="35,108,15,91,100,75,124,123,33,68,4,86,65" hai2="122,106,61,110,118,37,128,8,71,16,77,80,112" hai3="63,126,7,59,46,90,119,115,133,9,92,94,82"/><V129/><F112/><W95/><G119/><T67/><D120/><U62/><E75/><V21/><F118/><W6/><G115/><T78/><D109/><U93/><E108/><V70/><F122/><W29/><G126/><T135/><D69/><U104/><E123/><V17/><F106/><W23/><G133/><T84/><D78/><U55/><E124/><V30/><F37/><W111/><G111/><T83/><D83/><U49/><E104/><V38/><F38/><W48/><G29/><T79/><D79/><U11/><REACH who="1" step="1"/><E100/><REACH who="1" ten="216,300,248,226" step="2"/><V20/><F110/><W105/><G105/><T14/><D103/><U116/><E116/><V132/><F132/><W76/><G90/><T101/><D101/><U72/><E72/><V31/><F77/><W117/><G117/><T18/><D107/><U74/><E74/><V125/><F125/><W121/><G121/><T51/><D135/><U36/><E36/><V32/><F129/><W42/><G23/><T88/><D88/><U43/><E43/><V39/><F39/><W99/><G9/><T5/><D85/><U134/><E134/><V64/><F8/><W73/><REACH who="3" step="1"/><G99/><REACH who="3" ten="216,300,248,216" step="2"/><T57/><D84/><U34/><E34/><V40/><F32/><W81/><G81/><T113/><D87/><U97/><E97/><V22/><F80/><W54/><AGARI ba="0,2" hai="6,7,42,46,48,54,59,63,73,76,82,92,94,95" machi="54" ten="30,8000,1" yaku="1,1,0,1,52,1,53,2" doraHai="41" doraHaiUra="1" who="3" fromWho="3" sc="216,-20,300,-20,248,-40,216,100" /><INIT seed="3,0,0,2,4,25" ten="196,280,208,316" oya="3" hai0="46,115,32,117,84,126,107,88,11,29,28,131,62" hai1="68,14,133,33,132,78,83,67,66,16,77,112,1" hai2="99,93,123,73,0,95,30,42,129,22,13,18,53" hai3="101,98,135,94,92,130,105,2,75,80,79,37,4"/><W96/><G130/><T97/><D131/><U76/><E1/><V81/><F129/><W63/><G135/><N who="1" m="51786" /><E112/><V70/><F123/><W55/><G37/><T7/><D117/><U116/><E116/><V87/><F73/><W61/><G55/><T44/><D126/><U19/><E33/><V50/><F70/><W108/><G108/><T38/><D115/><U31/><E31/><N who="0" m="11849" /><D38/><U121/><E121/><V52/><F0/><W91/><G2/><T103/><D107/><U125/><E125/><V27/><F42/><W48/><G4/><T47/><D32/><U56/><E56/><V40/><F40/><W54/><G105/><T23/><D62/><N who="1" m="40023" /><E67/><V72/><F72/><W134/><G134/><T6/><D23/><N who="1" m="11671" /><E19/><V5/><F5/><N who="0" m="1546" /><D11/><U57/><E57/><AGARI ba="0,0" hai="48,54,57,61,63,75,79,80,91,92,94,96,98,101" machi="57" ten="30,1500,0" yaku="7,1" doraHai="25" who="3" fromWho="1" sc="196,0,280,-15,208,0,316,15" /><INIT seed="3,1,0,2,2,26" ten="196,265,208,331" oya="3" hai0="119,89,78,21,13,34,61,71,108,74,47,50,27" hai1="51,16,10,129,39,99,79,96,77,33,37,56,105" hai2="120,49,45,53,29,43,133,107,115,36,7,72,14" hai3="41,112,104,5,134,63,57,75,48,86,59,123,55"/><W126/><G75/><T94/><D119/><U130/><E33/><V44/><F115/><W91/><G104/><T122/><D122/><U4/><E51/><V102/><F72/><W131/><G123/><T66/><D108/><U97/><E56/><V135/><F120/><W83/><G126/><T69/><D34/><U114/><E105/><V9/><F102/><W3/><G134/><N who="2" m="51209" /><F107/><W65/><G131/><N who="1" m="50186" /><E114/><V100/><F100/><W18/><G112/><T84/><D13/><N who="1" m="7223" /><E4/><V70/><F70/><W125/><G125/><T35/><D35/><U132/><E132/><V15/><F15/><W127/><G127/><T19/><D71/><U82/><E79/><V121/><F121/><W46/><G3/><T12/><D12/><U62/><E62/><V24/><F24/><W52/><G5/><T76/><REACH who="0" step="1"/><D74/><AGARI ba="1,0" hai="37,39,74,77,82,96,97,99" m="7223,50186" machi="74" ten="30,2000,0" yaku="19,1,54,1" doraHai="26" who="1" fromWho="0" sc="196,-23,265,23,208,0,331,0" /><INIT seed="4,0,0,4,4,95" ten="173,288,208,331" oya="0" hai0="110,35,70,94,105,51,2,127,73,112,113,83,44" hai1="66,122,58,111,129,20,29,115,21,28,101,90,128" hai2="121,77,120,18,50,39,33,82,99,60,62,42,114" hai3="97,56,48,92,78,71,104,80,4,9,108,8,26"/><T64/><D105/><U30/><E111/><V45/><F33/><W76/><G71/><T59/><D70/><U52/><E66/><V93/><F114/><N who="0" m="44138" /><D110/><U91/><E101/><V130/><F130/><N who="1" m="50281" /><E122/><V53/><F18/><W54/><G104/><T135/><D2/><U40/><E40/><V106/><F106/><W117/><G117/><T34/><D135/><U61/><E115/><V133/><F133/><W88/><G108/><T96/><D127/><U27/><E21/><V37/><F120/><W10/><G26/><T103/><D59/><U49/><E61/><V124/><F124/><W118/><G118/><T1/><D1/><U5/><E5/><V85/><F121/><W23/><G23/><T131/><D64/><U19/><AGARI ba="0,0" hai="19,20,27,28,29,30,49,52,58,90,91" m="50281" machi="19" ten="30,2000,0" yaku="19,1,54,1" doraHai="95" who="1" fromWho="1" sc="173,-10,288,20,208,-5,331,-5" /><INIT seed="5,0,0,1,1,38" ten="163,308,203,326" oya="1" hai0="0,103,22,111,98,23,128,34,51,59,55,91,99" hai1="109,42,44,86,82,7,101,74,17,123,106,4,62" hai2="118,28,41,39,54,15,21,73,115,31,72,50,114" hai3="30,132,88,49,3,46,52,112,133,104,71,18,134"/><U107/><E123/><V40/><F118/><W24/><G112/><N who="2" m="43049" /><F39/><W76/><G71/><T84/><D111/><U113/><E74/><N who="2" m="28779" /><F15/><W43/><G104/><T135/><D34/><U27/><E7/><V90/><F90/><W64/><G76/><T120/><D128/><U80/><E107/><V12/><F12/><W60/><G18/><T32/><D32/><U75/><E106/><V127/><F127/><W57/><G3/><T63/><D135/><U8/><E75/><V47/><F28/><W89/><G64/><T94/><D0/><U33/><E17/><V77/><F77/><W25/><G25/><AGARI ba="0,0" hai="21,25,31,40,41,47,50,54" m="28779,43049" machi="25" ten="30,7700,0" yaku="15,1,11,1,52,2" doraHai="38" who="2" fromWho="3" sc="163,0,308,0,203,77,326,-77" /><INIT seed="6,0,0,4,4,75" ten="163,308,280,249" oya="2" hai0="106,27,46,135,126,79,48,38,109,56,80,74,63" hai1="129,118,18,40,93,54,12,96,4,104,47,35,113" hai2="37,50,6,87,10,128,64,49,73,117,13,91,71" hai3="5,110,123,53,67,31,102,7,72,66,108,19,90"/><V2/><F117/><W82/><G123/><T103/><D109/><U119/><E35/><V15/><F73/><W9/><G7/><T8/><D135/><U25/><E113/><V121/><F37/><W22/><G31/><T44/><D126/><U14/><E129/><V105/><F105/><W32/><G32/><T16/><D38/><U85/><E54/><V99/><F99/><W45/><G102/><T112/><D112/><U77/><E25/><V78/><F128/><W34/><G34/><T95/><D106/><U69/><E69/><V120/><F2/><W41/><G53/><T42/><D44/><U101/><E14/><V89/><F6/><W122/><G122/><T52/><D103/><U100/><E100/><V29/><F71/><W23/><G23/><T39/><D95/><U107/><E18/><V51/><F29/><W33/><G33/><T68/><D27/><U116/><E12/><V124/><F124/><W131/><G131/><T84/><D74/><U127/><E4/><V86/><F10/><W55/><G55/><T59/><D59/><U114/><E114/><V134/><F64/><W26/><G66/><N who="0" m="41055" /><D8/><U97/><E97/><V20/><F134/><W60/><G60/><T65/><D65/><U28/><E28/><V1/><F121/><W115/><G67/><T130/><D130/><U125/><E125/><V36/><F120/><W3/><G115/><T94/><D94/><U76/><E127/><V88/><F20/><W83/><G72/><T70/><D70/><U92/><E107/><V21/><F21/><W0/><G108/><T58/><D58/><RYUUKYOKU ba="0,0" sc="163,30,308,-10,280,-10,249,-10" hai0="16,39,42,46,48,52,56,79,80,84" /><INIT seed="7,1,0,2,0,103" ten="193,298,270,239" oya="3" hai0="90,45,100,13,82,37,131,107,29,125,101,10,1" hai1="49,73,132,75,14,50,63,124,40,72,22,21,58" hai2="77,99,9,23,3,60,110,113,98,108,92,35,97" hai3="54,69,106,56,15,128,32,6,27,30,48,84,76"/><W112/><G106/><T135/><D1/><U87/><E132/><V81/><F35/><W129/><G69/><T33/><D135/><U91/><E124/><V36/><F36/><W61/><G112/><T41/><D125/><U53/><E40/><V31/><F60/><W52/><G76/><T134/><D134/><U117/><E117/><V39/><F39/><W122/><G84/><T12/><D131/><U62/><E50/><V120/><F23/><W59/><REACH who="3" step="1"/><G122/><REACH who="3" ten="193,298,270,229" step="2"/><T71/><D71/><U88/><E75/><V55/><F113/><W47/><G47/><T19/><D107/><U4/><E73/><V111/><F120/><W127/><G127/><T123/><D123/><U79/><E72/><V118/><F111/><W25/><G25/><T114/><D114/><U7/><E79/><V17/><F110/><W80/><G80/><T115/><D115/><U44/><E87/><V109/><F81/><W130/><G130/><T0/><D82/><U116/><E44/><V46/><F77/><W121/><G121/><T126/><D126/><U51/><E116/><V18/><F118/><W20/><G20/><T28/><D45/><U85/><E22/><V104/><F104/><W68/><G68/><T95/><D33/><U70/><E85/><V93/><F108/><W83/><G83/><T74/><D74/><U8/><E21/><V96/><F109/><W42/><G42/><T89/><D41/><U94/><E70/><V11/><F46/><W65/><G65/><T102/><D95/><U67/><E94/><V26/><F92/><W2/><G2/><T34/><D0/><RYUUKYOKU ba="1,1" sc="193,-10,298,-10,270,-10,229,30" hai3="6,15,27,30,32,48,52,54,56,59,61,128,129" /><INIT seed="7,2,1,1,2,23" ten="183,288,260,259" oya="3" hai0="97,85,120,92,59,135,58,103,19,106,37,9,104" hai1="117,1,83,38,105,81,77,14,100,108,86,30,131" hai2="133,74,45,25,107,102,8,64,73,128,132,40,91" hai3="78,39,130,121,11,84,53,69,124,15,99,62,51"/><W129/><G121/><T119/><D120/><U57/><E1/><V4/><F128/><N who="3" m="49259" /><G39/><T65/><D119/><U68/><E68/><V101/><F64/><N who="3" m="41111" /><G99/><T3/><D135/><N who="2" m="51786" /><F91/><W18/><G124/><T75/><D75/><N who="2" m="28682" /><F107/><W115/><G115/><T44/><D65/><U54/><E38/><N who="2" m="21655" /><F25/><W35/><G35/><T71/><D71/><U34/><E34/><V17/><F17/><W72/><G72/><T32/><D32/><U48/><E105/><V66/><F66/><W96/><G96/><T114/><D114/><U95/><E117/><V56/><F56/><N who="3" m="32831" /><G84/><T125/><D85/><U87/><E86/><V29/><F29/><W21/><G78/><T43/><D125/><U26/><E87/><V46/><F46/><W42/><G42/><T89/><D106/><U41/><E41/><V94/><F94/><W110/><G110/><T55/><D104/><U61/><E95/><V28/><F28/><W111/><G111/><T127/><D127/><U134/><E30/><V70/><F70/><W36/><G36/><T118/><D118/><U52/><E77/><V112/><F112/><W80/><G80/><T6/><D89/><U16/><E81/><V12/><AGARI ba="2,1" hai="4,8,12,101,102" m="21655,28682,51786" machi="12" ten="30,1100,0" yaku="20,1" doraHai="23" who="2" fromWho="2" sc="183,-5,288,-5,260,27,259,-7" /><INIT seed="8,0,0,3,3,31" ten="178,283,287,252" oya="0" hai0="63,87,52,33,114,71,82,41,30,126,92,106,72" hai1="13,43,111,15,122,1,124,34,42,84,57,135,17" hai2="47,99,39,58,35,19,4,20,28,88,66,130,78" hai3="11,76,103,74,23,73,48,37,79,115,21,85,102"/><T62/><D114/><U123/><E1/><V107/><F4/><W98/><G48/><T93/><D106/><U44/><E34/><V131/><F78/><N who="3" m="29739" /><G98/><T50/><D72/><N who="3" m="27753" /><G85/><T118/><D118/><U105/><E84/><V70/><F70/><W40/><G40/><T5/><D126/><U56/><E124/><V8/><F8/><W67/><G11/><T64/><D41/><U55/><E43/><V69/><F69/><W51/><G51/><T94/><D5/><U49/><E56/><V100/><F47/><W129/><G67/><T16/><D63/><U110/><E44/><V104/><F39/><W61/><G61/><T54/><D50/><U27/><E49/><V89/><F104/><W45/><G45/><T97/><D97/><U125/><E105/><V91/><F58/><W95/><G95/><T80/><D16/><U25/><E17/><V134/><F66/><W116/><G116/><T10/><D10/><U77/><E57/><V90/><F90/><W36/><G129/><T128/><D128/><U18/><E42/><V59/><F59/><W60/><G60/><T2/><D2/><U46/><E46/><V113/><F131/><W22/><G115/><T112/><D112/><U6/><E77/><V65/><F130/><W108/><G108/><T14/><D14/><U127/><E110/><V7/><F113/><W132/><G132/><T109/><D109/><U53/><E111/><V0/><F134/><W117/><G117/><T86/><D86/><U12/><E135/><V101/><F107/><W24/><G24/><N who="0" m="18631" /><D87/><U121/><E127/><V119/><F119/><RYUUKYOKU ba="0,0" sc="178,15,283,-15,287,-15,252,15" hai0="52,54,62,64,71,80,82,92,93,94" hai3="21,22,23,36,37,102,103" /><INIT seed="8,1,0,5,2,112" ten="193,268,272,267" oya="0" hai0="4,41,14,103,71,68,123,65,10,43,124,94,45" hai1="116,49,30,24,69,102,74,115,27,52,59,91,63" hai2="110,56,15,122,85,53,75,119,114,134,35,8,82" hai3="133,80,38,26,104,54,86,50,46,19,23,101,117"/><T67/><D123/><U66/><E116/><V96/><F110/><W118/><G133/><T120/><D120/><U135/><E135/><V126/><F114/><W39/><G101/><T9/><D124/><U64/><E115/><V25/><F75/><W21/><G21/><T111/><D111/><U22/><E74/><V121/><F126/><W90/><REACH who="3" step="1"/><G104/><REACH who="3" ten="193,268,272,257" step="2"/><T60/><D9/><U105/><E105/><V18/><F134/><W6/><G6/><T98/><REACH who="0" step="1"/><D45/><REACH who="0" ten="183,268,272,257" step="2"/><U2/><E22/><N who="2" m="13527" /><F122/><W131/><G131/><T51/><D51/><U100/><E49/><V76/><F121/><W89/><G89/><T31/><D31/><U73/><E91/><V1/><F8/><W107/><G107/><T33/><D33/><U70/><E30/><V48/><F35/><W17/><G17/><T79/><D79/><U92/><E100/><V32/><F32/><W11/><G11/><T62/><AGARI ba="1,2" hai="4,10,14,41,43,60,62,65,67,68,71,94,98,103" machi="62" ten="30,6000,0" yaku="1,1,0,1,9,1,53,0" doraHai="112" doraHaiUra="113" who="0" fromWho="0" sc="183,83,268,-21,272,-21,257,-21" /><INIT seed="8,2,0,3,1,91" ten="266,247,251,236" oya="0" hai0="7,64,130,78,128,124,101,133,98,111,97,11,17" hai1="113,57,62,103,5,74,34,4,131,63,31,21,75" hai2="132,53,46,35,109,123,115,56,93,15,125,41,95" hai3="58,110,77,114,27,55,89,39,73,92,120,86,59"/><T16/><D124/><U6/><E34/><V68/><F115/><W106/><G114/><T18/><D133/><U45/><E113/><V84/><F123/><W129/><G39/><T2/><D111/><U9/><E131/><N who="0" m="50217" /><D78/><U100/><E75/><V85/><F68/><W107/><G129/><T13/><D64/><U126/><E74/><V104/><F104/><W47/><G110/><T70/><D70/><U0/><E0/><V49/><F35/><W8/><G120/><T1/><D98/><U14/><E126/><V102/><F132/><W117/><G117/><T83/><D83/><U38/><E38/><V99/><F125/><W20/><G77/><T112/><D112/><U122/><E122/><V24/><F24/><W37/><G73/><T42/><D42/><U43/><E43/><V69/><F69/><W51/><G37/><T118/><D118/><U76/><E76/><V82/><F82/><W33/><G33/><T19/><N who="0" m="4096" /><DORA hai="81" /><T127/><D127/><U66/><E66/><V29/><F41/><W48/><G8/><T30/><D30/><U3/><E31/><V87/><F29/><W52/><G47/><T72/><D72/><U135/><E45/><V67/><F109/><W44/><G44/><T94/><AGARI ba="2,0" hai="1,2,7,11,13,94,97,101" m="4096,50217" machi="94" ten="50,9600,0" yaku="19,1,52,1,54,1" doraHai="91,81" who="0" fromWho="0" sc="266,102,247,-34,251,-34,236,-34" owari="368,46.8,213,-18.7,217,1.7,202,-29.8" /></mjloggm>