<mjloggm ver="2.3"><GO type="169" lobby="0"/><UN n0="%E3%81%99%E3%81%91%E3%81%B4%E3%82%87%E3%82%93" n1="%E3%81%95%E3%81%8F%E3%82%88%E3%81%93%E3%81%A1%E3%82%83%E3%82%93" n2="%E5%9B%9B%E5%89%AF%E9%9C%B2%E5%8D%98%E9%A8%8E" n3="%68%61%73%68%69%30%30%31" dan="16,16,16,16" rate="2142.31,2047.28,2032.17,2088.32" sx="M,M,F,M"/><TAIKYOKU oya="0"/><INIT seed="0,0,0,3,3,39" ten="250,250,250,250" oya="0" hai0="128,74,6,83,67,40,47,38,49,18,91,117,60" hai1="103,50,5,104,0,1,99,52,82,88,93,61,25" hai2="86,112,114,102,30,31,109,12,7,125,27,9,108" hai3="10,8,23,37,119,97,22,63,94,127,57,43,126"/><T19/><D117/><U4/><E61/><V101/><F86/><W98/><G94/><T120/><D120/><U129/><E129/><V79/><F79/><W132/><G132/><T16/><D128/><U123/><E123/><V56/><F56/><W110/><G110/><N who="2" m="42601" /><F101/><W2/><G57/><T15/><D38/><U21/><E1/><V32/><F102/><W42/><G37/><T69/><D6/><U121/><E0/><V92/><F92/><W111/><G111/><T89/><REACH who="0" step="1"/><D15/><REACH who="0" ten="240,250,250,250" step="2"/><U13/><E13/><V3/><F12/><W28/><G2/><T134/><D134/><U17/><E121/><V72/><F72/><W107/><G107/><T53/><D53/><U73/><E73/><V116/><F116/><W78/><G119/><T130/><D130/><U122/><E122/><V46/><F125/><W26/><G26/><T85/><D85/><N who="1" m="50231" /><E104/><V124/><F124/><W59/><G127/><T64/><D64/><U75/><E75/><V68/><F3/><W131/><G131/><T81/><D81/><U100/><E100/><V24/><F24/><W14/><G126/><T65/><D65/><U55/><E55/><V77/><F27/><W70/><G14/><T135/><D135/><U105/><E105/><V33/><F7/><W51/><G10/><T84/><D84/><U54/><E54/><V62/><F9/><W76/><G8/><T118/><D118/><U20/><E20/><V35/><F35/><W80/><G23/><T41/><D41/><U34/><E34/><V96/><F33/><W115/><G22/><T87/><D87/><U58/><AGARI ba="0,1" hai="4,5,17,21,25,50,52,58,93,99,103" m="50231" machi="58" ten="30,7900,0" yaku="5,1,8,1,54,2" doraHai="39" who="1" fromWho="1" sc="240,-39,250,89,250,-20,250,-20" /><INIT seed="1,0,0,3,5,114" ten="201,339,230,230" oya="1" hai0="59,113,104,64,134,43,76,66,93,80,42,71,77" hai1="85,130,124,31,1,126,92,68,135,84,41,70,119" hai2="78,15,81,109,101,86,98,3,120,24,74,69,0" hai3="6,19,122,73,117,129,46,97,75,63,100,38,123"/><U2/><E130/><V131/><F120/><W35/><G6/><T132/><D113/><U23/><E135/><V5/><F131/><W116/><G19/><T128/><D128/><U102/><E41/><V56/><F109/><W89/><G35/><T91/><D104/><U106/><E106/><V47/><F69/><W20/><G20/><T28/><D71/><U13/><E13/><V112/><F112/><W55/><G89/><T37/><D28/><U39/><E39/><V50/><F56/><W118/><G63/><T44/><D43/><U61/><E61/><V7/><F24/><W103/><G103/><T22/><D22/><U79/><E102/><V27/><F27/><W99/><G99/><T54/><D54/><U26/><E92/><V115/><F74/><N who="3" m="28171" /><G55/><T94/><D94/><U110/><E110/><V36/><F7/><W72/><G72/><N who="0" m="43015" /><D77/><U12/><E79/><V48/><F115/><W53/><G129/><T4/><D4/><U90/><E68/><V82/><F82/><W57/><G57/><T34/><D59/><U88/><E70/><V96/><F5/><W65/><G65/><T14/><D14/><U111/><E12/><V87/><F15/><W33/><G33/><T133/><D34/><U17/><E31/><V107/><F81/><W52/><G38/><T83/><D83/><U29/><E29/><V62/><F36/><W60/><G60/><T108/><D108/><U10/><E111/><V18/><F62/><W95/><G53/><T9/><D9/><U105/><E10/><V127/><F78/><W51/><AGARI ba="0,0" hai="46,51,52,95,97,100,116,117,118,122,123" m="28171" machi="51" ten="40,8000,1" yaku="12,1,52,3,54,1" doraHai="114" who="3" fromWho="3" sc="201,-20,339,-40,230,-20,230,80" /><INIT seed="2,0,0,3,0,88" ten="181,299,210,310" oya="2" hai0="66,70,3,12,123,115,63,99,82,110,40,96,8" hai1="89,83,109,102,14,56,67,65,5,59,107,4,106" hai2="50,53,64,71,39,20,54,122,52,46,108,125,134" hai3="81,32,128,98,76,79,132,24,118,0,114,41,42"/><V55/><F20/><W2/><G118/><T131/><D3/><U43/><E109/><V23/><F122/><W25/><G128/><T57/><D123/><U47/><E102/><V26/><F134/><W34/><G81/><T37/><D115/><U87/><E106/><V126/><F23/><W105/><G98/><T92/><D110/><U21/><E107/><V11/><F26/><W121/><G105/><T85/><D131/><U1/><E1/><V68/><F11/><W19/><G121/><T135/><D135/><U69/><E69/><N who="2" m="26699" /><F64/><W84/><G84/><T93/><D70/><U13/><E65/><V45/><F108/><W28/><G132/><T31/><D31/><U72/><E72/><V36/><F46/><W95/><G19/><T74/><D74/><U133/><E133/><V35/><F35/><W97/><G97/><N who="0" m="37451" /><D37/><AGARI ba="0,0" hai="36,37,39,45,50,52,53,54,55,125,126" m="26699" machi="37" ten="40,7700,0" yaku="34,2,54,1" doraHai="88" who="2" fromWho="0" sc="181,-77,299,0,210,77,310,0" /><INIT seed="2,1,0,1,3,108" ten="104,299,287,310" oya="2" hai0="75,71,49,77,36,45,73,24,21,112,57,127,4" hai1="2,126,104,66,109,38,44,41,9,31,27,93,97" hai2="52,10,70,23,58,35,100,95,88,98,74,94,60" hai3="82,122,106,120,14,62,3,22,114,110,84,125,118"/><V12/><F35/><W117/><G62/><T67/><D127/><U32/><E126/><V79/><F70/><W83/><G125/><T5/><D36/><U18/><E104/><V25/><F74/><W128/><G3/><T47/><D71/><U132/><E109/><V91/><F79/><W13/><G22/><T123/><D123/><U33/><E33/><V26/><F23/><W85/><G106/><T86/><D73/><U63/><E132/><V134/><F134/><W8/><G110/><T20/><D75/><U29/><E29/><V90/><REACH who="2" step="1"/><F94/><REACH who="2" ten="104,299,277,310" step="2"/><W48/><G8/><T59/><D77/><U129/><E32/><V102/><F102/><W55/><G122/><T51/><D24/><U111/><E111/><V107/><F107/><W119/><G120/><T30/><D30/><U7/><E93/><V64/><F64/><W121/><G121/><T72/><D72/><U39/><E66/><V6/><AGARI ba="1,1" hai="6,10,12,25,26,52,58,60,88,90,91,95,98,100" machi="6" ten="30,12000,1" yaku="1,1,0,1,8,1,54,2,53,0" doraHai="108" doraHaiUra="40" who="2" fromWho="2" sc="104,-41,299,-41,277,133,310,-41" /><INIT seed="2,2,0,4,1,84" ten="63,258,410,269" oya="2" hai0="57,6,130,134,19,40,60,121,53,45,122,105,128" hai1="82,85,62,69,95,76,106,15,133,10,107,118,119" hai2="63,123,94,16,22,65,108,99,11,24,78,59,42" hai3="100,14,80,111,116,135,3,4,43,23,71,8,49"/><V74/><F123/><W52/><G71/><T30/><D105/><U83/><E133/><V56/><F108/><W129/><G129/><N who="0" m="49771" /><D30/><U125/><E125/><V81/><F42/><W64/><G116/><T98/><D6/><U26/><E26/><V113/><F11/><W55/><G135/><T47/><D134/><U90/><E106/><V50/><F113/><W1/><G64/><T27/><D98/><U67/><E83/><V104/><F104/><W127/><G127/><T25/><D25/><U124/><E107/><V18/><F50/><W61/><G100/><T126/><D126/><U120/><E120/><N who="0" m="46185" /><D27/><U73/><REACH who="1" step="1"/><E124/><REACH who="1" ten="63,248,410,269" step="2"/><V86/><F74/><W44/><G111/><T5/><D5/><AGARI ba="2,1" hai="5,10,15,62,67,69,73,76,82,85,90,95,118,119" machi="5" ten="30,7700,0" yaku="1,1,2,1,7,1,52,1,53,0" doraHai="84" doraHaiUra="31" who="1" fromWho="0" sc="63,-83,248,93,410,0,269,0" owari="-20,-52.0,341,14.1,410,51.0,269,-13.1" /></mjloggm>