<mjloggm ver="2.3"><GO type="169" lobby="0"/><UN n0="%73%61%69%63%68%61%6E%7A" n1="%E3%82%B7%E3%83%AB%E3%83%90%E3%83%BC%E3%83%96%E3%83%AC%E3%83%83%E3%83%88" n2="%4D%72%52%41%4D%4F" n3="%E3%83%87%E3%83%A9%E3%82%B3%E3%83%83%E3%82%B3" dan="17,16,16,16" rate="2159.56,2197.61,2158.81,2124.30" sx="M,M,M,M"/><TAIKYOKU oya="0"/><INIT seed="0,0,0,4,0,113" ten="250,250,250,250" oya="0" hai0="46,14,80,96,75,45,12,66,44,67,122,90,81" hai1="94,53,13,65,133,119,78,134,121,110,89,27,118" hai2="74,47,77,117,108,56,30,116,59,91,31,26,97" hai3="72,63,22,104,62,132,39,92,93,106,36,95,29"/><T28/><D122/><U83/><E65/><N who="0" m="24585" /><D75/><N who="1" m="43487" /><E53/><V60/><F108/><W20/><G72/><T42/><D28/><U85/><E27/><V10/><F47/><W23/><G29/><T103/><D103/><U1/><E1/><V98/><F10/><W86/><G86/><N who="0" m="50503" /><D96/><N who="2" m="36970" /><F91/><W82/><G82/><T7/><D81/><U40/><E40/><V24/><F77/><W126/><G126/><T101/><D101/><U99/><E13/><N who="0" m="5225" /><D7/><U49/><E121/><V3/><F3/><W33/><G33/><T115/><D115/><U125/><E110/><V100/><F100/><W70/><G70/><T19/><D19/><U135/><E125/><V61/><F74/><W2/><G2/><T35/><D35/><U9/><E9/><V123/><F123/><W41/><G132/><T11/><D11/><U16/><E16/><V124/><F124/><W55/><G55/><T76/><D76/><U21/><E21/><N who="2" m="15631" /><F31/><W128/><G128/><T34/><D34/><U102/><E49/><AGARI ba="0,0" hai="42,44,45,46,49" m="5225,50503,24585" machi="49" ten="30,1500,0" yaku="8,1" doraHai="113" who="0" fromWho="1" sc="250,15,250,-15,250,0,250,0" /><INIT seed="0,1,0,2,1,101" ten="265,235,250,250" oya="0" hai0="17,24,124,122,72,29,105,94,58,97,70,13,7" hai1="33,77,81,18,131,117,119,12,32,45,107,74,91" hai2="15,110,71,113,118,111,93,95,130,85,1,43,54" hai3="4,134,9,5,57,99,3,53,49,41,21,82,16"/><T135/><D70/><U120/><E120/><V115/><F1/><W98/><G134/><T68/><D68/><U125/><E131/><V65/><F15/><W80/><G5/><T44/><D122/><U104/><E125/><V55/><F85/><W35/><G35/><T0/><D135/><U25/><E45/><V51/><F93/><W26/><G41/><T66/><D124/><U6/><E6/><V40/><F95/><W86/><REACH who="3" step="1"/><G82/><REACH who="3" ten="265,235,250,240" step="2"/><T36/><D7/><U67/><E33/><V14/><F40/><W31/><G31/><T60/><D0/><U127/><E127/><V128/><F43/><W133/><G133/><T100/><D72/><U46/><E32/><V109/><F118/><W19/><G19/><T114/><D114/><N who="2" m="43530" /><F14/><W59/><G59/><T102/><D44/><U38/><E12/><V129/><F51/><W10/><G10/><T39/><D17/><U8/><E18/><V84/><F84/><W42/><G42/><T52/><D13/><U126/><E126/><V47/><F47/><W90/><AGARI ba="1,1" hai="3,4,9,16,21,26,49,53,57,80,86,90,98,99" machi="90" ten="20,8000,1" yaku="1,1,0,1,7,1,54,1,53,1" doraHai="101" doraHaiUra="78" who="3" fromWho="3" sc="265,-41,235,-21,250,-21,240,93" /><INIT seed="1,0,0,0,5,103" ten="224,214,229,333" oya="1" hai0="14,21,112,71,4,6,29,63,15,70,26,27,64" hai1="108,53,133,84,36,72,131,25,121,105,44,50,34" hai2="45,118,17,24,87,101,9,130,65,100,58,122,11" hai3="19,22,132,135,13,18,126,35,7,98,23,56,134"/><U96/><E121/><V42/><F118/><W8/><G98/><T2/><D112/><U86/><E72/><V93/><F130/><W120/><G56/><T55/><D70/><U83/><E133/><V82/><F122/><W60/><G60/><T116/><D116/><U52/><E131/><V128/><F128/><W119/><G119/><T106/><D106/><U104/><E36/><V10/><F58/><W76/><G76/><T78/><D78/><U111/><E96/><V3/><F65/><W46/><G46/><T40/><D40/><U124/><E124/><V117/><F3/><W97/><G97/><T41/><D41/><U115/><E115/><V57/><F57/><W107/><G107/><N who="1" m="41034" /><E53/><V5/><F5/><W127/><G35/><T114/><D114/><U90/><E86/><V31/><F17/><N who="3" m="6155" /><G120/><T113/><D113/><U123/><E123/><V129/><F129/><W43/><G43/><T91/><D55/><U74/><E74/><V33/><F93/><W16/><G23/><T49/><D49/><U62/><E62/><V20/><F33/><W38/><G38/><T110/><D63/><U59/><E59/><V109/><F117/><W30/><G30/><T0/><D64/><U125/><E125/><V92/><F92/><W85/><G85/><T75/><D75/><U68/><E68/><V94/><F94/><W69/><G69/><T89/><D71/><U47/><E44/><V28/><F45/><W39/><G39/><T81/><D81/><U95/><E95/><V54/><F42/><W99/><G99/><T37/><D37/><U80/><E80/><RYUUKYOKU ba="0,0" sc="224,-15,214,15,229,-15,333,15" hai1="25,34,47,50,52,83,84,90,108,111" hai3="7,8,13,16,22,126,127,132,134,135" /><INIT seed="1,1,0,1,1,61" ten="209,229,214,348" oya="1" hai0="128,63,83,19,109,42,104,134,7,122,49,131,48" hai1="76,40,26,124,28,118,100,66,72,41,0,58,39" hai2="44,67,13,2,68,85,112,90,69,45,82,129,130" hai3="81,31,51,55,132,102,135,71,95,105,46,6,27"/><U17/><E118/><V15/><F2/><W9/><G71/><T36/><D104/><U84/><E72/><V20/><F112/><W87/><G105/><T37/><D7/><U70/><E70/><V8/><F69/><W92/><G102/><T115/><D83/><N who="1" m="47207" /><E39/><V107/><F107/><W50/><G50/><T117/><D115/><U24/><E0/><V126/><F20/><N who="3" m="15847" /><G9/><T108/><D117/><U74/><E74/><V119/><F13/><W21/><G21/><T94/><D94/><U34/><E34/><V53/><F119/><W103/><G6/><T16/><D122/><U101/><E17/><V43/><F43/><N who="1" m="16457" /><E124/><V73/><F73/><W32/><G103/><N who="1" m="39498" /><E28/><V29/><F29/><W3/><G32/><T1/><D1/><U35/><E35/><V114/><F114/><W88/><G3/><T22/><D22/><U62/><AGARI ba="1,0" hai="24,26,58,62,66" m="39498,16457,47207" machi="62" ten="30,3000,0" yaku="8,1,52,1" doraHai="61" who="1" fromWho="1" sc="209,-11,229,33,214,-11,348,-11" /><INIT seed="1,2,0,3,3,39" ten="198,262,203,337" oya="1" hai0="5,86,4,31,116,41,17,62,65,27,108,2,42" hai1="32,38,88,16,117,93,84,99,15,81,126,9,132" hai2="44,105,63,18,75,47,129,68,118,25,125,48,29" hai3="13,24,45,119,109,91,123,12,61,72,101,33,52"/><U56/><E132/><V114/><F118/><W54/><G123/><T19/><D116/><U74/><E126/><V37/><F75/><W10/><G119/><T130/><D108/><U77/><E117/><V20/><F105/><W70/><G109/><T67/><D86/><U51/><E38/><V76/><F76/><W111/><G111/><T133/><D133/><U98/><REACH who="1" step="1"/><E32/><REACH who="1" ten="198,252,203,337" step="2"/><V135/><F135/><W90/><G33/><T94/><D130/><U87/><E87/><V100/><F37/><W11/><G72/><T83/><D4/><U1/><E1/><V73/><F73/><W110/><G110/><T55/><D5/><U7/><E7/><V82/><F129/><W95/><G12/><T113/><D2/><U120/><E120/><V57/><F125/><W78/><G13/><T124/><D124/><U46/><E46/><V66/><F44/><W115/><G45/><T6/><D6/><U89/><E89/><V36/><F36/><W22/><G91/><T122/><D122/><U53/><AGARI ba="2,1" hai="9,15,16,51,53,56,74,77,81,84,88,93,98,99" machi="53" ten="30,11700,0" yaku="1,1,0,1,54,2,53,0" doraHai="39" doraHaiUra="127" who="1" fromWho="1" sc="198,-41,252,133,203,-41,337,-41" /><INIT seed="1,3,0,2,5,10" ten="157,385,162,296" oya="1" hai0="105,103,33,62,67,99,12,78,48,1,39,32,44" hai1="27,72,117,76,4,125,114,110,81,94,29,75,133" hai2="109,38,18,119,71,85,90,84,135,59,129,41,60" hai3="53,55,2,14,118,104,52,69,113,132,7,56,98"/><U8/><E117/><V82/><F119/><W124/><G118/><T88/><D39/><U122/><E122/><V19/><F109/><W37/><G113/><T70/><D1/><U45/><E133/><V74/><F74/><W63/><G2/><T64/><D64/><U115/><E125/><V50/><F129/><W83/><G37/><T15/><D78/><U23/><E110/><V126/><F126/><W35/><G35/><T77/><D77/><U43/><E94/><V58/><F135/><W123/><G123/><T22/><D88/><U28/><E28/><V66/><F58/><W20/><G69/><T40/><REACH who="0" step="1"/><D22/><REACH who="0" ten="147,385,162,296" step="2"/><U13/><REACH who="1" step="1"/><E75/><REACH who="1" ten="147,375,162,296" step="2"/><V91/><F82/><W3/><G83/><T6/><D6/><U49/><AGARI ba="3,2" hai="4,8,13,23,27,29,43,45,49,72,76,81,114,115" machi="49" ten="20,12000,1" yaku="1,1,2,1,0,1,7,1,52,1,53,0" doraHai="10" doraHaiUra="134" who="1" fromWho="1" sc="147,-43,375,149,162,-43,296,-43" /><INIT seed="1,4,0,1,5,52" ten="104,524,119,253" oya="1" hai0="44,53,94,127,13,51,75,76,20,39,29,5,112" hai1="24,88,8,67,57,96,66,68,23,56,50,27,55" hai2="128,16,3,121,61,38,102,47,84,124,15,46,85" hai3="64,74,42,104,69,87,72,21,126,133,77,73,125"/><U107/><E68/><V115/><F121/><W11/><G104/><T98/><D112/><U1/><E1/><V101/><F3/><W36/><G11/><T25/><D127/><U103/><E8/><V40/><F124/><N who="3" m="47723" /><G21/><T45/><D5/><U9/><E9/><V116/><F116/><W26/><G26/><T22/><D75/><U117/><E117/><V30/><F128/><W54/><G54/><T131/><D76/><U91/><E27/><V105/><F115/><W63/><G87/><T19/><D131/><U95/><E57/><V6/><F6/><W119/><G119/><T123/><D123/><U83/><E83/><V93/><F30/><W111/><G111/><T18/><D29/><U28/><REACH who="1" step="1"/><E91/><REACH who="1" ten="104,514,119,253" step="2"/><V60/><F15/><W32/><G69/><T14/><D25/><U65/><E65/><V81/><F81/><W134/><G64/><T118/><D118/><U79/><E79/><V10/><F10/><W80/><G80/><T2/><D2/><U110/><E110/><V109/><F109/><W78/><G78/><T17/><D17/><U97/><AGARI ba="4,1" hai="23,24,28,50,55,56,66,67,88,95,96,97,103,107" machi="97" ten="20,12000,1" yaku="1,1,0,1,7,1,52,1,54,1,53,0" doraHai="52" doraHaiUra="71" who="1" fromWho="1" sc="104,-44,514,142,119,-44,253,-44" /><INIT seed="1,5,0,5,1,118" ten="60,656,75,209" oya="1" hai0="43,101,24,126,15,9,74,47,87,65,71,83,72" hai1="56,127,103,64,18,90,107,85,41,132,123,44,128" hai2="94,124,61,8,34,11,17,106,31,5,77,80,122" hai3="49,0,97,26,96,62,32,6,120,69,22,42,54"/><U53/><E123/><V134/><F106/><W33/><G120/><T36/><D126/><U116/><E128/><V73/><F122/><W29/><G0/><T23/><D101/><U131/><E131/><V25/><F124/><W48/><G6/><T52/><D65/><U79/><E132/><V39/><F39/><W19/><G33/><T57/><D71/><U63/><E116/><V93/><F134/><W40/><G69/><T4/><D23/><U16/><E79/><V27/><F61/><W10/><G62/><T45/><D45/><U30/><E30/><V115/><F115/><W20/><G10/><T35/><D24/><U112/><E112/><V102/><F102/><W14/><G32/><T13/><D13/><U86/><E127/><V129/><F129/><W68/><G68/><T109/><D109/><U66/><E86/><V108/><F108/><W67/><G67/><N who="1" m="25642" /><E103/><V21/><REACH who="2" step="1"/><F11/><REACH who="2" ten="60,656,65,209" step="2"/><W130/><G130/><T105/><D105/><U117/><E107/><V114/><F114/><W55/><G48/><T76/><D35/><U3/><E117/><V60/><F60/><AGARI ba="5,1" hai="4,9,15,36,43,47,52,57,60,72,74,76,83,87" machi="60" ten="30,2000,0" yaku="7,1,54,1" doraHai="118" who="0" fromWho="2" sc="60,45,656,0,65,-35,209,0" /><INIT seed="2,0,0,0,4,27" ten="105,656,30,209" oya="2" hai0="111,42,12,101,95,34,39,123,110,96,57,86,114" hai1="35,128,93,47,90,78,122,2,16,132,68,11,112" hai2="109,72,15,17,60,100,124,106,74,134,66,80,55" hai3="25,59,51,81,82,48,133,107,92,13,30,46,130"/><V49/><F124/><W62/><G107/><T23/><D34/><U127/><E16/><V29/><F134/><W38/><G38/><T28/><D123/><U10/><E90/><V43/><F43/><W56/><G130/><T126/><D114/><U67/><E93/><V104/><F109/><N who="0" m="41482" /><D126/><U65/><E47/><V69/><F100/><W116/><G116/><T26/><D12/><U31/><E78/><V54/><F54/><W50/><G13/><T5/><D5/><U85/><E85/><V121/><F121/><W9/><G9/><T22/><D22/><U73/><E68/><V61/><F61/><W99/><G46/><N who="0" m="23903" /><D86/><U118/><E73/><V37/><F37/><W135/><G135/><T32/><D32/><U0/><E35/><V4/><F4/><W21/><G133/><T76/><D76/><U40/><E40/><V97/><F97/><W41/><G41/><T36/><D36/><U89/><E112/><V102/><F102/><N who="3" m="60775" /><G59/><AGARI ba="0,0" hai="23,26,28,57,59,95,96,101" m="23903,41482" machi="59" ten="30,2000,0" yaku="14,1,52,1" doraHai="27" who="0" fromWho="3" sc="105,20,656,0,30,0,209,-20" /><INIT seed="3,0,0,3,4,49" ten="125,656,30,189" oya="3" hai0="34,126,40,69,132,120,53,20,72,65,76,63,119" hai1="24,90,98,8,17,2,75,47,36,55,104,37,133" hai2="83,121,89,93,12,51,11,42,41,105,102,61,95" hai3="107,112,114,74,103,68,106,81,88,4,59,77,84"/><W113/><G68/><T66/><D119/><U80/><E133/><V115/><F115/><W110/><G4/><T99/><D120/><U62/><E24/><V128/><F105/><N who="3" m="39947" /><G59/><T85/><D34/><U82/><E104/><V135/><F135/><W3/><G3/><T28/><D72/><U18/><E98/><N who="2" m="59727" /><F128/><W10/><G10/><T58/><D132/><U31/><E90/><V45/><F61/><W43/><G43/><T5/><D99/><U130/><E75/><V44/><F83/><N who="3" m="49183" /><G103/><T86/><D5/><U122/><E37/><V25/><F25/><W16/><G16/><T100/><D100/><U117/><E36/><V94/><F121/><W131/><G131/><T14/><D40/><U9/><E2/><V48/><F89/><W39/><G39/><T22/><D69/><U19/><E62/><V127/><F127/><W91/><G91/><T56/><D126/><U52/><E122/><V111/><F111/><AGARI ba="0,0" hai="74,77,81,110,111,112,113,114" m="49183,39947" machi="111" ten="40,7700,0" yaku="34,2,54,1" doraHai="49" who="3" fromWho="2" sc="125,0,656,0,30,-77,189,77" owari="125,-27.5,656,75.6,-47,-54.7,266,6.6" /></mjloggm>