<mjloggm ver="2.3"><GO type="169" lobby="0"/><UN n0="%E9%A7%BF" n1="%54%4F%52" n2="%41%72%69%61" n3="%E3%82%86%E3%81%86%E3%82%86%E3%81%8D" dan="16,16,16,16" rate="2124.48,2141.27,2165.87,2210.87" sx="M,M,F,M"/><TAIKYOKU oya="0"/><INIT seed="0,0,0,5,3,99" ten="250,250,250,250" oya="0" hai0="133,96,45,61,18,12,94,55,49,93,132,26,6" hai1="64,102,108,97,110,41,16,11,111,134,25,112,0" hai2="70,77,80,17,46,5,118,58,59,66,19,56,113" hai3="86,47,74,65,95,117,27,23,119,109,131,85,54"/><T50/><D6/><N who="1" m="1479" /><E112/><V38/><F113/><W104/><G104/><T120/><D120/><U31/><E134/><N who="0" m="51817" /><D26/><U105/><E41/><V83/><F83/><W53/><G74/><T88/><D61/><U107/><E64/><V30/><F118/><W103/><G131/><T52/><D94/><N who="1" m="58679" /><E16/><V21/><F5/><W8/><G65/><T67/><D67/><U128/><E128/><V44/><F30/><W76/><G8/><N who="0" m="6407" /><D50/><U69/><E69/><V34/><F34/><AGARI ba="0,0" hai="25,31,34,105,107,108,110,111" m="58679,1479" machi="34" ten="30,2000,0" yaku="14,1,52,1" doraHai="99" who="1" fromWho="2" sc="250,0,250,20,250,-20,250,0" /><INIT seed="1,0,0,2,1,27" ten="250,270,230,250" oya="1" hai0="80,119,58,109,2,118,92,28,76,81,38,22,31" hai1="78,45,34,15,98,105,100,5,19,56,12,101,135" hai2="85,120,99,51,4,64,102,112,14,30,17,95,128" hai3="60,103,62,86,104,134,23,89,88,111,9,54,13"/><U63/><E135/><V127/><F120/><W132/><G111/><T110/><D2/><U24/><E78/><V47/><F128/><W36/><G36/><T18/><D38/><U53/><E101/><V41/><F127/><W122/><G122/><T26/><D92/><U74/><E74/><V79/><F112/><W39/><G39/><T93/><D93/><U124/><E124/><V70/><F70/><W57/><G62/><T49/><D49/><U83/><E83/><N who="0" m="31817" /><D58/><U16/><E45/><V21/><F64/><W107/><G86/><T68/><D68/><U61/><E61/><V29/><F79/><W123/><G123/><T35/><D35/><U32/><E5/><V77/><F77/><W33/><G33/><T6/><D6/><U71/><E71/><V50/><F85/><W11/><G103/><T65/><D65/><U66/><E66/><V133/><F133/><N who="3" m="51307" /><G107/><T55/><D55/><U117/><E117/><N who="0" m="44553" /><D76/><U10/><REACH who="1" step="1"/><E24/><REACH who="1" ten="250,260,230,250" step="2"/><V69/><F69/><W115/><G60/><T106/><D106/><U94/><E94/><V75/><F75/><W97/><G104/><T52/><D109/><U44/><E44/><N who="2" m="25871" /><F4/><W126/><G126/><T25/><D110/><U84/><E84/><V0/><F0/><W108/><G108/><T59/><D26/><U73/><E73/><V131/><F131/><W72/><G72/><T130/><D130/><U42/><E42/><AGARI ba="0,1" hai="14,17,21,29,30,42,47,51,95,99,102" m="25871" machi="42" ten="30,3900,0" yaku="8,1,52,2" doraHai="27" who="2" fromWho="1" sc="250,0,260,-39,230,49,250,0" /><INIT seed="2,0,0,3,2,72" ten="250,221,279,250" oya="2" hai0="135,76,51,121,98,18,57,37,127,40,75,106,73" hai1="1,87,26,13,14,35,133,60,0,108,99,45,36" hai2="131,122,24,134,6,78,64,9,46,115,15,3,82" hai3="21,74,112,70,86,77,104,125,114,113,130,19,58"/><V83/><F122/><W91/><G70/><T10/><D121/><U20/><E108/><V97/><F115/><W124/><G58/><T2/><D37/><U63/><E133/><V89/><F134/><W79/><G74/><T5/><D135/><U41/><E35/><V110/><F131/><W44/><G44/><T38/><D38/><U92/><E0/><V120/><F120/><W66/><G66/><T52/><D40/><U7/><E1/><V129/><F129/><W71/><G71/><T4/><D4/><U118/><E118/><V132/><F132/><W33/><G104/><T85/><D18/><U39/><E39/><V116/><F116/><W95/><G33/><T117/><D127/><N who="3" m="48713" /><G130/><T69/><D69/><U59/><E87/><V50/><F64/><W80/><G95/><T88/><D117/><U47/><E47/><V17/><F110/><W12/><AGARI ba="0,0" hai="12,19,21,77,79,80,86,91,112,113,114" m="48713" machi="12" ten="40,8000,1" yaku="11,1,18,1,52,2" doraHai="72" who="3" fromWho="3" sc="250,-20,221,-20,279,-40,250,80" /><INIT seed="3,0,0,1,0,54" ten="230,201,239,330" oya="3" hai0="26,62,20,11,93,56,6,53,116,18,59,74,123" hai1="117,119,110,45,22,24,3,103,127,50,69,40,32" hai2="113,47,23,60,28,105,131,108,9,68,0,16,66" hai3="86,130,30,82,65,61,67,100,83,104,63,2,97"/><W81/><G2/><T15/><D116/><N who="1" m="44619" /><E110/><V109/><F113/><W58/><G30/><T128/><D123/><U77/><E127/><V129/><F105/><W42/><G42/><T43/><D128/><N who="2" m="49226" /><F28/><W118/><G118/><T94/><D74/><U114/><E114/><V120/><F120/><W90/><REACH who="3" step="1"/><G130/><REACH who="3" ten="230,201,239,320" step="2"/><T33/><D43/><U132/><E3/><V84/><F0/><W122/><G122/><T95/><D33/><U111/><E111/><V34/><F109/><W124/><G124/><T36/><D36/><U89/><E32/><V76/><F34/><W37/><G37/><T101/><REACH who="0" step="1"/><D59/><AGARI ba="0,1" hai="58,59,61,63,65,67,81,82,83,86,90,97,100,104" machi="59" ten="30,12000,1" yaku="1,1,7,1,9,1,52,2,53,0" doraHai="54" doraHaiUra="5" who="3" fromWho="0" sc="230,-120,201,0,239,0,320,130" /><INIT seed="3,1,0,1,3,107" ten="110,201,239,450" oya="3" hai0="94,20,50,61,42,131,24,67,115,96,72,88,16" hai1="5,119,4,80,95,47,112,49,90,17,114,52,128" hai2="2,92,103,100,19,108,130,127,11,81,93,23,68" hai3="85,31,69,124,89,134,43,25,39,111,53,8,91"/><W109/><G69/><T51/><D131/><U29/><E128/><V56/><F68/><W71/><G71/><T65/><D115/><U28/><E119/><V82/><F130/><W15/><G124/><T62/><D72/><U13/><E114/><V129/><F129/><W79/><G134/><T0/><D0/><U135/><E135/><V73/><F127/><W48/><G43/><T121/><D121/><U41/><E112/><V118/><F2/><W126/><G39/><T113/><D113/><U117/><E117/><V58/><F11/><W75/><G126/><T106/><D106/><U55/><E80/><V22/><F118/><W59/><G75/><T123/><D123/><U99/><E28/><V33/><F19/><W46/><G59/><T26/><D26/><U18/><E29/><V37/><F37/><W40/><G53/><N who="1" m="20554" /><E18/><V87/><F87/><W122/><G122/><T84/><D84/><U105/><E105/><V6/><F6/><N who="3" m="3479" /><G25/><T30/><D30/><U77/><E77/><V36/><F36/><W12/><G12/><T7/><D7/><U132/><E132/><V34/><F108/><N who="3" m="41547" /><G31/><T125/><D125/><U63/><E63/><N who="0" m="24073" /><D42/><U98/><E5/><V3/><F3/><W70/><G70/><T86/><D86/><N who="1" m="52695" /><E4/><V54/><F54/><W101/><G101/><T66/><AGARI ba="1,0" hai="16,20,24,50,51,65,66,67,88,94,96" m="24073" machi="66" ten="30,4000,0" yaku="8,1,54,2" doraHai="107" who="0" fromWho="0" sc="110,43,201,-11,239,-11,450,-21" /><INIT seed="4,0,0,2,4,102" ten="153,190,228,429" oya="0" hai0="14,45,2,87,116,118,112,119,103,21,22,105,38" hai1="64,17,42,132,76,101,122,74,131,57,11,66,121" hai2="25,39,4,28,51,3,65,130,61,35,93,53,47" hai3="133,69,9,54,12,79,24,127,36,46,63,84,89"/><T10/><D112/><U96/><E132/><V23/><F130/><W120/><G133/><T70/><D70/><U117/><E117/><V106/><F39/><W110/><G110/><T77/><D2/><U49/><E131/><V29/><F3/><W68/><G79/><T128/><D128/><U100/><E100/><V15/><F106/><W134/><G127/><T60/><D60/><U108/><E108/><V27/><F93/><W71/><G24/><T86/><D38/><U48/><E122/><V41/><F4/><W72/><G72/><T126/><D45/><U75/><E121/><V16/><F41/><W58/><G134/><T123/><D126/><U20/><E11/><V73/><F73/><W62/><G62/><T31/><D123/><U43/><E75/><V94/><F94/><W81/><G120/><T98/><D31/><U34/><E34/><V114/><F114/><W135/><G135/><T104/><D104/><U111/><E111/><V26/><REACH who="2" step="1"/><F29/><REACH who="2" ten="153,190,218,429" step="2"/><W19/><G36/><T115/><D115/><U88/><E43/><V5/><F5/><W7/><G7/><T83/><REACH who="0" step="1"/><D87/><REACH who="0" ten="143,190,218,429" step="2"/><U56/><E74/><V97/><F97/><W55/><G71/><AGARI ba="0,2" hai="15,16,23,25,26,27,28,35,47,51,53,61,65,71" machi="71" ten="30,3900,0" yaku="1,1,7,1,54,1,53,0" doraHai="102" doraHaiUra="90" who="2" fromWho="3" sc="143,0,190,0,218,59,429,-39" /><INIT seed="5,0,0,1,0,87" ten="143,190,277,390" oya="1" hai0="117,19,33,30,113,52,120,12,40,123,29,16,98" hai1="0,89,86,39,7,4,2,127,57,109,22,23,21" hai2="60,46,17,73,134,24,118,107,43,101,9,76,95" hai3="78,58,130,18,77,114,14,54,135,26,71,69,42"/><U112/><E39/><V75/><F118/><W68/><G114/><T126/><D117/><U83/><E112/><V61/><F134/><W131/><G42/><T104/><D113/><U106/><E106/><V36/><F107/><W53/><G26/><T56/><D40/><U129/><E129/><N who="3" m="49162" /><G135/><T3/><D3/><U111/><E127/><V27/><F75/><W62/><G54/><T47/><D47/><U94/><E2/><V45/><F45/><W81/><G81/><T96/><D126/><U108/><E0/><V90/><F101/><W72/><G72/><T79/><D79/><U82/><E57/><V51/><F27/><W128/><G128/><T50/><D33/><U6/><AGARI ba="0,0" hai="4,6,7,21,22,23,82,83,86,89,94,108,109,111" machi="6" ten="40,12000,1" yaku="0,1,29,2,10,1,52,1" doraHai="87" who="1" fromWho="1" sc="143,-40,190,120,277,-40,390,-40" /><INIT seed="5,1,0,4,2,48" ten="103,310,237,350" oya="1" hai0="65,15,109,99,63,133,74,66,75,39,38,60,89" hai1="100,110,19,122,95,35,5,54,46,96,32,73,111" hai2="58,34,120,33,98,45,125,91,47,81,13,119,79" hai3="55,83,72,69,42,123,102,97,67,103,101,86,16"/><U129/><E122/><V135/><F120/><W104/><G42/><T14/><D133/><U121/><E121/><V29/><F119/><W134/><G123/><T30/><D30/><U53/><E73/><V17/><F135/><W44/><G72/><T0/><D0/><U80/><E129/><V12/><F125/><W92/><G69/><T27/><D27/><U70/><E70/><V2/><F2/><W115/><G67/><T41/><D41/><U77/><E5/><V4/><F34/><N who="1" m="12841" /><E19/><V131/><F131/><W116/><G116/><T20/><D20/><U64/><E64/><V51/><F33/><W87/><G87/><T94/><D109/><N who="1" m="41483" /><E46/><V9/><F29/><W124/><G124/><T62/><D75/><U112/><E112/><V56/><F47/><W43/><G115/><T28/><D74/><N who="1" m="43063" /><E95/><N who="2" m="56703" /><F12/><W11/><G43/><T78/><D78/><U105/><AGARI ba="1,0" hai="53,54,96,100,105" m="43063,41483,12841" machi="105" ten="30,6000,0" yaku="10,1,52,2" doraHai="48" who="1" fromWho="1" sc="103,-21,310,63,237,-21,350,-21" /><INIT seed="5,2,0,3,4,32" ten="82,373,216,329" oya="1" hai0="119,48,115,89,84,111,104,116,95,101,2,0,55" hai1="93,53,87,128,15,39,45,71,43,24,100,6,26" hai2="50,3,33,121,98,22,27,85,81,40,123,19,35" hai3="44,105,47,88,99,8,118,64,133,46,21,92,125"/><U103/><E71/><V51/><F35/><W124/><G133/><T67/><D111/><U82/><E128/><V117/><F117/><W17/><G118/><T58/><D115/><U36/><E36/><V77/><F33/><W16/><G64/><T97/><D119/><U132/><E132/><V80/><F3/><W96/><G8/><T57/><REACH who="0" step="1"/><D116/><REACH who="0" ten="72,373,216,329" step="2"/><U122/><E122/><V75/><F123/><W78/><G125/><T66/><D66/><U68/><E68/><V107/><F121/><W120/><G124/><T69/><D69/><U91/><E53/><V31/><F40/><W7/><G120/><T126/><D126/><U131/><E131/><V14/><F107/><W23/><G105/><T34/><D34/><U42/><E42/><V54/><F54/><W12/><G78/><T86/><D86/><U70/><E70/><V130/><F130/><W37/><G37/><T109/><D109/><U127/><E127/><V129/><F129/><W102/><G99/><T135/><D135/><U60/><E43/><V49/><F98/><W59/><G102/><T28/><D28/><U29/><E87/><V38/><F38/><W83/><G83/><T112/><D112/><U108/><E29/><V11/><REACH who="2" step="1"/><F81/><REACH who="2" ten="72,373,206,329" step="2"/><W41/><G41/><T13/><D13/><U76/><E15/><V20/><F20/><W62/><G23/><T110/><D110/><U74/><E108/><V73/><AGARI ba="2,2" hai="11,14,19,22,27,31,49,50,51,73,75,77,80,85" machi="73" ten="30,4000,0" yaku="1,1,0,1,53,1" doraHai="32" doraHaiUra="25" who="2" fromWho="2" sc="72,-12,373,-22,206,66,329,-12" /><INIT seed="6,0,0,2,4,10" ten="60,351,272,317" oya="2" hai0="46,78,79,74,120,88,54,31,114,71,101,122,36" hai1="43,26,77,17,129,104,130,119,65,124,66,42,53" hai2="58,3,15,20,47,12,68,8,105,32,63,6,109" hai3="133,126,24,72,121,67,90,69,34,132,127,131,4"/><V30/><F105/><W73/><G121/><T11/><D114/><U93/><E104/><V91/><F68/><W59/><G4/><T48/><D71/><U49/><E119/><V35/><F109/><W44/><G90/><T45/><D101/><U39/><E124/><N who="3" m="47658" /><G59/><T51/><D36/><U128/><E77/><V107/><F107/><W117/><G117/><T75/><D31/><U111/><E111/><V28/><F47/><W97/><G97/><T19/><D74/><U40/><E93/><V80/><F80/><W99/><G99/><T56/><D75/><U112/><E112/><V113/><F113/><W23/><G34/><N who="2" m="12841" /><F58/><W92/><G92/><T106/><D106/><U2/><E2/><V123/><F63/><N who="3" m="40191" /><G44/><T37/><D37/><U95/><E95/><V115/><F91/><W86/><G86/><T27/><D122/><U62/><E39/><V110/><F115/><W116/><G116/><T38/><D120/><U134/><E62/><V87/><F87/><W55/><G55/><T103/><D38/><U83/><E83/><V70/><F70/><W96/><G96/><T13/><D103/><U5/><E65/><V0/><F123/><W89/><G89/><T81/><D56/><N who="1" m="32815" /><E66/><V25/><F110/><W9/><G73/><T29/><D81/><U50/><E128/><V84/><F84/><W52/><G131/><T118/><D118/><U41/><E129/><V108/><F108/><W60/><G60/><T76/><D88/><U64/><E64/><V102/><F102/><W85/><G72/><T1/><D79/><U33/><N who="1" m="10240" /><DORA hai="18" /><U16/><E130/><RYUUKYOKU ba="0,0" sc="60,0,351,0,272,0,317,0" /><INIT seed="7,1,0,0,5,115" ten="60,351,272,317" oya="3" hai0="124,43,84,125,108,64,81,91,94,112,0,83,53" hai1="25,103,78,121,96,105,87,113,63,61,9,80,17" hai2="14,126,92,50,52,8,98,37,42,39,15,31,55" hai3="21,11,120,100,49,44,104,89,67,128,73,65,35"/><W79/><G120/><T56/><D0/><U18/><E121/><V22/><F126/><W88/><G35/><T132/><D64/><U30/><E113/><V28/><F39/><W20/><G128/><T134/><D43/><U133/><E133/><V33/><F33/><W62/><G11/><T114/><D53/><U10/><E10/><V102/><F37/><W109/><G109/><T122/><D56/><U38/><E38/><V76/><F76/><W51/><G79/><T107/><D122/><U3/><E18/><V58/><F42/><W97/><G73/><T129/><D94/><U46/><E46/><V5/><F55/><W13/><G51/><T48/><D48/><U86/><E86/><V131/><F131/><W32/><G32/><T116/><D84/><U69/><E69/><V40/><F40/><W4/><G67/><T60/><D60/><U77/><E77/><V47/><F47/><W119/><G21/><T99/><D129/><U45/><E45/><V71/><F71/><W6/><G6/><T36/><D36/><U29/><E29/><V111/><F111/><W90/><G20/><T82/><D108/><U19/><E19/><V95/><F95/><W66/><G13/><T106/><D81/><U135/><E135/><V2/><F2/><W41/><G4/><T123/><D123/><U1/><E1/><V7/><F5/><W130/><G66/><T16/><D16/><AGARI ba="1,0" hai="7,8,14,15,16,22,28,31,50,52,58,92,98,102" machi="16" ten="40,5200,0" yaku="8,1,54,2" doraHai="115" who="2" fromWho="0" sc="60,-55,351,0,272,55,317,0" owari="5,-49.5,351,45.1,327,12.7,317,-8.3" /></mjloggm>