<mjloggm ver="2.3"><GO type="169" lobby="0"/><UN n0="%64%69%76%61" n1="%E4%B8%89%E6%B2%B3%E5%B1%8B%E3%81%AE%E3%82%B5%E3%83%96" n2="%52%59%4F%40%53%53" n3="%73%79%75%70%6F%6E" dan="16,16,17,17" rate="2056.03,2143.11,2148.58,2215.69" sx="M,M,M,M"/><TAIKYOKU oya="0"/><INIT seed="0,0,0,5,2,29" ten="250,250,250,250" oya="0" hai0="45,51,93,48,113,47,99,119,84,41,19,102,80" hai1="44,6,100,75,34,130,107,96,132,28,1,39,112" hai2="21,101,54,83,35,125,14,17,23,115,87,25,62" hai3="90,16,27,72,52,120,49,5,60,11,128,59,85"/><T9/><D113/><U18/><E112/><V4/><F125/><W42/><G72/><T86/><D119/><U129/><E18/><V46/><F115/><W24/><G128/><N who="1" m="49258" /><E75/><V50/><F101/><W122/><G42/><T64/><D64/><U55/><E55/><V98/><F98/><W68/><G68/><T127/><D127/><U57/><E57/><V70/><F70/><W94/><G60/><T71/><D71/><U116/><E116/><V67/><F62/><W106/><G106/><T95/><D95/><U63/><E63/><V123/><F67/><W38/><G38/><T104/><D104/><U110/><E110/><V7/><F35/><W43/><G43/><T74/><D74/><U134/><E44/><V76/><REACH who="2" step="1"/><F123/><REACH who="2" ten="250,250,240,250" step="2"/><N who="3" m="47147" /><G16/><AGARI ba="0,1" hai="4,7,14,16,17,21,23,25,46,50,54,76,83,87" machi="16" ten="30,7700,0" yaku="1,1,7,1,8,1,54,1,53,0" doraHai="29" doraHaiUra="131" who="2" fromWho="3" sc="250,0,250,0,240,87,250,-77" /><INIT seed="1,0,0,4,0,82" ten="250,250,327,173" oya="1" hai0="122,39,90,6,9,72,67,37,106,118,64,126,18" hai1="121,58,135,98,130,57,86,119,19,89,104,84,112" hai2="132,32,45,66,77,97,5,61,88,33,11,81,34" hai3="85,10,109,56,20,74,128,101,54,117,99,47,50"/><U134/><E112/><V131/><F131/><W41/><G74/><T55/><D118/><U69/><E69/><V108/><F108/><W65/><G109/><T31/><D72/><U87/><E119/><V23/><F23/><W1/><G128/><T17/><D126/><U42/><E130/><V25/><F45/><W115/><G115/><T95/><D106/><U125/><E121/><V21/><F132/><N who="1" m="50729" /><E125/><V75/><F97/><W51/><G117/><T40/><D31/><U105/><E42/><V46/><F46/><W38/><G65/><T59/><D40/><U73/><E73/><V15/><F88/><W93/><G20/><T27/><D37/><U35/><E35/><V71/><REACH who="2" step="1"/><F34/><REACH who="2" ten="250,250,317,173" step="2"/><W111/><G111/><T63/><D122/><U116/><E116/><V114/><F114/><W83/><G10/><T76/><D76/><U43/><E43/><V62/><F62/><W133/><G133/><T24/><D39/><U13/><E89/><V123/><F123/><W102/><G38/><T52/><D24/><U124/><E124/><V12/><F12/><W92/><G1/><T2/><D27/><U16/><E105/><V44/><F44/><W91/><REACH who="3" step="1"/><G102/><REACH who="3" ten="250,250,317,163" step="2"/><T68/><D2/><U4/><E13/><V48/><F48/><W113/><G113/><T36/><D36/><U26/><E26/><V29/><AGARI ba="0,2" hai="5,11,15,21,25,29,32,33,61,66,71,75,77,81" machi="29" ten="20,5200,0" yaku="1,1,0,1,7,1,53,1" doraHai="82" doraHaiUra="22" who="2" fromWho="2" sc="250,-13,250,-26,317,72,163,-13" /><INIT seed="2,0,0,4,1,0" ten="237,224,389,150" oya="2" hai0="59,10,54,102,77,68,90,2,47,127,51,36,87" hai1="63,65,44,125,84,41,95,46,49,7,129,99,71" hai2="35,78,56,64,39,116,53,110,135,73,122,106,12" hai3="74,23,17,57,3,70,98,118,91,24,133,21,86"/><V119/><F122/><W130/><G70/><T15/><D2/><U18/><E129/><V67/><F35/><W100/><G74/><T34/><D34/><U22/><E125/><V88/><F106/><W131/><G118/><T60/><D127/><U128/><E128/><N who="3" m="49194" /><G3/><T80/><D102/><U14/><E84/><V33/><F33/><W134/><G57/><T4/><D36/><U27/><E46/><V124/><F39/><W9/><G9/><T58/><D68/><U104/><E104/><V113/><F124/><W11/><G11/><T25/><D25/><U75/><E75/><V123/><F56/><W6/><G23/><T81/><REACH who="0" step="1"/><D60/><REACH who="0" ten="227,224,389,150" step="2"/><U114/><E114/><V72/><F113/><W50/><G50/><T8/><D8/><U32/><E32/><V66/><F119/><W105/><G134/><T132/><D132/><U20/><E20/><V82/><F135/><W121/><G133/><T101/><D101/><U19/><E27/><V92/><F116/><W76/><G121/><T69/><D69/><U55/><E22/><V112/><F123/><W26/><G26/><T38/><D38/><U1/><E1/><V109/><F112/><W52/><G24/><T79/><D79/><U40/><E14/><V108/><F12/><W45/><G76/><T43/><D43/><U97/><E40/><V13/><F13/><W48/><G21/><T42/><D42/><U103/><E41/><V96/><F78/><W61/><G61/><T29/><D29/><U85/><E63/><V62/><F62/><W16/><G100/><T37/><D37/><U89/><E71/><RYUUKYOKU ba="0,1" sc="227,30,224,-10,389,-10,150,-10" hai0="4,10,15,47,51,54,58,59,77,80,81,87,90" /><INIT seed="3,1,1,2,5,113" ten="257,214,379,140" oya="3" hai0="109,123,39,125,41,13,132,20,66,89,61,102,105" hai1="124,108,4,104,23,130,117,83,70,36,88,98,27" hai2="116,60,40,50,129,57,19,126,69,25,5,9,92" hai3="0,11,55,128,100,44,16,94,77,51,73,111,81"/><W68/><G68/><T74/><D123/><U134/><E108/><V35/><F126/><W28/><G128/><T82/><D125/><U3/><E124/><V72/><F72/><W131/><G131/><T42/><D109/><U65/><E36/><V99/><F129/><W75/><G111/><T122/><D122/><U54/><E130/><V63/><F69/><W118/><G28/><T8/><D39/><U12/><E3/><V96/><F116/><W112/><G112/><T106/><D106/><U43/><E43/><V67/><F60/><W14/><G0/><T64/><D64/><U32/><E134/><V119/><F119/><W85/><REACH who="3" step="1"/><G118/><REACH who="3" ten="257,214,379,130" step="2"/><T84/><D132/><U29/><E117/><V79/><F35/><W71/><G71/><T121/><D121/><U135/><E135/><V24/><F19/><W31/><G31/><T53/><D41/><U58/><E29/><V101/><F40/><W110/><G110/><T15/><D42/><U91/><E32/><V86/><F5/><W48/><G48/><T49/><D49/><U46/><E4/><V7/><F50/><W62/><G62/><T26/><D61/><U10/><E70/><V90/><F7/><W6/><G6/><T2/><D2/><U76/><E46/><V21/><F63/><W114/><G114/><T59/><D59/><U95/><E58/><V37/><F57/><W38/><G38/><T17/><D17/><U103/><E65/><V1/><F67/><W107/><G107/><T30/><D66/><U33/><E33/><V133/><F133/><W56/><G56/><T97/><D105/><RYUUKYOKU ba="1,2" sc="257,-10,214,-10,379,-10,130,30" hai3="11,14,16,44,51,55,73,75,77,81,85,94,100" /><INIT seed="3,2,2,2,4,95" ten="247,204,369,160" oya="3" hai0="129,106,120,39,3,98,128,15,109,67,59,96,16" hai1="80,124,29,18,41,122,40,23,33,21,52,133,71" hai2="55,0,65,110,45,112,77,22,79,58,108,94,13" hai3="1,82,25,97,7,37,68,51,66,64,101,28,104"/><W131/><G37/><T113/><D120/><U105/><E122/><V4/><F0/><W103/><G131/><N who="0" m="50251" /><D3/><U125/><E71/><V86/><F45/><W53/><G103/><T92/><D109/><N who="2" m="42090" /><F65/><W87/><G68/><T93/><D39/><U63/><E133/><V56/><F56/><W26/><G7/><T116/><D116/><U126/><E105/><V20/><F112/><W81/><G1/><T31/><D31/><U88/><E33/><V117/><F22/><W44/><G81/><T5/><D5/><U127/><E127/><V132/><F132/><W75/><G75/><T123/><D123/><U10/><E10/><N who="2" m="4295" /><F20/><W134/><G134/><T27/><D27/><N who="1" m="16623" /><E63/><N who="2" m="36319" /><F117/><W46/><G46/><T119/><D119/><U130/><E52/><V99/><F86/><W17/><G17/><T102/><D113/><U11/><E11/><V84/><F84/><W135/><G135/><T14/><D106/><U60/><E60/><V70/><F70/><W107/><G104/><T38/><D38/><U61/><E61/><V121/><F121/><W30/><G25/><T83/><D59/><U118/><E118/><V74/><F74/><W57/><G57/><T90/><D67/><U78/><E130/><V8/><F8/><W115/><G115/><T47/><D47/><U114/><E114/><V111/><N who="2" m="42098" /><V91/><AGARI ba="2,2" hai="77,79,91,94,99" m="36319,4295,42098" machi="91" ten="40,5200,0" yaku="4,1,14,1,52,1" doraHai="95" who="2" fromWho="2" sc="247,-15,204,-15,369,78,160,-28" /><INIT seed="4,0,0,1,3,109" ten="232,189,447,132" oya="0" hai0="39,22,21,122,82,28,118,117,79,83,4,45,2" hai1="17,75,0,92,63,42,25,98,1,14,19,111,116" hai2="74,91,65,73,33,24,55,99,112,41,88,12,95" hai3="103,57,123,27,5,68,7,96,131,58,13,120,106"/><T114/><D122/><N who="3" m="46633" /><G68/><T86/><D83/><U62/><E75/><V134/><F134/><W97/><G131/><T51/><D39/><U46/><E116/><V105/><F105/><W52/><G27/><T54/><D28/><U128/><E128/><V40/><F65/><W48/><G96/><T23/><D2/><U10/><E111/><V29/><F41/><W102/><G103/><T107/><D4/><N who="3" m="1609" /><G13/><T90/><D107/><U113/><E113/><V135/><F112/><W70/><G70/><T72/><D114/><U32/><E0/><V80/><F40/><W11/><G11/><T15/><D15/><U26/><E1/><V34/><F34/><W67/><G67/><T133/><D133/><U66/><E32/><V69/><F69/><W47/><AGARI ba="0,0" hai="47,48,52,57,58,97,102,106" m="1609,46633" machi="47" ten="30,2000,0" yaku="13,1,54,1" doraHai="109" who="3" fromWho="3" sc="232,-10,189,-5,447,-5,132,20" /><INIT seed="5,0,0,2,2,42" ten="222,184,442,152" oya="1" hai0="9,69,13,10,23,43,94,95,29,27,114,32,116" hai1="38,5,129,85,75,2,125,15,110,104,54,96,108" hai2="109,57,93,21,28,117,25,78,8,105,81,68,71" hai3="74,112,87,128,82,76,62,33,92,61,80,44,88"/><U41/><E75/><V7/><F105/><W14/><G33/><T107/><D107/><U50/><E2/><V89/><F109/><N who="1" m="42089" /><E129/><V39/><F39/><W99/><G128/><T24/><D69/><U6/><E125/><V97/><F57/><W4/><G112/><T122/><D114/><U70/><E70/><V11/><F11/><W73/><G73/><T130/><D130/><U126/><E126/><V3/><F117/><W106/><G106/><T55/><D9/><U120/><E120/><V56/><F56/><W121/><G121/><T52/><D116/><U132/><E132/><V36/><F36/><W58/><G58/><T64/><D64/><U18/><E85/><AGARI ba="0,0" hai="3,7,8,21,25,28,68,71,78,81,85,89,93,97" machi="85" ten="30,1000,0" yaku="7,1" doraHai="42" who="2" fromWho="1" sc="222,0,184,-10,442,10,152,0" /><INIT seed="6,0,0,1,2,62" ten="222,174,452,152" oya="2" hai0="78,81,39,51,61,49,122,46,64,110,82,80,36" hai1="48,2,57,55,92,126,34,20,12,15,30,101,7" hai2="44,115,3,11,6,59,18,41,74,132,43,75,91" hai3="95,54,94,87,89,21,107,45,134,67,35,120,86"/><V84/><F115/><W127/><G120/><T79/><D110/><U27/><E126/><V16/><F132/><W109/><G35/><T53/><D122/><U19/><E15/><V102/><F102/><W69/><G107/><T1/><D1/><U52/><E55/><V121/><F43/><W56/><G109/><T17/><D17/><U124/><E124/><V0/><F0/><W73/><G73/><T71/><REACH who="0" step="1"/><D51/><REACH who="0" ten="212,174,452,152" step="2"/><U85/><E2/><V123/><F123/><W40/><G127/><T77/><AGARI ba="0,1" hai="36,39,46,49,53,61,64,71,77,78,79,80,81,82" machi="77" ten="30,7900,0" yaku="1,1,2,1,0,1,52,1,53,0" doraHai="62" doraHaiUra="29" who="0" fromWho="0" sc="212,89,174,-20,452,-39,152,-20" /><INIT seed="7,0,0,5,3,69" ten="301,154,413,132" oya="3" hai0="0,6,55,57,114,13,47,81,37,15,25,4,91" hai1="52,67,17,64,3,70,72,97,104,1,92,26,118" hai2="102,35,42,39,62,48,51,106,10,61,126,134,86" hai3="9,107,68,65,75,113,103,110,33,96,128,56,21"/><W38/><G113/><T43/><D114/><U109/><E109/><V93/><F35/><W133/><G110/><T90/><D4/><U28/><E72/><V31/><F31/><W11/><G75/><T59/><D59/><U32/><E118/><V120/><F106/><W87/><G33/><T108/><D25/><U19/><E104/><V122/><F126/><W66/><G133/><T80/><D80/><U131/><E131/><V2/><F51/><W24/><G128/><T83/><D83/><U40/><E40/><V23/><F48/><W18/><G68/><T58/><D58/><U135/><E135/><V85/><F23/><W41/><G87/><T100/><D100/><U7/><E52/><V36/><F42/><W79/><G79/><T115/><D115/><U12/><E19/><V30/><F30/><W94/><G107/><T132/><D132/><U123/><E123/><V46/><F46/><W71/><G71/><T105/><D105/><U20/><E7/><V116/><F86/><W124/><G124/><T129/><D129/><U34/><E34/><V54/><F85/><W95/><G94/><T44/><D44/><U89/><E70/><V74/><F93/><W101/><G101/><T77/><D91/><U16/><E17/><V73/><F102/><W50/><G38/><T112/><D108/><U127/><E127/><V125/><F134/><W27/><G27/><T8/><D90/><U29/><E29/><V111/><F125/><W49/><G41/><T121/><D112/><U14/><E14/><V117/><F122/><W78/><G78/><T22/><D77/><RYUUKYOKU ba="0,0" sc="301,-10,154,30,413,-10,132,-10" hai1="1,3,12,16,20,26,28,32,64,67,89,92,97" owari="291,9.1,184,-21.6,403,50.3,122,-37.8" /></mjloggm>