<mjloggm ver="2.3"><GO type="169" lobby="0"/><UN n0="%E3%83%A9%E3%83%9E%E3%83%BC%E7%9A%87%E5%AD%90" n1="%E5%8B%98%E5%BC%81%E3%81%97%E3%81%A6%E3%82%88" n2="%E3%83%87%E3%83%A9%E3%82%B3%E3%83%83%E3%82%B3" n3="%E4%B9%9D%E7%B4%8B%E9%BE%8D%E5%8F%B2%E9%80%B2" dan="18,17,16,19" rate="2231.73,2223.59,2152.47,2292.13" sx="M,M,M,M"/><TAIKYOKU oya="0"/><INIT seed="0,0,0,3,1,130" ten="250,250,250,250" oya="0" hai0="81,16,62,27,90,132,133,131,53,76,71,28,100" hai1="12,17,94,98,97,70,35,22,37,117,15,105,56" hai2="52,103,85,67,106,89,34,2,59,36,107,75,26" hai3="74,42,84,38,25,68,8,45,113,112,109,82,102"/><T115/><D115/><U120/><E70/><V19/><F2/><W57/><G68/><T44/><D131/><U55/><E35/><V77/><F36/><W118/><G118/><T11/><D100/><U72/><E72/><V29/><F67/><W10/><G74/><T21/><D90/><U108/><E108/><V126/><F126/><W135/><G109/><T51/><D71/><U0/><E0/><V125/><F125/><W61/><G102/><T41/><D62/><U127/><E120/><V101/><F101/><W78/><G25/><T30/><D41/><U39/><E105/><V80/><F19/><W60/><G60/><T48/><D48/><U96/><E117/><V43/><F43/><W66/><REACH who="3" step="1"/><G135/><REACH who="3" ten="250,250,250,240" step="2"/><N who="0" m="51787" /><D11/><AGARI ba="0,1" hai="8,10,11,38,42,45,57,61,66,78,82,84,112,113" machi="11" ten="40,1300,0" yaku="1,1,53,0" doraHai="130" doraHaiUra="14" who="3" fromWho="0" sc="250,-13,250,0,250,0,240,23" /><INIT seed="1,0,0,4,2,57" ten="237,250,250,263" oya="1" hai0="44,121,59,31,21,22,64,105,20,135,122,2,104" hai1="56,35,131,53,38,23,129,75,100,117,41,55,36" hai2="70,26,52,101,12,24,72,13,66,77,115,86,90" hai3="46,6,83,82,62,132,85,11,19,120,88,61,84"/><U119/><E35/><V51/><F101/><W14/><G120/><N who="0" m="46187" /><D2/><U27/><E75/><V9/><F115/><W124/><G132/><T107/><D44/><N who="1" m="23591" /><E100/><V16/><F72/><W43/><G19/><T8/><D8/><U95/><E95/><V106/><F106/><N who="0" m="27138" /><T39/><DORA hai="5" /><D39/><U1/><E1/><V89/><F70/><W37/><REACH who="3" step="1"/><G124/><REACH who="3" ten="237,250,250,253" step="2"/><T123/><D123/><U32/><E119/><V10/><F66/><W114/><G114/><T0/><D135/><U17/><E117/><V99/><F99/><W42/><G42/><T103/><D31/><U65/><E131/><V45/><F26/><W40/><G40/><T48/><D103/><U28/><E129/><V29/><F24/><W97/><G97/><T125/><D125/><U91/><E28/><V111/><F29/><W127/><G127/><T98/><D98/><U126/><E126/><V50/><F111/><W47/><G47/><T68/><D68/><U58/><E17/><V81/><F50/><W54/><G54/><T63/><D0/><U73/><E38/><V7/><AGARI ba="0,1" hai="7,9,10,12,13,16,45,51,52,77,81,86,89,90" machi="7" ten="20,12000,2" yaku="0,1,7,1,8,1,52,2,54,2" doraHai="57,5" who="2" fromWho="2" sc="237,-30,250,-60,250,130,253,-30" /><INIT seed="2,0,0,3,1,51" ten="207,190,380,223" oya="2" hai0="87,104,17,28,66,128,110,34,21,47,133,69,111" hai1="99,118,77,85,50,24,101,67,91,81,12,11,107" hai2="116,102,125,39,30,71,36,14,61,37,16,53,63" hai3="103,86,89,90,38,5,29,97,45,1,9,121,6"/><V18/><F116/><W40/><G121/><T26/><D128/><U114/><E118/><V25/><F125/><W10/><G29/><T15/><D133/><U58/><E114/><V100/><F71/><W27/><G27/><T115/><D115/><U55/><E24/><V119/><F119/><W73/><G73/><T135/><D135/><U79/><REACH who="1" step="1"/><E67/><REACH who="1" ten="207,180,380,223" step="2"/><V123/><F123/><W120/><G120/><T95/><D66/><U96/><E96/><V19/><F25/><W56/><G86/><T74/><D74/><U70/><E70/><V0/><F30/><W75/><G75/><T94/><D69/><U127/><E127/><V32/><F32/><W65/><G65/><T82/><D104/><U20/><E20/><V49/><F14/><W3/><REACH who="3" step="1"/><G56/><REACH who="3" ten="207,180,380,213" step="2"/><T54/><D26/><U41/><E41/><V83/><F0/><W42/><G42/><T98/><D15/><U80/><E80/><V68/><F83/><W57/><G57/><T92/><D82/><U22/><E22/><V113/><F113/><W129/><G129/><T72/><D21/><U43/><E43/><V31/><F31/><W8/><G8/><T93/><D28/><U122/><E122/><V84/><F84/><W23/><G23/><T4/><D87/><U105/><E105/><AGARI ba="0,2" hai="1,3,5,6,9,10,38,40,45,89,90,97,103,105" machi="105" ten="30,3900,0" yaku="1,1,7,1,9,1,53,0" doraHai="51" doraHaiUra="78" who="3" fromWho="1" sc="207,0,180,-39,380,0,213,59" /><INIT seed="3,0,0,5,1,62" ten="207,141,380,272" oya="3" hai0="108,71,84,33,76,122,95,120,25,2,45,114,65" hai1="7,11,107,116,31,20,82,48,81,93,134,90,27" hai2="13,80,26,133,55,121,92,73,37,63,39,52,17" hai3="105,113,111,106,18,23,44,6,79,129,100,70,86"/><W21/><G113/><T59/><D2/><U64/><E107/><V56/><F133/><W4/><G129/><T58/><D114/><U115/><E115/><V124/><F124/><W43/><G70/><T104/><D104/><U15/><E134/><V68/><F121/><W89/><G79/><T130/><D130/><U96/><E116/><V42/><F26/><W57/><G23/><T14/><D108/><U94/><E48/><V88/><F68/><W30/><G30/><T50/><D14/><U112/><E112/><V97/><F42/><W8/><G57/><T131/><D131/><U77/><E77/><V117/><F117/><W29/><G29/><T35/><D71/><U0/><E0/><V34/><F34/><W135/><G111/><T10/><D10/><U19/><E64/><V87/><F55/><W36/><G135/><T3/><D3/><U110/><E110/><V32/><F32/><W24/><G100/><T38/><D38/><U123/><E123/><V78/><REACH who="2" step="1"/><F73/><REACH who="2" ten="207,141,370,272" step="2"/><W53/><G53/><T9/><D35/><U126/><E126/><V16/><F16/><W5/><REACH who="3" step="1"/><G8/><AGARI ba="0,1" hai="8,13,17,37,39,52,56,63,78,80,87,88,92,97" machi="8" ten="30,8000,1" yaku="1,1,7,1,54,2,53,1" doraHai="62" doraHaiUra="54" who="2" fromWho="3" sc="207,0,141,0,370,90,272,-80" /><INIT seed="4,0,0,5,3,133" ten="207,141,460,192" oya="0" hai0="55,115,8,6,76,31,90,100,64,3,85,25,23" hai1="93,57,86,68,45,114,43,124,75,30,89,91,19" hai2="26,2,95,51,52,88,135,50,109,87,132,69,67" hai3="9,92,32,10,14,4,66,13,5,130,78,59,61"/><T0/><D115/><U94/><E68/><V80/><F109/><W29/><G130/><T79/><D100/><U38/><E75/><V40/><F2/><W82/><G92/><T73/><D73/><U110/><E110/><V7/><F7/><W83/><REACH who="3" step="1"/><G78/><REACH who="3" ten="207,141,460,182" step="2"/><T28/><D79/><U111/><E111/><V54/><F95/><W42/><G42/><T18/><D76/><U24/><E114/><V62/><F40/><W49/><G49/><T34/><D3/><U96/><E57/><V106/><F106/><W12/><G12/><T120/><D120/><U105/><E105/><V102/><F102/><W41/><G41/><T17/><D64/><U116/><E116/><V131/><F131/><W119/><G119/><T20/><D55/><U108/><E108/><V58/><REACH who="2" step="1"/><F26/><AGARI ba="0,1" hai="4,5,9,10,13,14,26,29,32,59,61,66,82,83" machi="26" ten="40,2600,0" yaku="1,1,9,1,53,0" doraHai="133" doraHaiUra="113" who="3" fromWho="2" sc="207,0,141,0,460,-26,182,36" /><INIT seed="5,0,0,4,5,99" ten="207,141,434,218" oya="1" hai0="135,127,117,51,79,109,47,38,80,131,113,24,48" hai1="22,93,31,35,41,133,75,83,13,57,132,98,5" hai2="28,88,32,106,90,30,52,68,6,116,54,103,105" hai3="85,7,101,94,12,121,25,100,66,110,29,46,44"/><U111/><E35/><V130/><F68/><W49/><G110/><T129/><D109/><U96/><E111/><V19/><F6/><W53/><G121/><T55/><D117/><U0/><E0/><V86/><F116/><W81/><G66/><T78/><D38/><U114/><E114/><V107/><F32/><W2/><G2/><T104/><D113/><U119/><E119/><V50/><F130/><N who="0" m="49674" /><D104/><U62/><E41/><V92/><F19/><W72/><G72/><N who="0" m="43079" /><D79/><U34/><E34/><V10/><F10/><N who="3" m="4191" /><G94/><T89/><D127/><U60/><E75/><V21/><F21/><N who="3" m="15535" /><G46/><T95/><D24/><U122/><E122/><V33/><F33/><W64/><G64/><T84/><D51/><U124/><E124/><V43/><F43/><W56/><G44/><T108/><D108/><U118/><E118/><V4/><F4/><W74/><G74/><T76/><D76/><AGARI ba="0,0" hai="49,53,56,76,81,85,100,101" m="15535,4191" machi="76" ten="30,3900,0" yaku="8,1,52,2" doraHai="99" who="3" fromWho="0" sc="207,-39,141,0,434,0,218,39" /><INIT seed="6,0,0,1,1,80" ten="168,141,434,257" oya="2" hai0="53,121,40,70,127,86,104,48,120,50,103,59,20" hai1="94,1,99,52,122,76,45,117,69,65,9,6,11" hai2="47,107,133,130,116,112,85,100,37,25,32,96,55" hai3="56,28,12,77,41,10,128,101,61,92,2,71,22"/><V66/><F116/><W26/><G128/><T62/><D104/><U49/><E117/><V93/><F130/><W58/><G2/><T115/><D103/><U113/><E113/><V109/><F112/><W8/><G71/><T106/><D106/><U31/><E122/><V79/><F66/><W60/><G77/><T42/><D20/><U73/><E31/><V24/><F133/><W0/><G41/><N who="0" m="15979" /><D86/><U15/><E76/><V84/><F109/><W35/><G0/><T64/><D115/><U78/><E78/><V87/><F37/><W123/><G35/><T108/><D108/><U13/><E73/><V38/><F38/><W131/><G131/><T134/><D134/><U27/><E27/><N who="2" m="10315" /><F107/><W36/><G36/><T88/><D88/><U68/><E65/><V95/><F32/><W74/><G123/><N who="0" m="47179" /><D127/><U43/><E43/><V17/><F17/><W18/><G74/><T30/><D30/><U39/><E39/><V97/><F47/><W72/><G72/><T16/><D16/><U81/><E81/><N who="2" m="47167" /><F55/><W63/><G10/><T57/><D70/><U19/><REACH who="1" step="1"/><E1/><REACH who="1" ten="168,131,434,257" step="2"/><V3/><F3/><W90/><G28/><T75/><D75/><U114/><E114/><V98/><F98/><W33/><G26/><T29/><D29/><U129/><E129/><V51/><F96/><W21/><G33/><T14/><D14/><U89/><AGARI ba="0,1" hai="6,9,11,13,15,19,45,49,52,68,69,89,94,99" machi="89" ten="20,12000,2" yaku="1,1,0,1,7,1,54,1,53,2" doraHai="80" doraHaiUra="7" who="1" fromWho="1" sc="168,-30,131,130,434,-60,257,-30" /><INIT seed="7,0,0,1,3,19" ten="138,261,374,227" oya="3" hai0="94,29,77,102,22,56,116,83,90,51,128,134,111" hai1="64,6,11,4,85,0,109,68,3,86,70,88,28" hai2="36,92,133,72,25,26,30,87,5,132,110,33,12" hai3="78,130,9,45,14,114,103,95,60,131,23,91,76"/><W79/><G114/><T99/><D128/><N who="3" m="49193" /><G60/><T122/><D134/><N who="2" m="51818" /><F72/><W20/><G45/><T65/><D111/><U125/><E125/><V47/><F110/><W119/><G103/><T67/><D116/><U32/><E109/><V63/><F63/><W98/><G119/><T44/><D122/><U2/><E64/><V129/><F129/><W112/><G112/><T82/><D90/><U104/><E104/><V37/><F47/><W113/><G113/><T66/><D56/><U7/><E11/><N who="2" m="4207" /><F26/><W38/><G38/><T17/><D77/><U55/><E55/><V43/><F43/><W53/><G53/><T120/><D29/><U40/><E40/><V13/><F13/><W69/><G69/><T46/><D120/><U81/><E28/><V108/><F108/><W27/><G27/><T10/><D10/><U93/><REACH who="1" step="1"/><E32/><REACH who="1" ten="138,251,374,227" step="2"/><V97/><F30/><W118/><G118/><T80/><REACH who="0" step="1"/><D51/><REACH who="0" ten="128,251,374,227" step="2"/><U57/><E57/><V89/><F36/><W49/><G49/><T58/><D58/><U59/><E59/><V135/><F37/><W74/><G74/><T50/><D50/><U18/><E18/><AGARI ba="0,2" hai="9,14,18,20,23,76,78,79,91,95,98" m="49193" machi="18" ten="30,5800,0" yaku="19,1,52,2" doraHai="19" who="3" fromWho="1" sc="128,0,251,-58,374,0,227,78" /><INIT seed="7,1,0,5,4,85" ten="128,193,374,305" oya="3" hai0="29,123,111,70,23,13,79,63,56,130,71,132,92" hai1="5,122,106,59,80,104,49,57,76,94,99,109,19" hai2="112,126,17,121,11,45,50,22,51,10,84,8,15" hai3="48,74,28,89,128,131,62,105,67,9,66,77,47"/><W46/><G105/><T125/><D125/><U43/><E109/><V87/><F126/><W42/><G28/><T97/><D111/><U116/><E122/><V2/><F2/><W113/><G9/><N who="2" m="3689" /><F112/><W102/><G102/><T82/><D130/><N who="3" m="49705" /><G77/><T20/><D123/><U55/><E43/><N who="2" m="24895" /><F121/><W41/><G74/><T101/><D132/><U88/><E116/><V118/><F118/><W69/><G67/><T58/><D58/><U91/><E5/><N who="2" m="3567" /><F51/><N who="3" m="27087" /><G89/><T39/><D39/><U65/><E106/><V134/><F134/><W133/><G133/><T27/><D13/><AGARI ba="1,0" hai="13,17,22,84,87" m="3567,24895,3689" machi="13" ten="30,1000,0" yaku="8,1" doraHai="85" who="2" fromWho="0" sc="128,-13,193,0,374,13,305,0" owari="115,-38.5,193,-20.7,387,48.7,305,10.5" /></mjloggm>