<mjloggm ver="2.3"><GO type="169" lobby="0"/><UN n0="%E4%B9%9D%E7%B4%8B%E9%BE%8D%E5%8F%B2%E9%80%B2" n1="%E3%83%94%E3%83%B3%E3%82%B5%E3%83%AD%E5%BA%97%E5%93%A1" n2="%E8%B5%A4%E6%9C%A8%E3%81%97%E3%81%92%E3%82%8B" n3="%E4%B8%8B%E7%B4%9A%E5%9B%BD%E6%B0%91" dan="19,17,16,17" rate="2307.14,2248.04,2070.75,2138.34" sx="M,M,M,M"/><TAIKYOKU oya="0"/><INIT seed="0,0,0,4,3,49" ten="250,250,250,250" oya="0" hai0="25,101,22,113,84,118,36,128,77,130,63,31,14" hai1="41,27,12,33,116,109,73,105,9,85,72,18,10" hai2="23,122,69,96,39,45,71,7,53,68,95,103,46" hai3="57,121,76,97,67,35,16,129,87,51,40,112,70"/><T81/><D113/><U120/><E116/><V58/><F122/><W90/><G35/><T125/><D118/><U98/><E120/><V6/><F23/><W79/><G112/><T8/><D36/><U89/><E109/><V133/><F133/><W11/><G70/><T17/><D125/><U5/><E41/><V92/><F92/><W88/><G129/><T78/><D101/><U119/><E119/><V126/><F126/><W134/><G134/><T123/><D123/><U114/><E114/><V28/><F28/><W104/><G104/><T127/><D127/><U59/><E98/><V44/><REACH who="2" step="1"/><F39/><REACH who="2" ten="250,250,240,250" step="2"/><W34/><G121/><T61/><REACH who="0" step="1"/><D78/><REACH who="0" ten="240,250,240,250" step="2"/><U54/><E105/><V13/><F13/><W135/><G135/><T66/><D66/><U94/><E33/><V47/><N who="2" m="11264" /><DORA hai="91" /><V106/><F106/><W110/><G67/><T65/><D65/><U74/><E27/><V21/><F21/><W55/><G34/><T131/><AGARI ba="0,2" hai="8,14,17,22,25,31,61,63,77,81,84,128,130,131" machi="131" ten="30,6000,0" yaku="1,1,0,1,19,1,53,0" doraHai="49,91" doraHaiUra="48,38" who="0" fromWho="0" sc="240,80,250,-20,240,-20,250,-20" /><INIT seed="0,1,0,2,0,51" ten="320,230,220,230" oya="0" hai0="2,64,11,118,47,85,69,41,78,18,52,94,90" hai1="95,109,125,31,66,122,49,84,46,127,128,80,35" hai2="39,50,6,4,133,42,121,87,75,115,37,10,91" hai3="81,111,92,30,70,14,130,3,107,110,68,65,106"/><T101/><D118/><U57/><E122/><V13/><F121/><W60/><G3/><T131/><D131/><U129/><E95/><V124/><F75/><W58/><G130/><N who="1" m="50282" /><E31/><V63/><F6/><W102/><G81/><T67/><D69/><N who="3" m="26729" /><G14/><T0/><D101/><U99/><E99/><V12/><F12/><W36/><G36/><T21/><D78/><N who="1" m="46103" /><E35/><V1/><F1/><W134/><G30/><T71/><D71/><U117/><E109/><N who="3" m="41482" /><G134/><T24/><D2/><U28/><E28/><V123/><F133/><W105/><G92/><T43/><D0/><U116/><E116/><V15/><F123/><W98/><AGARI ba="1,0" hai="58,60,65,98,102,105,106,107" m="41482,26729" machi="98" ten="40,1500,0" yaku="14,1" doraHai="51" who="3" fromWho="3" sc="320,-8,230,-5,220,-5,230,18" /><INIT seed="1,0,0,4,3,16" ten="312,225,215,248" oya="1" hai0="122,25,89,5,72,69,103,75,85,32,131,27,79" hai1="59,11,3,99,97,100,0,118,87,33,94,23,127" hai2="81,6,110,86,125,70,15,108,119,18,129,106,111" hai3="71,9,113,12,130,96,39,30,26,58,21,82,49"/><U126/><E118/><V4/><F119/><W41/><G71/><T62/><D131/><U60/><E33/><V37/><F129/><W43/><G113/><T8/><D103/><U52/><E87/><V112/><F112/><W66/><G39/><T19/><D122/><U128/><E128/><V36/><F106/><W42/><G130/><T105/><D105/><U50/><E99/><V28/><F28/><W44/><G96/><T132/><D132/><U95/><E95/><V91/><F70/><W116/><G116/><T120/><D79/><U77/><E77/><V34/><F34/><W38/><G82/><T1/><D27/><U107/><E107/><V135/><F135/><W134/><G134/><T13/><D120/><U20/><E60/><V48/><F48/><W73/><G73/><T40/><D40/><U14/><E3/><V51/><F51/><W2/><G2/><T67/><D25/><U64/><E64/><V45/><F125/><N who="1" m="47625" /><E0/><V90/><F90/><W93/><G93/><T74/><D32/><U24/><E24/><V29/><F29/><W35/><G35/><T124/><D124/><U46/><E46/><V102/><F102/><W84/><G84/><T57/><D69/><U109/><E109/><V54/><F36/><W65/><G38/><T22/><REACH who="0" step="1"/><D75/><REACH who="0" ten="302,225,215,248" step="2"/><U114/><E114/><V10/><REACH who="2" step="1"/><F54/><REACH who="2" ten="302,225,205,248" step="2"/><N who="3" m="32079" /><G44/><T53/><D53/><U7/><AGARI ba="0,2" hai="7,11,14,20,23,50,52,59,94,97,100" m="47625" machi="7" ten="30,11700,0" yaku="18,1,52,2,54,1" doraHai="16" who="1" fromWho="1" sc="302,-39,225,137,205,-39,248,-39" /><INIT seed="1,1,0,5,1,132" ten="263,362,166,209" oya="1" hai0="22,116,4,84,124,44,1,54,106,94,129,75,61" hai1="41,26,108,72,117,103,77,78,112,50,12,53,17" hai2="57,88,122,109,23,37,48,46,128,5,66,36,95" hai3="87,100,13,9,14,39,25,11,58,28,59,82,60"/><U35/><E112/><V0/><F122/><W49/><G39/><T63/><D116/><U68/><E117/><V101/><F101/><W69/><G69/><T104/><D75/><U18/><E68/><V110/><F128/><W98/><G49/><T47/><D129/><U120/><E120/><V76/><F76/><W81/><G59/><T21/><D4/><U89/><E41/><V38/><F23/><W111/><G111/><N who="2" m="42505" /><F5/><W62/><G62/><T113/><D1/><U86/><E108/><V83/><F83/><W43/><G43/><T52/><D84/><U131/><E103/><V71/><F0/><W127/><G82/><T20/><D20/><N who="1" m="13583" /><E35/><V125/><F71/><W2/><G2/><T8/><D8/><N who="1" m="6407" /><E72/><V114/><F114/><W74/><G74/><T65/><D113/><U115/><E131/><V123/><F123/><W102/><G102/><T85/><D85/><U24/><E24/><V70/><F70/><W55/><G9/><T97/><D97/><U73/><E73/><V29/><F36/><W96/><G11/><T64/><D94/><N who="1" m="54583" /><E115/><V92/><F92/><N who="3" m="58375" /><G98/><T45/><D45/><AGARI ba="1,0" hai="45,50,53,77,78" m="54583,6407,13583" machi="45" ten="30,1500,0" yaku="8,1" doraHai="132" who="1" fromWho="0" sc="263,-18,362,18,166,0,209,0" /><INIT seed="1,2,0,3,1,112" ten="245,380,166,209" oya="1" hai0="76,15,123,35,125,92,79,57,39,63,71,58,90" hai1="105,52,117,74,9,50,31,97,60,16,102,29,62" hai2="26,44,41,84,85,111,12,22,38,100,28,49,81" hai3="56,13,118,14,115,95,91,113,82,116,86,110,64"/><U10/><E74/><V109/><F84/><W54/><G64/><T99/><D39/><U59/><E117/><N who="3" m="45162" /><G110/><T126/><D35/><U78/><E78/><V7/><F100/><W6/><G82/><T94/><D71/><U11/><REACH who="1" step="1"/><E16/><REACH who="1" ten="245,370,166,209" step="2"/><N who="2" m="10503" /><F38/><W87/><G87/><T55/><D76/><U132/><E132/><V65/><F7/><W21/><G6/><T24/><D79/><U67/><E67/><V27/><F65/><W17/><G13/><T0/><D15/><U89/><E89/><N who="2" m="51375" /><F28/><AGARI ba="2,1" hai="9,10,11,28,29,31,50,52,59,60,62,97,102,105" machi="28" ten="40,3900,0" yaku="1,1,54,1,53,0" doraHai="112" doraHaiUra="104" who="1" fromWho="2" sc="245,0,370,55,166,-45,209,0" /><INIT seed="1,3,0,0,3,40" ten="245,425,121,209" oya="1" hai0="21,66,18,45,20,38,85,11,54,92,13,99,83" hai1="56,123,15,82,77,86,62,110,69,52,116,32,1" hai2="47,24,101,31,76,27,95,117,3,12,41,94,135" hai3="105,106,6,55,132,8,59,109,104,63,126,130,43"/><U34/><E116/><V125/><F3/><W50/><G109/><T127/><D66/><U134/><E123/><V74/><F135/><W120/><G120/><T71/><D71/><U103/><E1/><V28/><F125/><W7/><G132/><T72/><D72/><U48/><E134/><V65/><F117/><W89/><G126/><T111/><D111/><U30/><E110/><V102/><F65/><W29/><G130/><T42/><D54/><U115/><E115/><V9/><F74/><W14/><G29/><N who="2" m="11337" /><F76/><W51/><G6/><T2/><D2/><U0/><E0/><V4/><F41/><W128/><G128/><T33/><D33/><U10/><E103/><N who="2" m="39435" /><F47/><W80/><G43/><T88/><REACH who="0" step="1"/><D127/><REACH who="0" ten="235,425,121,209" step="2"/><U108/><E108/><V57/><F57/><W68/><G68/><T49/><D49/><U133/><E133/><V19/><F4/><W79/><REACH who="3" step="1"/><G89/><AGARI ba="3,1" hai="11,13,18,20,21,38,42,45,83,85,88,89,92,99" machi="89" ten="30,12000,2" yaku="1,1,7,1,52,1,54,1,53,2" doraHai="40" doraHaiUra="17" who="0" fromWho="3" sc="235,139,425,0,121,0,209,-129" /><INIT seed="2,0,0,0,0,78" ten="374,425,121,80" oya="2" hai0="24,88,30,100,16,72,121,63,127,37,94,84,89" hai1="11,73,98,131,112,59,99,135,18,14,61,106,57" hai2="3,103,49,124,70,122,9,7,44,130,95,110,102" hai3="19,77,111,93,114,92,128,108,10,25,115,33,2"/><V51/><F70/><W101/><G101/><T104/><D121/><U41/><E112/><N who="3" m="43050" /><G93/><T58/><D37/><U129/><E73/><V105/><F122/><W69/><G92/><T32/><D127/><U53/><E135/><V91/><F51/><W20/><G69/><T87/><D72/><U97/><E41/><V40/><F130/><N who="1" m="49673" /><E59/><V64/><F124/><W54/><G54/><T81/><D100/><AGARI ba="0,0" hai="11,14,18,53,57,61,97,98,99,100,106" m="49673" machi="100" ten="30,1000,0" yaku="19,1" doraHai="78" who="1" fromWho="0" sc="374,-10,425,10,121,0,80,0" /><INIT seed="3,0,0,0,1,90" ten="364,435,121,80" oya="3" hai0="128,13,38,46,14,96,56,132,71,73,121,117,43" hai1="94,45,62,68,123,3,116,22,10,28,131,0,133" hai2="5,50,86,47,75,34,17,95,65,2,39,80,23" hai3="135,91,88,26,114,87,125,130,81,48,126,67,99"/><W61/><G114/><T52/><D117/><U24/><E123/><V105/><F105/><W111/><G111/><T55/><D121/><U122/><E122/><V36/><F34/><W113/><G113/><T64/><D73/><U63/><E116/><V66/><F75/><W19/><G48/><T51/><D128/><U35/><E131/><V41/><F39/><W58/><G130/><T106/><D132/><U59/><E133/><V60/><F36/><W1/><G1/><T44/><D106/><U92/><E45/><V77/><F2/><W18/><G135/><T30/><D30/><U33/><E68/><V84/><F60/><W78/><G78/><T11/><D96/><U104/><E104/><V103/><F5/><W8/><G8/><T6/><D71/><U85/><E63/><V7/><F7/><W49/><G49/><T118/><D64/><U15/><E0/><V120/><F120/><W109/><G109/><T112/><D118/><U115/><E115/><V25/><F84/><W40/><G40/><T54/><D112/><U127/><E127/><N who="3" m="48650" /><G26/><T129/><D129/><U69/><E3/><V4/><F4/><W31/><G31/><T107/><D107/><U9/><E9/><V27/><REACH who="2" step="1"/><F25/><REACH who="2" ten="364,435,111,80" step="2"/><W70/><G70/><T82/><D38/><U83/><E69/><V20/><F20/><W97/><G97/><AGARI ba="0,1" hai="17,23,27,41,47,50,65,66,77,80,86,95,97,103" machi="97" ten="40,8000,1" yaku="1,1,8,1,52,1,53,1" doraHai="90" doraHaiUra="76" who="2" fromWho="3" sc="364,0,435,0,111,90,80,-80" /><INIT seed="4,0,0,3,5,71" ten="364,435,201,0" oya="0" hai0="63,133,123,91,53,101,60,65,114,22,110,6,124" hai1="116,89,35,2,111,3,73,83,51,23,9,72,103" hai2="117,34,108,127,85,109,105,76,5,131,92,33,96" hai3="100,18,134,81,27,115,48,19,122,11,68,14,4"/><T64/><D123/><U130/><E111/><V15/><F15/><W28/><G68/><T77/><D110/><U56/><E35/><V94/><F5/><W67/><G67/><T8/><D114/><U86/><E116/><V129/><F85/><W7/><G100/><T118/><D118/><U49/><E103/><V97/><F117/><W36/><G81/><T95/><D133/><U38/><E38/><V120/><F76/><W135/><G48/><T106/><D77/><U24/><E130/><V62/><F62/><W59/><G59/><T29/><D124/><U26/><E26/><V112/><F105/><W32/><G36/><T0/><D101/><U113/><E113/><V10/><F10/><W40/><G40/><T31/><D53/><U41/><E49/><V66/><F66/><W45/><G45/><T82/><D82/><U1/><E9/><V12/><F112/><W37/><G37/><T79/><D79/><U128/><E128/><V75/><F75/><W93/><G93/><T132/><D132/><N who="3" m="50729" /><G115/><T43/><D43/><U78/><E78/><V13/><REACH who="2" step="1"/><F120/><REACH who="2" ten="364,435,191,0" step="2"/><W54/><G122/><T125/><D106/><U69/><E73/><V70/><F70/><W87/><G87/><T42/><D65/><U84/><E69/><V30/><F30/><W44/><G4/><T39/><D64/><U52/><E72/><V17/><F17/><W74/><G74/><T57/><D6/><U80/><E86/><V88/><F88/><W90/><G90/><T121/><D91/><U50/><E89/><V99/><F99/><W126/><G126/><AGARI ba="0,1" hai="12,13,33,34,92,94,96,97,108,109,126,127,129,131" machi="126" ten="25,3200,0" yaku="1,1,22,2,53,0" doraHai="71" doraHaiUra="61" who="2" fromWho="3" sc="364,0,435,0,191,42,0,-32" owari="364,16.4,435,53.5,233,-16.7,-32,-53.2" /></mjloggm>