<mjloggm ver="2.3"><GO type="169" lobby="0"/><UN n0="%63%78%79%74%6D%6C" n1="%E2%97%8E%E3%82%88%E3%81%97%E2%97%8E" n2="%E6%84%9A%E5%85%84%E3%81%8C%E6%84%9A%E5%BD%A2" n3="%4D%72%52%41%4D%4F" dan="16,17,18,16" rate="2220.82,2186.39,2222.67,2137.61" sx="M,M,M,M"/><TAIKYOKU oya="0"/><INIT seed="0,0,0,0,4,75" ten="250,250,250,250" oya="0" hai0="91,52,17,85,135,102,3,38,121,27,131,34,95" hai1="29,20,6,49,123,18,94,37,64,70,104,62,133" hai2="124,67,125,118,30,63,110,66,114,12,86,74,71" hai3="13,87,42,5,97,50,96,88,84,33,19,73,90"/><T35/><D121/><U36/><E123/><V128/><F114/><W31/><G73/><T16/><D38/><U116/><E104/><V81/><F110/><W58/><G5/><T45/><D3/><U79/><E116/><V129/><F30/><W61/><G31/><T57/><D131/><N who="2" m="50250" /><F67/><W56/><G33/><T76/><D45/><U53/><E6/><V4/><F118/><W113/><G113/><T7/><D7/><U54/><E133/><V11/><F74/><W24/><G24/><T21/><D135/><U134/><E29/><V8/><F8/><W72/><G72/><T126/><D126/><U55/><E49/><V101/><F101/><W93/><G42/><T41/><D41/><U0/><E0/><V112/><F112/><W23/><G50/><T98/><D17/><U46/><E134/><V78/><AGARI ba="0,0" hai="4,11,12,63,66,71,78,81,86,124,125" m="50250" machi="78" ten="30,2000,0" yaku="19,1,52,1" doraHai="75" who="2" fromWho="2" sc="250,-10,250,-5,250,20,250,-5" /><INIT seed="1,0,0,1,2,31" ten="240,245,270,245" oya="1" hai0="34,118,112,5,132,123,119,90,52,74,81,21,58" hai1="82,4,16,94,53,22,115,19,88,45,67,116,127" hai2="71,135,9,0,28,44,8,80,70,103,97,64,41" hai3="84,2,129,131,46,20,133,89,113,1,117,99,96"/><U11/><E115/><V47/><F135/><W134/><G113/><T61/><D112/><U91/><E116/><V54/><F80/><W77/><G20/><T128/><D132/><N who="3" m="50793" /><G46/><T86/><D128/><N who="3" m="49225" /><G117/><T130/><D130/><U17/><E127/><V102/><F28/><W25/><G25/><T14/><D123/><U72/><E67/><V98/><F54/><W7/><G7/><T76/><D34/><U6/><E22/><V95/><F64/><W114/><G114/><T24/><D14/><U85/><E72/><V126/><F126/><W10/><G10/><T55/><D5/><U83/><E91/><V110/><F0/><N who="3" m="107" /><G77/><T37/><D55/><U50/><REACH who="1" step="1"/><E6/><REACH who="1" ten="240,235,270,245" step="2"/><V3/><F102/><W100/><G100/><T73/><D119/><U30/><E30/><V43/><F103/><W124/><G124/><T121/><D118/><U59/><E59/><V48/><F71/><W13/><G13/><AGARI ba="0,1" hai="4,11,13,16,17,19,45,50,53,82,83,85,88,94" machi="13" ten="40,12000,1" yaku="1,1,8,1,54,2,53,0" doraHai="31" doraHaiUra="63" who="1" fromWho="3" sc="240,0,235,130,270,0,245,-120" /><INIT seed="1,1,0,5,2,8" ten="240,365,270,125" oya="1" hai0="58,9,103,1,51,119,83,71,108,85,90,102,129" hai1="111,130,86,117,21,31,55,106,77,116,33,14,74" hai2="50,66,75,53,54,56,49,52,38,100,82,122,69" hai3="65,120,0,125,27,28,2,36,68,104,87,80,114"/><U25/><E106/><V123/><F100/><W32/><G114/><T98/><D119/><U99/><E74/><V97/><F97/><W20/><G120/><N who="2" m="46121" /><F82/><W62/><G125/><T19/><D71/><U5/><E99/><V22/><F22/><W18/><G36/><T78/><D108/><U26/><E111/><V84/><F84/><W60/><G60/><T133/><D129/><U40/><E130/><V43/><F75/><W59/><G68/><T79/><D133/><U34/><E86/><V109/><F109/><W12/><REACH who="3" step="1"/><G104/><REACH who="3" ten="240,365,270,115" step="2"/><T127/><D127/><U81/><E116/><V72/><F69/><W76/><AGARI ba="1,1" hai="0,2,12,18,20,27,28,32,59,62,65,76,80,87" machi="76" ten="20,8000,1" yaku="1,1,2,1,0,1,7,1,52,1,53,0" doraHai="8" doraHaiUra="45" who="3" fromWho="3" sc="240,-21,365,-41,270,-21,115,93" /><INIT seed="2,0,0,2,2,130" ten="219,324,249,208" oya="2" hai0="75,66,1,85,32,14,36,100,43,16,42,127,107" hai1="12,83,61,87,31,122,51,57,78,114,99,2,101" hai2="124,102,47,59,68,109,48,26,33,111,25,45,19" hai3="96,105,64,34,118,116,49,97,86,56,103,18,106"/><V27/><F68/><W112/><G34/><T125/><D75/><U17/><E122/><V13/><F33/><W69/><G112/><T53/><D1/><U3/><E114/><V38/><F102/><W90/><G69/><T113/><D113/><U108/><E108/><N who="2" m="41547" /><F124/><N who="0" m="47690" /><D32/><U35/><E35/><V104/><F104/><W115/><G115/><T37/><D66/><U134/><E134/><V80/><F80/><W10/><G97/><N who="0" m="61839" /><D53/><U29/><E2/><V128/><F128/><W65/><G105/><T129/><D85/><U84/><E3/><V44/><F38/><N who="0" m="14954" /><D129/><U8/><E84/><V110/><N who="2" m="41555" /><V117/><DORA hai="39" /><F117/><W98/><G116/><T135/><D135/><U92/><REACH who="1" step="1"/><E51/><REACH who="1" ten="219,314,249,208" step="2"/><V0/><F0/><W41/><G49/><T7/><D7/><U62/><E62/><V120/><F120/><W24/><G86/><T9/><AGARI ba="0,1" hai="9,14,16,42,43" m="14954,61839,47690" machi="9" ten="30,7900,0" yaku="18,1,52,2,54,1" doraHai="130,39" who="0" fromWho="0" sc="219,89,314,-20,249,-39,208,-20" /><INIT seed="3,0,0,1,4,93" ten="308,294,210,188" oya="3" hai0="111,20,123,98,109,4,16,115,2,35,5,78,89" hai1="61,58,59,82,24,14,92,135,70,69,44,45,11" hai2="28,76,15,10,120,43,85,54,74,17,38,12,73" hai3="27,25,121,37,110,33,83,87,100,51,101,129,80"/><W84/><G121/><T0/><D78/><U102/><E135/><V42/><F120/><W63/><G37/><T107/><D123/><U6/><E70/><V66/><F66/><W119/><G119/><T13/><D115/><U31/><E69/><V47/><F28/><W7/><G129/><T112/><D112/><U22/><E82/><V41/><F38/><W34/><G7/><N who="0" m="2635" /><D89/><U36/><E59/><V86/><F15/><W67/><G51/><T130/><D130/><U91/><E36/><V50/><REACH who="2" step="1"/><F76/><REACH who="2" ten="308,294,200,188" step="2"/><W46/><G67/><T81/><D2/><U105/><E105/><V21/><F21/><W117/><G117/><T40/><D0/><U114/><E114/><V95/><F95/><W57/><G34/><T125/><D107/><U133/><E133/><V97/><F97/><W94/><G33/><T62/><D98/><N who="1" m="59719" /><E91/><V113/><F113/><W124/><G94/><T64/><D35/><U23/><E23/><V30/><F30/><W56/><G124/><T106/><D125/><U127/><E127/><V104/><F104/><W1/><G1/><T53/><D106/><U116/><E116/><V3/><F3/><W126/><G126/><T19/><D20/><U134/><E134/><V77/><F77/><W49/><G101/><T18/><D81/><U108/><E108/><V9/><F9/><W71/><G100/><T48/><D111/><U52/><AGARI ba="0,1" hai="6,11,14,22,24,31,44,45,52,58,61" m="59719" machi="52" ten="30,4000,0" yaku="8,1,52,1,54,1" doraHai="93" who="1" fromWho="1" sc="308,-10,294,50,200,-10,188,-20" /><INIT seed="4,0,0,1,3,65" ten="298,344,190,168" oya="0" hai0="12,21,119,13,110,0,78,98,103,34,29,17,122" hai1="133,45,32,118,106,79,88,74,82,134,66,99,5" hai2="9,111,28,71,36,38,26,57,19,27,20,94,60" hai3="41,132,70,125,49,69,126,127,109,72,33,58,11"/><T56/><D119/><U53/><E32/><V83/><F111/><W73/><G33/><T101/><D122/><U100/><E118/><V31/><F83/><W18/><G109/><T128/><D110/><U75/><E5/><V37/><F94/><W135/><G18/><T113/><D113/><U87/><E66/><V85/><F85/><W117/><G11/><T44/><D78/><U50/><REACH who="1" step="1"/><E75/><REACH who="1" ten="298,334,190,168" step="2"/><N who="3" m="28746" /><G117/><T95/><D34/><U130/><E130/><V116/><F116/><W63/><G132/><T62/><D128/><U131/><E131/><V107/><F107/><W76/><G135/><T10/><D0/><U121/><E121/><V8/><F36/><W43/><G76/><T96/><D29/><U6/><E6/><V92/><F38/><W64/><G49/><T59/><D62/><U24/><E24/><V93/><F37/><W120/><G120/><T90/><D17/><U23/><E23/><V14/><F60/><W124/><G124/><T47/><D21/><U61/><E61/><V39/><F39/><W2/><G2/><T3/><D3/><U55/><E55/><V80/><F19/><W112/><G112/><T48/><D48/><U115/><E115/><V102/><F20/><W68/><AGARI ba="0,1" hai="41,43,58,63,64,68,69,70,125,126,127" m="28746" machi="68" ten="50,8000,1" yaku="18,1,52,3" doraHai="65" who="3" fromWho="3" sc="298,-40,334,-20,190,-20,168,90" /><INIT seed="5,0,0,1,4,0" ten="258,314,170,258" oya="1" hai0="41,77,65,18,66,40,72,107,19,1,45,21,122" hai1="60,113,16,57,81,100,14,8,86,118,128,92,130" hai2="3,109,71,69,79,48,61,25,28,116,89,15,17" hai3="93,49,50,90,117,84,46,52,78,47,24,123,62"/><U75/><E118/><V54/><F109/><W5/><G123/><T70/><D107/><U124/><E113/><V88/><F116/><W126/><G126/><T44/><D1/><U105/><E124/><V103/><F79/><W51/><G117/><T33/><D33/><U132/><E105/><V38/><F103/><W27/><G78/><T13/><D122/><U74/><E132/><V114/><F38/><W63/><G49/><T97/><D97/><U4/><E100/><V39/><F39/><W108/><G108/><T34/><D34/><U64/><E92/><V59/><F3/><W58/><G5/><T82/><D70/><U85/><E86/><V23/><F114/><W83/><G83/><T22/><D45/><U91/><REACH who="1" step="1"/><E4/><REACH who="1" ten="258,304,170,258" step="2"/><V119/><F119/><W115/><G115/><T106/><D106/><U129/><AGARI ba="0,1" hai="8,14,16,57,60,64,74,75,81,85,91,128,129,130" machi="129" ten="30,18000,2" yaku="1,1,2,1,0,1,19,1,54,1,53,1" doraHai="0" doraHaiUra="80" who="1" fromWho="1" sc="258,-60,304,190,170,-60,258,-60" /><INIT seed="5,1,0,0,1,128" ten="198,494,110,198" oya="1" hai0="5,131,47,28,4,121,41,74,34,69,106,2,84" hai1="73,20,18,107,8,43,132,95,83,54,115,98,110" hai2="1,129,39,118,94,91,46,67,82,6,19,75,114" hai3="101,21,123,9,80,119,127,78,16,102,17,58,77"/><U51/><E107/><V30/><F129/><W76/><G123/><T29/><D74/><U10/><E115/><V134/><F118/><W27/><G127/><T60/><D106/><U23/><E23/><V45/><F30/><W13/><G119/><T135/><D131/><U124/><E43/><V117/><F117/><W71/><G71/><T70/><D84/><U93/><E93/><V33/><F33/><W104/><G104/><T100/><D100/><U88/><E110/><V12/><F67/><W120/><G120/><T57/><D2/><U90/><E124/><V92/><F92/><W125/><G125/><T36/><D121/><U32/><E32/><V14/><F1/><W40/><G40/><T103/><D103/><U62/><E62/><V0/><F0/><W3/><G3/><T59/><D34/><U96/><E96/><V55/><F39/><W7/><G7/><T85/><D85/><N who="1" m="50239" /><E73/><V130/><F114/><W86/><REACH who="3" step="1"/><G58/><REACH who="3" ten="198,494,110,188" step="2"/><T44/><D41/><U65/><E98/><V63/><F130/><W126/><G126/><T56/><D56/><U111/><E111/><V87/><F6/><W26/><G26/><T15/><D60/><U11/><E51/><V109/><F109/><W49/><G49/><T122/><D122/><U99/><E99/><V52/><F63/><W64/><G64/><T116/><D116/><U50/><E65/><V68/><F68/><W53/><G53/><T81/><D36/><U105/><E54/><V79/><F55/><W72/><G72/><T48/><D48/><U112/><E105/><V97/><F52/><W89/><AGARI ba="1,1" hai="9,13,16,17,21,27,76,77,78,80,86,89,101,102" machi="89" ten="30,8000,1" yaku="1,1,5,1,0,1,8,1,54,1,53,0" doraHai="128" doraHaiUra="108" who="3" fromWho="3" sc="198,-21,494,-41,110,-21,188,93" /><INIT seed="6,0,0,5,4,39" ten="177,453,89,281" oya="2" hai0="44,85,63,95,81,49,64,69,119,118,105,26,115" hai1="117,52,89,43,123,121,38,9,97,76,109,67,73" hai2="55,30,5,113,58,3,57,102,132,83,46,20,112" hai3="126,127,27,10,108,128,77,50,114,29,19,60,4"/><V111/><F102/><W33/><G108/><T47/><D105/><U100/><E109/><V96/><F111/><W12/><G128/><T87/><D115/><N who="2" m="44106" /><F96/><W68/><G77/><N who="0" m="46255" /><D26/><U122/><E97/><V90/><F132/><W61/><G114/><T23/><D23/><U24/><E100/><V14/><F3/><W48/><G4/><T104/><D104/><U91/><E123/><V71/><F71/><W124/><REACH who="3" step="1"/><G61/><REACH who="3" ten="177,453,89,271" step="2"/><T37/><D63/><U99/><E122/><V86/><F5/><W45/><G45/><T51/><D47/><U101/><E121/><V80/><F80/><W1/><G1/><T7/><D44/><U79/><E117/><V94/><F83/><W59/><G59/><T70/><D7/><U32/><E76/><V11/><F46/><W56/><G56/><T72/><D70/><U2/><E79/><V36/><F36/><W16/><G16/><T116/><D37/><U110/><E38/><V6/><F55/><W82/><G82/><T92/><D69/><U8/><E52/><V17/><F6/><W40/><G40/><T74/><D64/><AGARI ba="0,1" hai="10,12,19,27,29,33,48,50,60,64,68,124,126,127" machi="64" ten="40,5200,0" yaku="1,1,18,1,53,1" doraHai="39" doraHaiUra="28" who="3" fromWho="0" sc="177,-52,453,0,89,0,271,62" /><INIT seed="7,0,0,1,4,1" ten="125,453,89,333" oya="3" hai0="129,23,5,13,77,101,4,76,48,91,10,128,45" hai1="75,7,86,63,106,105,72,20,51,99,66,40,90" hai2="30,50,58,83,36,3,62,44,53,116,96,14,93" hai3="124,84,92,60,34,104,16,12,109,119,131,133,56"/><W38/><G119/><T125/><D125/><U73/><E99/><V24/><F116/><W68/><G34/><T35/><D35/><U82/><E7/><V41/><F3/><W25/><G104/><T120/><D120/><U110/><E110/><V135/><F135/><W15/><G38/><T37/><D37/><U115/><E115/><V79/><F14/><W2/><G2/><T114/><D101/><U69/><E20/><V78/><F83/><W18/><G68/><T39/><D39/><U46/><AGARI ba="0,0" hai="40,46,51,63,66,69,72,73,75,82,86,90,105,106" machi="46" ten="40,1500,0" yaku="0,1" doraHai="1" who="1" fromWho="1" sc="125,-4,453,15,89,-4,333,-7" owari="121,-27.9,468,56.8,85,-41.5,326,12.6" /></mjloggm>