<mjloggm ver="2.3"><GO type="225" lobby="0"/><UN n0="%E9%A6%AC%E5%BC%95%E7%81%AB%33" n1="%E5%8F%AF%E5%85%90%E9%82%A3%E7%94%B1%E5%A4%9A" n2="%E3%81%A4%E3%81%A3%E3%81%B1%E3%82%8A%E3%83%9D%E3%83%BC%E3%83%AB" n3="%33%74%72%65%65" dan="16,16,17,17" rate="2121.58,2076.70,2194.61,2175.90" sx="M,F,M,F"/><TAIKYOKU oya="0"/><INIT seed="0,0,0,1,3,44" ten="250,250,250,250" oya="0" hai0="75,129,41,78,47,72,83,4,65,80,7,61,70" hai1="123,16,119,18,53,97,66,91,34,113,19,79,96" hai2="12,114,102,25,8,15,31,74,46,118,3,87,122" hai3="76,90,82,11,54,101,120,121,9,134,77,92,86"/><T67/><D129/><U55/><E119/><V17/><F74/><W98/><G134/><T57/><D67/><U30/><E123/><N who="3" m="47178" /><G11/><T0/><D57/><U116/><E116/><V27/><F122/><W20/><G9/><T62/><D62/><U112/><E66/><V106/><F118/><W89/><G20/><T1/><D80/><U38/><E38/><V125/><F114/><N who="1" m="44137" /><E79/><N who="3" m="30282" /><G54/><N who="1" m="20490" /><E91/><AGARI ba="0,0" hai="82,86,89,90,91,92,98,101" m="30282,47178" machi="91" ten="30,3900,0" yaku="13,1,34,2" doraHai="44" who="3" fromWho="1" sc="250,0,250,-39,250,0,250,39" /><INIT seed="1,0,0,1,4,6" ten="250,211,250,289" oya="1" hai0="133,96,74,13,21,14,66,81,115,56,48,97,100" hai1="65,114,68,104,29,47,124,75,25,134,119,77,0" hai2="9,90,42,30,92,80,89,117,70,54,112,98,135" hai3="40,22,93,76,131,105,37,57,4,67,123,5,62"/><U71/><E114/><V50/><F117/><W73/><G105/><T43/><D115/><U61/><E119/><V84/><F112/><W7/><G123/><T63/><D133/><U45/><E134/><V35/><F135/><W128/><G73/><T99/><D74/><U88/><E124/><V2/><F70/><W38/><G76/><T53/><D81/><U121/><E121/><V3/><F42/><W51/><G22/><T132/><D132/><U10/><E71/><V64/><F64/><W78/><G78/><T58/><D43/><U79/><E104/><V95/><F30/><W41/><G93/><T122/><D122/><U130/><E130/><N who="3" m="49706" /><G41/><T129/><D129/><U24/><E24/><V91/><F35/><W108/><G108/><T110/><D110/><U12/><E0/><V46/><REACH who="2" step="1"/><F9/><REACH who="2" ten="250,211,240,289" step="2"/><W109/><G109/><T44/><D21/><U85/><E75/><V106/><F106/><W31/><G31/><T16/><D100/><U36/><E36/><V27/><F27/><W17/><G40/><T107/><D107/><U102/><E102/><V113/><F113/><W111/><G111/><T8/><REACH who="0" step="1"/><D13/><REACH who="0" ten="240,211,240,289" step="2"/><U33/><E77/><V52/><F52/><N who="3" m="31903" /><G38/><T82/><D82/><U15/><E79/><V49/><F49/><W20/><G37/><T72/><D72/><U83/><REACH who="1" step="1"/><E15/><REACH who="1" ten="240,201,240,289" step="2"/><V120/><F120/><W11/><G67/><T116/><D116/><U101/><E101/><V94/><F94/><W34/><G34/><T26/><D26/><U103/><E103/><V86/><AGARI ba="0,3" hai="2,3,46,50,54,80,84,86,89,90,91,92,95,98" machi="86" ten="20,2700,0" yaku="1,1,0,1,7,1,53,0" doraHai="6" doraHaiUra="59" who="2" fromWho="2" sc="240,-7,201,-13,240,57,289,-7" /><INIT seed="2,0,0,3,5,135" ten="233,188,297,282" oya="2" hai0="48,23,112,20,31,100,22,97,104,132,91,11,26" hai1="126,81,63,77,114,108,80,74,67,28,78,43,24" hai2="107,110,66,82,30,41,75,92,3,89,98,42,90" hai3="131,21,38,37,130,1,87,83,27,64,106,0,105"/><V32/><F3/><N who="3" m="1099" /><G64/><T35/><D112/><U70/><E108/><V111/><F107/><N who="3" m="40971" /><G87/><T33/><D132/><U59/><E114/><V60/><F30/><W58/><G58/><T8/><D35/><U50/><E43/><V109/><F32/><W119/><G83/><T133/><D133/><U128/><E128/><N who="3" m="49194" /><G119/><T62/><D48/><U15/><E15/><V134/><F134/><W7/><G7/><T113/><D113/><U129/><E129/><V99/><F99/><W9/><G9/><T51/><D51/><U12/><E12/><V101/><F90/><W4/><G4/><T102/><D102/><U95/><E50/><V84/><REACH who="2" step="1"/><F75/><REACH who="2" ten="233,188,287,282" step="2"/><W94/><G94/><T55/><D91/><U71/><E95/><V6/><F6/><W73/><G73/><T117/><D117/><U34/><REACH who="1" step="1"/><E126/><REACH who="1" ten="233,178,287,282" step="2"/><V79/><F79/><W49/><G49/><T85/><D104/><U96/><E96/><V45/><F45/><W122/><G122/><T53/><D97/><U52/><E52/><V16/><F16/><AGARI ba="0,2" hai="16,21,27,37,38" m="49194,40971,1099" machi="16" ten="40,2600,0" yaku="19,1,54,1" doraHai="135" who="3" fromWho="2" sc="233,0,178,0,287,-26,282,46" /><INIT seed="3,0,0,2,3,15" ten="233,178,261,328" oya="3" hai0="38,48,66,58,105,103,125,43,57,56,8,107,83" hai1="115,11,60,34,74,68,63,42,54,135,6,131,7" hai2="126,37,21,41,113,91,89,104,87,33,72,93,108" hai3="50,82,124,40,133,39,90,127,117,20,29,120,86"/><W45/><G117/><T30/><D38/><U0/><E115/><V111/><F33/><W85/><G120/><T17/><D30/><U80/><E34/><V62/><F104/><W67/><G133/><T88/><D66/><U122/><E122/><V76/><F113/><W10/><G67/><T98/><D107/><U78/><E135/><V61/><F126/><N who="3" m="48171" /><G10/><T12/><D125/><U102/><E131/><V24/><F91/><W69/><G69/><T25/><D25/><U132/><E132/><V109/><F41/><W77/><G20/><T92/><D83/><U121/><E121/><V27/><F37/><W23/><G23/><T13/><D12/><U32/><E32/><V51/><F51/><W1/><G29/><T118/><D118/><U46/><E7/><V64/><F64/><W35/><G1/><T55/><D43/><U84/><E68/><V59/><F59/><W70/><G70/><T100/><D100/><U123/><E123/><V129/><F129/><W99/><G50/><T95/><D105/><U52/><E102/><V101/><F101/><W134/><G40/><T22/><D8/><U97/><E97/><AGARI ba="0,0" hai="13,17,22,48,55,56,57,58,88,92,95,97,98,103" machi="97" ten="30,7700,0" yaku="7,1,8,1,52,1,54,1" doraHai="15" who="0" fromWho="1" sc="233,77,178,-77,261,0,328,0" owari="310,11.0,101,-39.9,261,-13.9,328,42.8" /></mjloggm>