<mjloggm ver="2.3"><GO type="169" lobby="0"/><UN n0="%E6%82%94%E3%81%84%E3%82%BF%E3%83%B3" n1="%E3%82%A2%E3%83%B3%E3%81%95%E3%82%93" n2="%E3%83%AD%E3%83%99%E3%83%AB%E3%82%BF%E3%81%95%E3%82%93%EF%BC%A0" n3="%E5%A4%A9%E6%89%8D%E9%BA%BB%E5%B0%86%E6%99%BA%E4%B9%83" dan="17,18,16,16" rate="2198.43,2235.11,2121.35,2177.70" sx="M,M,F,M"/><TAIKYOKU oya="0"/><INIT seed="0,0,0,0,5,39" ten="250,250,250,250" oya="0" hai0="24,127,90,15,105,12,101,122,26,74,73,29,118" hai1="130,48,133,20,42,57,70,67,28,75,64,88,121" hai2="25,94,49,13,61,84,32,53,71,22,107,116,125" hai3="55,63,78,115,4,68,104,38,8,131,60,50,46"/><T40/><D118/><U31/><E130/><V99/><F125/><W91/><G115/><T89/><D122/><U95/><E133/><V111/><F111/><W14/><G131/><T59/><D127/><U51/><E75/><V119/><F107/><W9/><G104/><T52/><D105/><U62/><E121/><V80/><F13/><W35/><G35/><T109/><D109/><U117/><E117/><V21/><F61/><W19/><G68/><T65/><D65/><U113/><E113/><V123/><F71/><W47/><G78/><T124/><D101/><U83/><E83/><V82/><F32/><W102/><G102/><T76/><D124/><U58/><E70/><V106/><F21/><W134/><G134/><T66/><D66/><U135/><E135/><V100/><F106/><W41/><REACH who="3" step="1"/><G91/><REACH who="3" ten="250,250,250,240" step="2"/><T72/><D76/><U112/><E112/><V54/><F100/><W56/><G56/><T85/><D89/><U126/><E126/><V23/><F123/><W10/><G10/><T44/><D90/><U2/><E88/><V0/><F119/><W92/><G92/><T45/><D59/><U3/><E95/><V97/><F94/><W7/><G7/><T103/><D103/><U120/><E120/><V93/><F93/><W69/><G69/><T96/><D96/><U37/><E62/><V6/><F99/><W11/><G11/><T110/><D110/><U16/><E58/><V33/><F97/><W87/><G87/><T1/><D85/><U36/><E57/><V34/><F84/><W86/><G86/><T43/><D74/><U17/><E20/><RYUUKYOKU ba="0,1" sc="250,-15,250,15,250,-15,240,15" hai1="2,3,16,17,28,31,36,37,42,48,51,64,67" hai3="4,8,9,14,19,38,41,46,47,50,55,60,63" /><INIT seed="1,1,1,1,3,49" ten="235,265,235,255" oya="1" hai0="124,74,96,4,99,102,89,1,18,25,93,109,122" hai1="27,50,45,97,135,33,128,71,5,28,8,110,75" hai2="91,56,123,126,66,108,58,86,72,112,98,59,131" hai3="67,31,14,111,117,22,44,69,16,84,132,134,47"/><U0/><E128/><V80/><F108/><W125/><G111/><T100/><D109/><U70/><E110/><V10/><F131/><W88/><G125/><T35/><D74/><U121/><E121/><V3/><F126/><W116/><G31/><T20/><D124/><U87/><E75/><V36/><F36/><W42/><G67/><T29/><D122/><U53/><E135/><N who="3" m="51754" /><G69/><T61/><D61/><U79/><REACH who="1" step="1"/><E97/><REACH who="1" ten="235,255,235,255" step="2"/><V26/><F98/><W65/><G65/><T101/><D99/><U23/><E23/><V12/><F72/><W51/><G47/><T21/><D21/><U63/><E63/><V77/><F66/><W64/><G64/><T114/><D114/><U19/><E19/><V52/><F112/><W37/><G37/><T83/><D18/><U38/><E38/><V11/><F123/><W119/><G119/><T85/><D20/><U81/><AGARI ba="1,2" hai="0,5,8,27,28,33,45,50,53,70,71,79,81,87" machi="81" ten="30,11700,0" yaku="1,1,0,1,52,1,53,1" doraHai="49" doraHaiUra="24" who="1" fromWho="1" sc="235,-40,255,140,235,-40,255,-40" /><INIT seed="1,2,0,2,2,69" ten="195,395,195,215" oya="1" hai0="64,35,8,88,18,38,114,50,80,44,119,16,27" hai1="102,55,54,5,128,9,2,72,83,87,11,13,1" hai2="10,84,93,45,43,116,112,89,96,0,95,85,71" hai3="22,36,49,109,133,126,94,37,129,57,132,79,23"/><U77/><E128/><V32/><F116/><W67/><G109/><T62/><D114/><U46/><E102/><V58/><F71/><W53/><G129/><T92/><D119/><U86/><E1/><V21/><F32/><W61/><G79/><T125/><D125/><U101/><E101/><V3/><F112/><W24/><G94/><T120/><D120/><U103/><E103/><V28/><F10/><W82/><G82/><T122/><D80/><U123/><E123/><V91/><F96/><W65/><G65/><T60/><D38/><U131/><E131/><V47/><F58/><W39/><G126/><T127/><D122/><U12/><E2/><V107/><F107/><W135/><REACH who="3" step="1"/><G24/><REACH who="3" ten="195,395,195,205" step="2"/><T81/><D81/><U41/><E72/><V66/><F66/><W75/><G75/><T17/><D127/><U25/><E25/><V98/><F95/><W121/><G121/><T70/><D27/><U117/><E117/><V30/><F93/><W111/><G111/><T15/><D35/><U59/><E77/><V34/><F34/><W124/><G124/><T130/><D130/><U115/><E83/><V108/><F108/><W51/><G51/><T19/><D64/><U33/><E115/><V29/><F98/><W52/><G52/><N who="0" m="29767" /><D70/><AGARI ba="2,1" hai="22,23,36,37,39,49,53,57,61,67,70,132,133,135" machi="70" ten="50,8000,1" yaku="1,1,20,1,52,3,53,0" doraHai="69" doraHaiUra="118" who="3" fromWho="0" sc="195,-86,395,0,195,0,205,96" /><INIT seed="2,0,0,2,4,8" ten="109,395,195,301" oya="2" hai0="20,91,100,88,25,113,51,24,61,87,89,18,14" hai1="123,45,50,10,12,6,44,21,13,85,66,111,86" hai2="94,97,83,42,67,4,135,32,116,53,99,62,65" hai3="71,37,43,105,60,127,79,76,55,54,78,5,38"/><V98/><F135/><W93/><G105/><T27/><D113/><U7/><E111/><V132/><F132/><W29/><G29/><T121/><D121/><U48/><E123/><V130/><F130/><W92/><G5/><T117/><D117/><U126/><E126/><V95/><F32/><W77/><G127/><T73/><D73/><U64/><E10/><V59/><F116/><W128/><G128/><T75/><D75/><U110/><E110/><V108/><F108/><W122/><G122/><T119/><D100/><U63/><E63/><V90/><F42/><W9/><G9/><T49/><D119/><U23/><AGARI ba="0,0" hai="6,7,12,13,21,23,44,45,48,50,64,66,85,86" machi="23" ten="25,12000,2" yaku="0,1,22,2,8,1,52,2" doraHai="8" who="1" fromWho="1" sc="109,-30,395,120,195,-60,301,-30" /><INIT seed="3,0,0,0,4,76" ten="79,515,135,271" oya="3" hai0="108,72,48,3,103,35,85,50,130,4,38,95,89" hai1="65,51,5,131,119,84,133,43,39,63,98,113,9" hai2="109,29,81,129,31,111,1,105,46,93,23,127,110" hai3="116,30,91,21,26,120,82,97,58,117,123,128,61"/><W96/><G128/><T125/><D130/><U92/><E131/><V8/><F105/><W134/><G134/><T28/><D38/><U94/><E133/><V36/><F129/><W118/><G97/><T75/><D108/><U7/><E39/><V14/><F127/><W114/><G114/><T13/><D3/><U18/><E92/><V112/><F112/><W73/><G96/><T121/><D121/><U77/><E18/><V71/><F71/><W57/><G57/><T70/><D70/><U49/><E7/><V79/><F23/><W64/><REACH who="3" step="1"/><G91/><REACH who="3" ten="79,515,135,261" step="2"/><T101/><D125/><U69/><E98/><V40/><F111/><W60/><G60/><T90/><D89/><U100/><E63/><V52/><F110/><W17/><G17/><T56/><D101/><U15/><E100/><V12/><F109/><W115/><G115/><T32/><D103/><U54/><E113/><V24/><F31/><W42/><G42/><T87/><D56/><U88/><E43/><V132/><F29/><W22/><G22/><T106/><D28/><U41/><E41/><V27/><F40/><W55/><G55/><T83/><D32/><U10/><E54/><V122/><F52/><W45/><G45/><T66/><D35/><U37/><E37/><V2/><F46/><W99/><G99/><T107/><D90/><U0/><E69/><V62/><F36/><W59/><G59/><T11/><D106/><U68/><E68/><V126/><F126/><W34/><G34/><T20/><D107/><U19/><E65/><V6/><F132/><W104/><G104/><T16/><D66/><RYUUKYOKU ba="0,1" sc="79,-10,515,-10,135,-10,261,30" hai3="21,26,30,58,61,64,73,82,116,117,118,120,123" /><INIT seed="3,1,1,1,0,44" ten="69,505,125,291" oya="3" hai0="50,111,128,70,8,48,117,81,13,9,64,18,79" hai1="54,109,120,86,125,0,123,118,43,84,14,33,47" hai2="25,62,11,68,32,131,99,105,55,4,106,113,135" hai3="119,2,126,19,22,94,39,63,110,41,37,49,6"/><W57/><G119/><T89/><D117/><U102/><E118/><V1/><F131/><W132/><G132/><T29/><D128/><U17/><E0/><V20/><F135/><W91/><G126/><T73/><D111/><U97/><E109/><V75/><F75/><W114/><G114/><T100/><D100/><U76/><E33/><V61/><F32/><W134/><G134/><T90/><D29/><U104/><E125/><V87/><F113/><W80/><G80/><T28/><D28/><U122/><E54/><V60/><F68/><W115/><G115/><T101/><D101/><U36/><REACH who="1" step="1"/><E76/><REACH who="1" ten="69,495,125,291" step="2"/><V88/><F55/><W31/><G2/><T85/><D8/><AGARI ba="1,2" hai="8,14,17,36,43,47,84,86,97,102,104,120,122,123" machi="8" ten="40,2600,0" yaku="1,1,2,1,53,0" doraHai="44" doraHaiUra="112" who="1" fromWho="0" sc="69,-29,495,49,125,0,291,0" /><INIT seed="4,0,0,3,1,18" ten="40,544,125,291" oya="0" hai0="62,86,126,108,134,93,40,66,75,117,71,101,10" hai1="124,114,55,37,60,87,79,49,27,14,45,85,19" hai2="11,29,5,65,99,104,125,2,123,111,31,15,128" hai3="78,16,28,122,23,43,110,95,51,96,64,133,25"/><T9/><D117/><U39/><E124/><V56/><F111/><W73/><G110/><T0/><D108/><U119/><E119/><V4/><F128/><W97/><G133/><T84/><D75/><U36/><E79/><V127/><F123/><W33/><G122/><T116/><D116/><U35/><E60/><N who="2" m="38023" /><F5/><W12/><G64/><T112/><D134/><U68/><E68/><V105/><F2/><W41/><G96/><T38/><D112/><U89/><E89/><V118/><F118/><W132/><G132/><T82/><D126/><N who="2" m="48138" /><F99/><W1/><G1/><T135/><D135/><U34/><E34/><V83/><F83/><W57/><G78/><T6/><D10/><U30/><E114/><V59/><F59/><W92/><G92/><T77/><D101/><U21/><AGARI ba="0,0" hai="14,19,21,27,30,35,36,37,39,45,49,55,85,87" machi="21" ten="30,2000,0" yaku="0,1,52,1" doraHai="18" who="1" fromWho="1" sc="40,-10,544,20,125,-5,291,-5" /><INIT seed="5,0,0,0,5,117" ten="30,564,120,286" oya="1" hai0="52,77,96,123,57,109,33,80,70,14,13,111,51" hai1="68,84,40,21,127,85,103,23,11,27,134,28,8" hai2="129,76,124,9,126,50,132,41,44,95,4,38,46" hai3="130,73,1,62,128,5,81,30,67,55,10,98,0"/><U88/><E127/><V83/><F95/><W92/><G30/><T104/><D33/><U2/><E134/><V53/><F129/><W24/><G24/><T7/><D70/><U19/><E68/><V90/><F90/><W35/><G35/><T97/><D109/><U31/><E40/><V105/><F105/><W60/><G55/><T15/><D111/><U63/><E103/><V106/><F106/><W119/><G119/><T72/><D7/><U71/><E2/><N who="2" m="151" /><F132/><W121/><G1/><T47/><D104/><U18/><E71/><V25/><F25/><W82/><G62/><T48/><REACH who="0" step="1"/><D123/><REACH who="0" ten="20,564,120,286" step="2"/><U107/><E107/><V49/><F126/><W12/><G121/><T42/><AGARI ba="0,1" hai="13,14,15,42,47,48,51,52,57,72,77,80,96,97" machi="42" ten="30,7900,0" yaku="1,1,2,1,0,1,54,1,53,0" doraHai="117" doraHaiUra="89" who="0" fromWho="0" sc="20,89,564,-39,120,-20,286,-20" /><INIT seed="6,0,0,5,1,63" ten="109,525,100,266" oya="2" hai0="73,31,57,20,107,61,92,65,113,93,18,29,37" hai1="94,58,69,5,51,17,40,118,112,116,111,19,76" hai2="82,28,123,52,135,100,125,66,72,108,55,24,87" hai3="56,101,59,75,9,7,86,130,121,114,62,47,128"/><V80/><F135/><W6/><G75/><T30/><D107/><U133/><E69/><V89/><F125/><W120/><G114/><T2/><D113/><U46/><E111/><V3/><F3/><W119/><G119/><T11/><D37/><U71/><E71/><V1/><F1/><W10/><G101/><T97/><D73/><U104/><E104/><V122/><F108/><W45/><G62/><T77/><D77/><U127/><E76/><V81/><F100/><W16/><G16/><T4/><REACH who="0" step="1"/><D97/><REACH who="0" ten="99,525,100,266" step="2"/><U27/><E112/><V105/><F105/><W22/><G86/><T134/><D134/><U90/><E40/><V33/><F72/><W26/><G121/><T15/><AGARI ba="0,1" hai="2,4,11,15,18,20,29,30,31,57,61,65,92,93" machi="15" ten="30,4000,0" yaku="1,1,0,1,52,1,53,0" doraHai="63" doraHaiUra="21" who="0" fromWho="0" sc="99,50,525,-10,100,-20,266,-10" /><INIT seed="7,0,0,5,2,123" ten="149,515,80,256" oya="3" hai0="133,38,13,102,124,121,0,76,67,60,122,112,85" hai1="72,97,11,87,132,51,109,2,111,117,105,37,27" hai2="62,47,35,93,64,115,12,25,66,135,129,68,14" hai3="20,101,69,116,33,34,49,80,41,24,82,104,22"/><W86/><G116/><T29/><D0/><U74/><E87/><V9/><F115/><W16/><G69/><T55/><D38/><U26/><E51/><V42/><F129/><W44/><G82/><T56/><D112/><U50/><E50/><V91/><F66/><W31/><G101/><T79/><D122/><U94/><E94/><V130/><F130/><W73/><G73/><T125/><D121/><U57/><E57/><V96/><F135/><W127/><G104/><T128/><D128/><U43/><E27/><V21/><F35/><W95/><G95/><T28/><D102/><N who="1" m="62671" /><E26/><V119/><F9/><W32/><G127/><N who="0" m="48715" /><D133/><U39/><E39/><V52/><F119/><W84/><REACH who="3" step="1"/><G80/><REACH who="3" ten="149,515,80,246" step="2"/><T107/><D107/><U71/><E117/><V46/><F68/><W100/><G100/><T58/><D79/><U19/><E132/><V78/><F78/><W4/><G4/><T88/><D76/><U36/><E72/><V89/><F89/><W106/><G106/><T126/><D126/><U75/><E74/><V63/><F91/><W53/><G53/><T114/><D114/><U17/><E75/><V3/><F93/><W77/><G77/><T18/><D88/><U110/><E71/><V83/><F83/><W92/><G92/><T134/><D134/><U15/><E43/><V120/><F120/><W98/><G98/><T54/><D54/><U40/><E40/><V108/><F96/><W90/><G90/><T103/><D103/><U30/><E110/><V45/><F42/><W7/><G7/><T48/><D85/><U59/><E111/><V23/><F52/><RYUUKYOKU ba="0,1" sc="149,15,515,-15,80,-15,246,15" hai0="13,18,28,29,48,55,56,58,60,67" hai3="16,20,22,24,31,32,33,34,41,44,49,84,86" /><INIT seed="7,1,1,2,1,68" ten="164,500,65,261" oya="3" hai0="116,11,41,9,105,2,59,84,43,46,13,122,47" hai1="14,20,61,74,49,101,57,32,56,36,109,102,113" hai2="79,3,85,0,93,95,34,114,66,35,10,60,1" hai3="82,124,70,80,23,18,133,100,104,72,123,83,81"/><W65/><G123/><T115/><D122/><U134/><E74/><V25/><F114/><W71/><G133/><T50/><D105/><U55/><E32/><V78/><F10/><W99/><G124/><T5/><D116/><U40/><E109/><V63/><F85/><W22/><G65/><T33/><D33/><U27/><E36/><V37/><F1/><W76/><REACH who="3" step="1"/><G23/><REACH who="3" ten="164,500,65,251" step="2"/><T39/><D115/><U106/><E113/><V54/><F66/><W92/><G92/><T21/><D21/><U111/><E134/><V120/><F120/><W15/><AGARI ba="1,2" hai="15,18,22,70,71,72,76,80,81,82,83,99,100,104" machi="15" ten="30,3000,0" yaku="1,1,0,1,53,0" doraHai="68" doraHaiUra="117" who="3" fromWho="3" sc="164,-11,500,-11,65,-11,251,53" /><INIT seed="7,2,0,5,1,47" ten="153,489,54,304" oya="3" hai0="30,22,97,90,58,105,4,78,0,67,29,120,100" hai1="133,33,3,117,48,126,53,69,20,56,124,16,116" hai2="115,61,15,37,10,70,92,24,123,96,19,51,129" hai3="81,82,111,66,74,134,88,95,26,108,106,93,21"/><W77/><G66/><T119/><D120/><U6/><E133/><V132/><F115/><W128/><G128/><T7/><D78/><U125/><E33/><V59/><F129/><W12/><G12/><T71/><D71/><U84/><E84/><V49/><F132/><W45/><G134/><T114/><D119/><U50/><E50/><N who="2" m="18955" /><F37/><W18/><G106/><T122/><D122/><U79/><E79/><V101/><F70/><W39/><G39/><T57/><D114/><U43/><E69/><V32/><F32/><W87/><G45/><T135/><D135/><U11/><E43/><V41/><F123/><W28/><G28/><T9/><D7/><U89/><E89/><V118/><F118/><W83/><G83/><T94/><D22/><U54/><E54/><N who="2" m="34039" /><F24/><AGARI ba="2,0" hai="3,6,11,16,20,24,48,53,56,116,117,124,125,126" machi="24" ten="40,5200,0" yaku="18,1,52,1,54,1" doraHai="47" who="1" fromWho="2" sc="153,0,489,58,54,-58,304,0" owari="153,-24.7,547,64.7,-4,-50.4,304,10.4" /></mjloggm>