<mjloggm ver="2.3"><GO type="169" lobby="0"/><UN n0="%E5%8B%98%E5%BC%81%E3%81%97%E3%81%A6%E3%82%88" n1="%E3%81%99%E3%81%91%E3%81%B4%E3%82%87%E3%82%93" n2="%E6%81%8B%E3%81%AE%E3%81%86%E3%81%9F" n3="%6F%6B%61%62%65%73%68%69" dan="17,16,17,17" rate="2230.11,2119.18,2237.76,2188.49" sx="M,M,M,M"/><TAIKYOKU oya="0"/><INIT seed="0,0,0,3,4,107" ten="250,250,250,250" oya="0" hai0="24,1,37,125,16,85,17,55,83,84,86,111,79" hai1="96,117,90,77,61,32,43,59,133,9,72,101,44" hai2="78,52,51,103,105,127,64,22,19,10,108,20,35" hai3="41,23,99,56,2,87,25,67,88,129,70,102,15"/><T28/><D1/><U36/><E32/><V21/><F35/><W58/><G2/><T71/><D125/><U68/><E117/><V39/><F39/><W4/><G129/><T89/><D37/><U29/><E29/><V104/><F108/><W115/><G115/><T75/><D71/><U134/><E9/><V122/><F122/><W132/><G41/><T116/><D116/><U92/><E68/><V120/><F64/><W42/><G42/><T34/><D111/><U74/><E101/><V112/><F120/><W46/><G46/><T49/><REACH who="0" step="1"/><D89/><REACH who="0" ten="240,250,250,250" step="2"/><U69/><E69/><V8/><F127/><W124/><G70/><T95/><D95/><U11/><E77/><V18/><F105/><W47/><G124/><T57/><AGARI ba="0,1" hai="16,17,24,28,34,49,55,57,75,79,83,84,85,86" machi="57" ten="30,11700,0" yaku="1,1,0,1,52,1,54,1,53,0" doraHai="107" doraHaiUra="94" who="0" fromWho="0" sc="240,127,250,-39,250,-39,250,-39" /><INIT seed="0,1,0,3,5,7" ten="367,211,211,211" oya="0" hai0="46,97,33,44,28,103,51,116,121,10,37,4,81" hai1="53,129,12,69,106,35,134,26,56,64,16,42,6" hai2="27,104,125,130,118,79,113,105,65,85,1,101,98" hai3="75,87,128,24,8,47,115,21,76,66,45,74,31"/><T124/><D116/><U71/><E106/><V126/><F1/><W14/><G115/><T68/><D121/><U109/><E129/><V11/><F65/><W67/><G128/><T39/><D124/><N who="2" m="47722" /><F27/><W80/><G74/><T9/><D68/><U43/><E134/><V82/><F11/><W131/><G131/><T122/><D122/><U96/><E109/><V63/><F63/><W0/><G0/><T94/><D4/><U48/><E71/><V49/><F49/><W55/><G75/><T117/><D117/><U54/><E54/><V90/><F130/><W30/><G30/><T70/><D70/><U107/><E6/><V3/><F3/><W38/><G47/><T58/><D46/><U22/><E64/><V2/><F2/><W100/><G100/><T110/><D28/><U72/><E69/><V89/><F118/><W40/><REACH who="3" step="1"/><G55/><REACH who="3" ten="367,211,211,201" step="2"/><T112/><D112/><U92/><E72/><V86/><F113/><W18/><AGARI ba="1,1" hai="8,14,18,21,24,31,38,40,45,66,67,76,80,87" machi="18" ten="20,8000,1" yaku="1,1,2,1,0,1,7,1,52,1,53,0" doraHai="7" doraHaiUra="132" who="3" fromWho="3" sc="367,-41,211,-21,211,-21,201,93" /><INIT seed="1,0,0,5,1,17" ten="326,190,190,294" oya="1" hai0="114,49,67,86,74,104,12,78,92,89,82,83,53" hai1="39,101,108,96,133,88,30,79,22,117,87,95,61" hai2="62,115,111,132,20,35,7,57,109,94,32,110,5" hai3="91,124,85,51,56,2,45,6,33,122,134,105,99"/><U19/><E39/><V43/><F43/><W70/><G122/><T123/><D114/><U37/><E37/><V119/><F119/><W34/><G70/><T113/><D113/><U64/><E117/><V130/><F115/><W73/><G73/><T102/><D67/><U54/><E133/><V80/><F80/><W68/><G68/><T48/><D123/><U129/><E129/><V90/><F132/><W58/><G134/><T63/><D104/><U100/><E30/><V116/><F116/><W15/><G2/><T46/><D63/><U40/><E40/><V21/><F7/><W16/><G6/><T4/><D102/><U121/><E121/><V107/><F107/><W125/><G58/><T36/><D36/><U3/><E3/><V1/><F5/><W77/><G77/><T50/><D4/><U93/><E54/><N who="2" m="34103" /><F1/><W27/><G27/><T18/><REACH who="0" step="1"/><D92/><REACH who="0" ten="316,190,190,294" step="2"/><U44/><E101/><V29/><F130/><W118/><G118/><T8/><AGARI ba="0,1" hai="8,12,18,46,48,49,50,53,74,78,82,83,86,89" machi="8" ten="20,12000,2" yaku="1,1,2,1,0,1,7,1,25,2,53,0" doraHai="17" doraHaiUra="120" who="0" fromWho="0" sc="316,130,190,-60,190,-30,294,-30" /><INIT seed="2,0,0,3,3,62" ten="446,130,160,264" oya="2" hai0="3,29,72,98,82,50,9,80,102,8,51,5,81" hai1="42,99,48,97,13,23,89,65,2,120,110,22,18" hai2="76,112,63,127,105,54,6,1,132,87,43,114,108" hai3="16,44,77,53,57,113,11,101,12,95,47,129,93"/><V111/><F105/><W115/><G129/><T119/><D72/><U104/><E2/><V58/><F6/><W38/><G77/><T36/><D36/><U78/><E120/><V28/><F1/><W130/><G130/><T122/><D122/><U19/><E110/><N who="2" m="42027" /><F28/><W69/><G69/><T106/><D119/><U10/><E78/><V0/><F0/><W103/><G38/><T73/><D73/><U55/><E42/><V121/><F121/><W84/><G95/><T67/><D9/><U59/><E104/><V116/><F116/><W100/><G113/><N who="2" m="43625" /><F132/><W64/><G115/><T96/><D29/><U107/><E107/><V30/><F30/><W86/><G64/><T71/><D67/><U25/><E10/><V79/><F127/><W124/><G124/><T14/><D3/><U49/><E65/><V66/><F43/><W75/><G75/><T128/><D128/><U24/><E13/><V85/><F76/><W90/><REACH who="3" step="1"/><G84/><REACH who="3" ten="446,130,160,254" step="2"/><N who="2" m="32329" /><F79/><W92/><G92/><T134/><D106/><U68/><E68/><V33/><F66/><W7/><G7/><T91/><D71/><U31/><E31/><V135/><F135/><W20/><G20/><T41/><D134/><U117/><E117/><V74/><F74/><W27/><G27/><T125/><D125/><U17/><E25/><V52/><F54/><W21/><G21/><T56/><D5/><U35/><E23/><V34/><AGARI ba="0,1" hai="33,34,52,58,63" m="32329,43625,42027" machi="34" ten="40,7800,0" yaku="14,1,10,1,54,1" doraHai="62" who="2" fromWho="2" sc="446,-26,130,-26,160,88,254,-26" /><INIT seed="2,1,0,5,4,108" ten="420,104,248,228" oya="2" hai0="16,12,130,79,104,24,123,95,51,18,112,44,43" hai1="47,39,50,68,115,70,71,74,20,49,54,102,22" hai2="53,45,58,128,59,34,113,28,105,42,109,119,100" hai3="26,129,118,40,9,67,90,48,55,52,78,46,122"/><V29/><F119/><W85/><G118/><T97/><D123/><U32/><E32/><V121/><F121/><W10/><G122/><T62/><D104/><U14/><E74/><V36/><F128/><W91/><G129/><T63/><D112/><U23/><E102/><V6/><F109/><W72/><G72/><T117/><D117/><U64/><E39/><V8/><F58/><W125/><G125/><T65/><D130/><U27/><E14/><V5/><F5/><W15/><G67/><T120/><D120/><U21/><E50/><V107/><F113/><W134/><G9/><T33/><D79/><U69/><E115/><V126/><F126/><W56/><G134/><T114/><D114/><U61/><REACH who="1" step="1"/><E71/><REACH who="1" ten="420,94,248,228" step="2"/><V84/><F100/><W96/><G26/><T92/><D33/><U110/><E110/><V76/><F34/><W73/><G73/><T80/><D12/><U30/><AGARI ba="1,1" hai="20,21,22,23,27,30,47,49,54,61,64,68,69,70" machi="30" ten="30,2000,0" yaku="1,1,0,1,53,0" doraHai="108" doraHaiUra="83" who="1" fromWho="1" sc="420,-6,94,33,248,-11,228,-6" /><INIT seed="3,0,0,2,2,41" ten="414,127,237,222" oya="3" hai0="27,83,92,59,123,97,122,40,111,4,31,94,57" hai1="22,101,125,95,71,17,79,81,1,7,14,18,102" hai2="8,65,73,99,60,100,80,116,10,35,67,23,49" hai3="52,87,108,133,13,26,129,25,30,90,104,82,50"/><W118/><G118/><T77/><D111/><U110/><E71/><V55/><F35/><W15/><G104/><T45/><D4/><U63/><E110/><V43/><F43/><W107/><G107/><T46/><D40/><U39/><E39/><V86/><F73/><W76/><G108/><T84/><D122/><U21/><E125/><V38/><F38/><W128/><G133/><T58/><D123/><U113/><E113/><V47/><F23/><W93/><G25/><T56/><N who="0" m="14336" /><DORA hai="68" /><T72/><D72/><U89/><E63/><V29/><F29/><W117/><G117/><T2/><D2/><U6/><E6/><V75/><F75/><W85/><G128/><T16/><D94/><U54/><E54/><V115/><F115/><W0/><G0/><T42/><D42/><U51/><E51/><V106/><F116/><W112/><G129/><T132/><D16/><U88/><E7/><V44/><F44/><N who="3" m="27719" /><G112/><T24/><D132/><U3/><E79/><V124/><F124/><W33/><G33/><T130/><D130/><U19/><E19/><V105/><F105/><W119/><G119/><T5/><D5/><U53/><E53/><V48/><F48/><W20/><AGARI ba="0,0" hai="13,15,20,26,30,76,82,85,87,90,93" m="27719" machi="20" ten="30,6000,0" yaku="8,1,52,1,54,1" doraHai="41,68" who="3" fromWho="3" sc="414,-20,127,-20,237,-20,222,60" /><INIT seed="3,1,0,0,3,112" ten="394,107,217,282" oya="3" hai0="59,33,120,73,45,4,122,109,41,39,57,82,42" hai1="20,34,44,135,55,2,80,105,125,65,84,13,83" hai2="29,0,24,78,7,36,52,129,126,30,37,72,23" hai3="89,9,118,100,1,16,93,107,60,130,26,103,134"/><W69/><G130/><T121/><D33/><U113/><E34/><V87/><F72/><W5/><G134/><T50/><D4/><U127/><E2/><V124/><F78/><W88/><G107/><T101/><D101/><U115/><E105/><V47/><F87/><W3/><G3/><T21/><D73/><U14/><E65/><V56/><F29/><W48/><G89/><T19/><D109/><U49/><E135/><V92/><F92/><W32/><G118/><T81/><D59/><U133/><E133/><V22/><F22/><W64/><G48/><T66/><D41/><U51/><E20/><V28/><F28/><W38/><G38/><T54/><REACH who="0" step="1"/><D66/><REACH who="0" ten="384,107,217,282" step="2"/><U128/><E128/><V106/><F129/><W132/><G132/><T98/><D98/><U86/><E44/><V90/><F47/><W111/><G111/><T70/><D70/><U108/><E108/><V10/><F106/><W114/><G32/><T58/><D58/><U53/><AGARI ba="1,1" hai="13,14,49,51,53,55,80,83,84,86,113,115,125,127" machi="53" ten="25,3200,0" yaku="0,1,22,2" doraHai="112" who="1" fromWho="1" sc="384,-9,107,45,217,-9,282,-17" /><INIT seed="4,0,0,4,3,36" ten="375,152,208,265" oya="0" hai0="63,30,68,13,82,44,102,2,16,42,43,80,130" hai1="114,92,65,90,41,58,96,47,94,105,31,74,128" hai2="79,9,0,51,87,20,112,88,29,98,93,135,22" hai3="40,111,72,46,125,17,117,124,104,133,123,15,121"/><T6/><D30/><U50/><E74/><V7/><F112/><W129/><G72/><T34/><D34/><U73/><E73/><V18/><F135/><W84/><G104/><T60/><D102/><U101/><E128/><V86/><F79/><W70/><G84/><T113/><D6/><U56/><E105/><V107/><F107/><W25/><G25/><T99/><D2/><U91/><E101/><V127/><F127/><N who="3" m="48715" /><G117/><T100/><D44/><U61/><E114/><V118/><F118/><W76/><G76/><T53/><D113/><U103/><E103/><V77/><F77/><W14/><G111/><T109/><D130/><U67/><E31/><V62/><F62/><N who="0" m="23594" /><D68/><U97/><REACH who="1" step="1"/><E58/><REACH who="1" ten="375,142,208,265" step="2"/><V131/><F131/><W37/><G129/><T81/><D109/><U64/><AGARI ba="0,1" hai="41,47,50,56,61,64,65,67,90,91,92,94,96,97" machi="64" ten="20,12000,2" yaku="1,1,2,1,0,1,7,1,9,1,8,1,52,1,53,0" doraHai="36" doraHaiUra="49" who="1" fromWho="1" sc="375,-60,142,130,208,-30,265,-30" /><INIT seed="5,0,0,5,0,98" ten="315,272,178,235" oya="1" hai0="8,102,66,74,130,99,115,75,56,87,90,107,3" hai1="76,104,120,92,132,122,81,45,123,73,116,110,121" hai2="55,39,71,36,67,84,126,28,23,12,88,113,62" hai3="59,19,18,2,26,40,89,86,101,96,17,61,47"/><U1/><E1/><V78/><F126/><W42/><G2/><T93/><D115/><U10/><E10/><V41/><F78/><W11/><G47/><T65/><D130/><U127/><E121/><V106/><F106/><W52/><G11/><T69/><D69/><U85/><E45/><V7/><F41/><W95/><REACH who="3" step="1"/><G26/><REACH who="3" ten="315,272,178,225" step="2"/><T31/><D3/><U37/><E127/><V51/><F113/><W94/><AGARI ba="0,1" hai="17,18,19,40,42,52,59,61,86,89,94,95,96,101" machi="94" ten="30,12000,2" yaku="1,1,2,1,0,1,8,1,52,1,54,1,53,0" doraHai="98" doraHaiUra="20" who="3" fromWho="3" sc="315,-30,272,-60,178,-30,225,130" /><INIT seed="6,0,0,1,2,114" ten="285,212,148,355" oya="2" hai0="36,116,10,4,80,106,40,17,107,101,96,25,53" hai1="95,46,130,55,81,28,50,23,92,133,126,67,1" hai2="32,14,56,62,118,127,120,76,15,97,105,54,123" hai3="33,78,82,9,65,8,19,89,5,109,103,93,37"/><V0/><F0/><W71/><G109/><T39/><D107/><U70/><E1/><V44/><F32/><W21/><G37/><T98/><D98/><U100/><E126/><V77/><F127/><W42/><G33/><T90/><D40/><U47/><E130/><V41/><F118/><W131/><G42/><T129/><D129/><U24/><E133/><V112/><F112/><W18/><G103/><T43/><D43/><U11/><E11/><V94/><F105/><W119/><G131/><T72/><D53/><U61/><E81/><V58/><F120/><W29/><G71/><T52/><D116/><U30/><E30/><V12/><F56/><W86/><G65/><T91/><D91/><U6/><E6/><V13/><N who="2" m="3072" /><DORA hai="111" /><V68/><F68/><W73/><G119/><T2/><D90/><U64/><E64/><V66/><F123/><W31/><G5/><T26/><D26/><U121/><E121/><V125/><F125/><W74/><G74/><T115/><D115/><U117/><E117/><V69/><F69/><W83/><G83/><T108/><D108/><U27/><E27/><V75/><F75/><W7/><G7/><T3/><D3/><U102/><REACH who="1" step="1"/><E47/><REACH who="1" ten="285,202,148,355" step="2"/><V57/><F44/><W122/><G122/><T128/><D128/><U51/><E51/><N who="2" m="31071" /><F41/><W48/><G31/><T49/><D36/><U38/><E38/><V132/><F132/><W85/><G48/><T99/><D39/><U35/><E35/><V79/><F79/><W60/><G60/><T22/><D49/><U59/><E59/><V110/><F110/><W63/><G63/><RYUUKYOKU ba="0,1" sc="285,-15,202,15,148,15,355,-15" hai1="23,24,28,46,50,55,61,67,70,92,95,100,102" hai2="57,62,66,76,77,94,97" /><INIT seed="6,1,1,3,5,13" ten="270,217,163,340" oya="2" hai0="61,10,56,117,122,131,2,43,105,44,64,98,18" hai1="36,15,75,65,39,132,58,94,66,9,84,59,42" hai2="70,22,38,17,103,57,62,69,115,4,67,55,134" hai3="0,45,102,28,27,74,1,68,54,48,81,112,101"/><V85/><F115/><W127/><G68/><T114/><D122/><U60/><E75/><V129/><F129/><W46/><G112/><T73/><D73/><U80/><E132/><V63/><F134/><W21/><G127/><T12/><D114/><U99/><E42/><V135/><F135/><W47/><G0/><T7/><D131/><U110/><E110/><V19/><F38/><W25/><G1/><T95/><D105/><U86/><E59/><V107/><F4/><W124/><G124/><T24/><D24/><U116/><E116/><V14/><F70/><W77/><G27/><T113/><D113/><U41/><E66/><V83/><F107/><W33/><G33/><T119/><D2/><U133/><E133/><V130/><F103/><W128/><G128/><T6/><D119/><U35/><E35/><V82/><F130/><W104/><G104/><T32/><D32/><U50/><E50/><V11/><REACH who="2" step="1"/><F85/><REACH who="2" ten="270,217,153,340" step="2"/><W100/><AGARI ba="1,2" hai="21,25,28,45,46,47,48,54,74,77,81,100,101,102" machi="100" ten="30,1100,0" yaku="0,1" doraHai="13" who="3" fromWho="3" sc="270,-4,217,-4,153,-6,340,34" /><INIT seed="7,0,0,3,0,89" ten="266,213,147,374" oya="3" hai0="73,106,100,29,54,59,126,40,131,112,93,86,48" hai1="21,70,11,123,44,134,61,47,51,50,5,119,82" hai2="24,76,132,78,121,117,92,94,46,0,57,49,81" hai3="101,84,135,16,104,37,64,8,103,96,31,39,115"/><W66/><G101/><T88/><D73/><U58/><E123/><V128/><F117/><W67/><G135/><T53/><D131/><U43/><E70/><V97/><F0/><W33/><G115/><T74/><D126/><U125/><E125/><V9/><F128/><W130/><G130/><T20/><D74/><U113/><E113/><V114/><F114/><W18/><G18/><T25/><D112/><U83/><E21/><V68/><F68/><W122/><G122/><T65/><D106/><U75/><E75/><V6/><F121/><W95/><G31/><T32/><D32/><U52/><E119/><V63/><F132/><W60/><G33/><T42/><D100/><U17/><E17/><V110/><F110/><W41/><G60/><T1/><D1/><U3/><REACH who="1" step="1"/><E134/><REACH who="1" ten="266,203,147,374" step="2"/><V35/><F35/><W23/><G23/><T27/><D27/><U4/><E4/><V85/><F24/><W69/><G69/><T30/><D30/><U91/><E91/><V133/><F133/><W127/><G16/><T56/><REACH who="0" step="1"/><D65/><AGARI ba="0,1" hai="3,5,11,43,44,47,50,51,52,58,61,65,82,83" machi="65" ten="30,3900,0" yaku="1,1,7,1,54,1,53,0" doraHai="89" doraHaiUra="14" who="1" fromWho="0" sc="266,-39,203,49,147,0,374,0" owari="227,-17.3,252,5.2,147,-35.3,374,47.4" /></mjloggm>