<mjloggm ver="2.3"><GO type="169" lobby="0"/><UN n0="%E5%8F%B3%E8%84%B3%E8%A9%B0%E3%82%81" n1="%E6%98%9F%E7%A9%BA%E3%81%AE%E3%83%A1%E3%83%A2%E3%83%AA%E3%82%A2" n2="%E3%81%95%E3%81%8F%E3%82%89%E3%81%88%E3%81%B3" n3="%E5%BE%A1%E5%BD%B1%E3%82%86%E3%81%9A%E3%81%8D" dan="17,16,16,17" rate="2222.82,2087.06,2124.70,2204.25" sx="M,F,M,M"/><TAIKYOKU oya="0"/><INIT seed="0,0,0,0,0,71" ten="250,250,250,250" oya="0" hai0="50,17,110,134,111,133,41,10,56,86,42,92,21" hai1="3,88,84,30,106,59,36,58,116,74,40,87,5" hai2="85,7,91,13,9,1,15,104,103,81,23,14,77" hai3="70,44,25,100,12,57,45,28,54,39,26,129,37"/><T125/><D125/><U61/><E116/><V96/><REACH who="2" step="1"/><F77/><REACH who="2" ten="250,250,240,250" step="2"/><W72/><G129/><T31/><D133/><U114/><E114/><V83/><F83/><W32/><G70/><T20/><D134/><U24/><E74/><V107/><F107/><W63/><G72/><T117/><D117/><U55/><E106/><V78/><F78/><W82/><G82/><T99/><D110/><U18/><E18/><AGARI ba="0,1" hai="1,7,9,13,14,15,18,23,81,85,91,96,103,104" machi="18" ten="40,5200,0" yaku="21,2,53,1" doraHai="71" doraHaiUra="6" who="2" fromWho="1" sc="250,0,250,-52,240,62,250,0" /><INIT seed="1,0,0,4,1,130" ten="250,198,302,250" oya="1" hai0="96,31,128,29,64,13,2,60,40,95,106,30,20" hai1="70,67,89,55,32,14,131,111,62,21,56,45,123" hai2="127,121,51,102,27,134,52,86,97,81,109,112,57" hai3="116,83,36,0,99,80,117,8,108,26,44,46,120"/><U54/><E123/><V113/><F109/><W92/><G120/><T19/><D128/><U91/><E131/><V49/><F121/><W63/><G108/><T101/><D2/><U100/><E111/><V76/><F127/><W59/><G26/><T87/><D40/><U75/><E32/><V107/><F134/><W125/><G125/><T68/><REACH who="0" step="1"/><D87/><REACH who="0" ten="240,198,302,250" step="2"/><U129/><E129/><V22/><REACH who="2" step="1"/><F51/><REACH who="2" ten="240,198,292,250" step="2"/><W65/><G117/><T3/><D3/><U35/><E75/><V28/><AGARI ba="0,2" hai="22,27,28,49,52,57,76,81,86,97,102,107,112,113" machi="28" ten="30,7900,0" yaku="1,1,2,1,0,1,54,1,53,0" doraHai="130" doraHaiUra="42" who="2" fromWho="2" sc="240,-20,198,-39,292,99,250,-20" /><INIT seed="2,0,0,0,1,134" ten="220,159,391,230" oya="2" hai0="45,15,76,27,104,71,17,125,101,84,109,128,118" hai1="126,88,83,32,121,113,48,39,46,94,93,57,59" hai2="1,26,64,53,77,98,86,31,91,13,42,25,132" hai3="74,0,23,116,38,107,123,43,69,47,66,117,70"/><V52/><F1/><W4/><G23/><T34/><D71/><U72/><E113/><V82/><F132/><W29/><G29/><T18/><D109/><U119/><E119/><V67/><F42/><W108/><G108/><T62/><D118/><N who="3" m="45673" /><G123/><T63/><D128/><U51/><E121/><V75/><F98/><W106/><G74/><T96/><D45/><U33/><E39/><V21/><F13/><W54/><G54/><T3/><D3/><U81/><E72/><V2/><F2/><W30/><G30/><T111/><D111/><U49/><E46/><V12/><F12/><W6/><G6/><T19/><D15/><U14/><E14/><V11/><F11/><N who="3" m="2439" /><G66/><T127/><D27/><U122/><E122/><V99/><F67/><W95/><G95/><T68/><D34/><U5/><E5/><V80/><F64/><W50/><G50/><T103/><D103/><U87/><E49/><V58/><F26/><W8/><G8/><T90/><D76/><U92/><E92/><V130/><F130/><W131/><G131/><T110/><D110/><U79/><E79/><V65/><F99/><W28/><G28/><T10/><D10/><U89/><REACH who="1" step="1"/><E87/><REACH who="1" ten="220,149,391,230" step="2"/><N who="2" m="50663" /><F75/><W56/><G107/><T35/><D35/><U112/><E112/><V36/><F36/><W120/><G106/><T133/><D133/><U114/><E114/><V100/><F100/><W40/><G120/><T9/><D101/><U73/><E73/><V105/><F105/><W41/><G38/><T115/><D115/><U97/><E97/><V24/><F24/><W85/><G47/><T61/><D104/><RYUUKYOKU ba="0,1" sc="220,-15,149,15,391,15,230,-15" hai1="32,33,48,51,57,59,81,83,88,89,93,94,126" hai2="21,25,31,52,53,58,65,77,82,86" /><INIT seed="2,1,1,5,1,31" ten="205,164,406,215" oya="2" hai0="127,73,104,72,33,76,103,107,94,100,64,95,60" hai1="105,135,52,113,80,26,44,47,61,38,32,101,114" hai2="106,116,50,22,42,77,57,35,43,79,131,92,12" hai3="56,115,63,51,59,68,112,53,97,84,129,14,102"/><V8/><F106/><W91/><G129/><T96/><D60/><U36/><E135/><V28/><F116/><W90/><G68/><T10/><D10/><U88/><E105/><V62/><F35/><W7/><G7/><T17/><D17/><U40/><E101/><V15/><F131/><W81/><G14/><T65/><D76/><U11/><E11/><V37/><F37/><W20/><G20/><T3/><D96/><U49/><E61/><V66/><F92/><W82/><G102/><T86/><D86/><U9/><E9/><V117/><F117/><W16/><G16/><T133/><D133/><U6/><E6/><V108/><F108/><W21/><G21/><T119/><D119/><U0/><E0/><V71/><F71/><W24/><G24/><T126/><REACH who="0" step="1"/><D3/><REACH who="0" ten="195,164,406,215" step="2"/><U41/><E38/><V29/><F77/><W87/><REACH who="3" step="1"/><G97/><REACH who="3" ten="195,164,406,205" step="2"/><T89/><D89/><U85/><REACH who="1" step="1"/><E41/><REACH who="1" ten="195,154,406,205" step="2"/><V121/><F43/><W19/><G19/><T46/><D46/><U39/><E39/><V2/><F42/><W111/><G111/><T58/><D58/><U48/><E48/><V27/><F50/><W109/><G109/><T34/><AGARI ba="1,4" hai="33,34,64,65,72,73,94,95,100,103,104,107,126,127" machi="34" ten="25,12000,2" yaku="1,1,0,1,22,2,52,2,53,0" doraHai="31" doraHaiUra="110" who="0" fromWho="0" sc="195,163,154,-31,406,-61,205,-31" /><INIT seed="3,0,0,5,4,65" ten="358,123,345,174" oya="3" hai0="121,40,88,63,72,81,104,83,5,23,11,115,73" hai1="6,102,12,31,89,24,127,3,41,2,14,64,117" hai2="53,18,90,22,7,46,113,95,109,52,114,9,58" hai3="76,84,47,38,119,80,34,49,86,35,4,39,44"/><W33/><G119/><T42/><D104/><U103/><E117/><V129/><F109/><W54/><G4/><T100/><D100/><U116/><E116/><V112/><F129/><W135/><G135/><T10/><D121/><U124/><E41/><V50/><F9/><W92/><G92/><T128/><D128/><U51/><E51/><V21/><F7/><W134/><G134/><T75/><D115/><U37/><E6/><V74/><F74/><W32/><N who="3" m="8192" /><DORA hai="82" /><W97/><G97/><T69/><D23/><U43/><E64/><V108/><F108/><W106/><G106/><T79/><D63/><U125/><E43/><V94/><F94/><W8/><G8/><T91/><D75/><U98/><E37/><V110/><F110/><W111/><G111/><T55/><D55/><U118/><E118/><V60/><REACH who="2" step="1"/><F18/><REACH who="2" ten="358,123,335,174" step="2"/><W29/><G29/><T1/><D5/><U70/><E125/><V71/><F71/><W130/><G130/><T66/><D1/><U126/><E2/><V15/><F15/><N who="1" m="5673" /><E3/><V99/><AGARI ba="0,1" hai="21,22,46,50,52,53,58,60,90,95,99,112,113,114" machi="99" ten="30,7900,0" yaku="1,1,0,1,54,1,53,1" doraHai="65,82" doraHaiUra="87,131" who="2" fromWho="2" sc="358,-20,123,-20,335,89,174,-39" /><INIT seed="4,0,0,0,4,90" ten="338,103,424,135" oya="0" hai0="22,44,41,18,109,45,34,8,110,93,91,15,121" hai1="48,68,47,63,62,113,57,99,133,134,65,97,112" hai2="106,29,50,23,104,111,58,108,84,16,67,119,101" hai3="88,31,82,83,12,128,102,96,7,25,27,131,89"/><T61/><D121/><U74/><E74/><V53/><F119/><W107/><G7/><T43/><D34/><U20/><E20/><V135/><F135/><N who="1" m="51721" /><E99/><V78/><F29/><W80/><G12/><T35/><D35/><U75/><E97/><V14/><F67/><W126/><G25/><T100/><D100/><U125/><E75/><V6/><F6/><W79/><G126/><T24/><D61/><N who="1" m="39983" /><E125/><V28/><F28/><W26/><G26/><T98/><D22/><U5/><E5/><V36/><F36/><W2/><G2/><T55/><D24/><U114/><E57/><V127/><F127/><W92/><G27/><T73/><D73/><U77/><E77/><V3/><F3/><W9/><G31/><T64/><D18/><U132/><N who="1" m="51729" /><U72/><DORA hai="87" /><E72/><V30/><F30/><W66/><G9/><T103/><D103/><U59/><E59/><V56/><F56/><W49/><G66/><T130/><D64/><U86/><E86/><V10/><F101/><W39/><G39/><T42/><D8/><U129/><E129/><N who="3" m="49738" /><G49/><N who="0" m="29095" /><D15/><U70/><E70/><V33/><F33/><W0/><G0/><T85/><D130/><U21/><E21/><V46/><F23/><W94/><G79/><T51/><D98/><U69/><E69/><V1/><F1/><W76/><G76/><T60/><D60/><U40/><AGARI ba="0,0" hai="40,47,48,62,63,112,113,114" m="39983,51729" machi="40" ten="50,8000,1" yaku="15,1,11,1,20,1,34,2" doraHai="90,87" who="1" fromWho="1" sc="338,-40,103,80,424,-20,135,-20" /><INIT seed="5,0,0,2,5,118" ten="298,183,404,115" oya="1" hai0="128,132,1,89,131,110,46,79,115,82,6,47,32" hai1="121,10,53,76,111,126,120,100,63,72,103,48,58" hai2="68,56,25,15,65,5,62,109,119,50,41,11,7" hai3="64,19,113,54,14,35,18,127,123,71,38,16,74"/><U51/><E72/><V57/><F109/><W30/><G74/><T102/><D110/><U101/><E76/><V43/><F119/><W105/><G38/><T80/><D32/><U124/><E111/><V31/><F68/><W42/><G105/><T66/><D115/><U135/><E10/><V28/><F7/><W116/><G42/><N who="2" m="15881" /><F25/><W99/><G113/><T39/><D132/><U61/><E135/><V125/><F125/><N who="1" m="48233" /><E51/><V114/><F114/><W69/><G116/><T81/><D39/><U107/><E107/><V36/><F36/><W13/><G127/><T90/><D6/><U85/><E85/><V129/><F129/><W104/><G123/><AGARI ba="0,0" hai="48,53,58,61,63,100,101,103,120,121,123" m="48233" machi="123" ten="40,12000,1" yaku="18,1,52,3" doraHai="118" who="1" fromWho="3" sc="298,0,183,120,404,0,115,-120" owari="298,-10.2,303,10.3,404,50.4,-5,-50.5" /></mjloggm>