<mjloggm ver="2.3"><GO type="169" lobby="0"/><UN n0="%E6%B2%B3%E7%AB%A5%E3%81%AE%E3%83%AF%E3%82%AB%E3%83%9E%E3%83%84" n1="%E2%91%A3%E3%82%BB%E3%83%B3%E3%83%81" n2="%72%65%6E%6A%69%38%33" n3="%E3%83%8F%E3%82%BF%E3%83%A2%E3%83%88%E3%83%92%E3%83%AD" dan="17,18,17,16" rate="2171.51,2274.72,2211.08,2145.52" sx="M,M,M,M"/><TAIKYOKU oya="0"/><INIT seed="0,0,0,2,0,30" ten="250,250,250,250" oya="0" hai0="111,127,44,88,7,76,1,40,77,130,3,35,36" hai1="20,83,26,4,41,97,114,108,132,115,23,80,21" hai2="112,66,53,113,9,8,126,121,104,39,17,81,124" hai3="103,73,95,60,31,125,91,34,47,116,89,32,43"/><T64/><D130/><U101/><E108/><V16/><F104/><W46/><G31/><T13/><D127/><N who="2" m="48682" /><F39/><W18/><G125/><T55/><D64/><U65/><E132/><V120/><F53/><W59/><G116/><T106/><D106/><U57/><E4/><V29/><F81/><W62/><G73/><T24/><D111/><U11/><E11/><N who="2" m="4171" /><F29/><W133/><G133/><T85/><D13/><U38/><E38/><V74/><F74/><W33/><G18/><N who="2" m="7273" /><F66/><W102/><G32/><T67/><D55/><U58/><E65/><V100/><F100/><W45/><G45/><T90/><D67/><U123/><E83/><V61/><F61/><W86/><G43/><T96/><D35/><U128/><E80/><V50/><F50/><W70/><G59/><T6/><D44/><U51/><E41/><V118/><F118/><W69/><G86/><T109/><D85/><U134/><E51/><V82/><F82/><W68/><G69/><T79/><D40/><U19/><E134/><V25/><F25/><W48/><G48/><T87/><D24/><U78/><E26/><V49/><F49/><W71/><G68/><T22/><D36/><U117/><E117/><V122/><AGARI ba="0,0" hai="112,113,120,121,122" m="7273,4171,48682" machi="122" ten="40,12000,2" yaku="28,2,18,1,34,2,54,1" doraHai="30" who="2" fromWho="2" sc="250,-60,250,-30,250,120,250,-30" /><INIT seed="1,0,0,4,2,75" ten="190,220,370,220" oya="1" hai0="5,31,51,67,38,59,7,6,43,21,99,47,97" hai1="79,61,66,131,13,105,3,120,91,58,11,110,57" hai2="22,32,123,114,64,20,86,23,65,26,92,100,95" hai3="12,62,130,60,111,8,72,133,108,117,70,54,112"/><U0/><E120/><V29/><F123/><W84/><G72/><T68/><D31/><U119/><E119/><V41/><F114/><W18/><G112/><T132/><D132/><U49/><E105/><V36/><F36/><W80/><G133/><T69/><D69/><U104/><E104/><V127/><F127/><W35/><G35/><T55/><REACH who="0" step="1"/><D21/><REACH who="0" ten="180,220,370,220" step="2"/><U16/><E131/><V9/><F23/><W115/><G130/><T102/><D102/><U78/><E110/><V33/><F22/><W82/><G70/><T1/><D1/><U39/><E0/><V30/><F20/><W14/><G115/><T124/><D124/><U128/><E128/><V113/><F100/><W44/><G108/><T19/><D19/><U94/><E3/><V74/><F113/><W134/><G111/><T85/><D85/><N who="1" m="52591" /><E39/><V46/><F86/><W2/><G84/><T93/><D93/><U129/><E129/><V126/><F74/><W24/><G2/><T17/><D17/><U90/><E90/><V28/><F28/><W125/><G125/><T10/><D10/><U87/><E87/><V109/><F9/><W52/><G134/><T103/><D103/><U106/><E106/><V88/><F126/><W71/><G71/><T135/><D135/><U81/><E81/><V77/><F88/><W40/><G18/><T101/><D101/><U50/><E58/><V34/><F109/><W89/><G8/><T116/><D116/><U45/><E45/><V73/><F30/><W48/><G117/><T76/><D76/><AGARI ba="0,1" hai="11,13,16,49,50,57,61,66,76,78,79" m="52591" machi="76" ten="30,12000,1" yaku="8,1,52,3,54,1" doraHai="75" who="1" fromWho="0" sc="180,-120,220,130,370,0,220,0" /><INIT seed="1,1,0,5,3,23" ten="60,350,370,220" oya="1" hai0="68,48,56,69,42,34,62,71,49,43,9,46,17" hai1="72,91,20,73,36,96,101,58,39,81,24,92,122" hai2="61,84,93,129,80,3,11,128,98,112,65,45,13" hai3="126,16,102,32,14,82,104,38,131,47,107,85,123"/><U99/><E122/><V89/><F3/><W124/><G123/><T75/><D75/><U0/><E0/><V120/><F120/><W115/><G115/><T66/><D34/><U70/><E70/><V87/><F112/><W26/><G131/><N who="2" m="50249" /><F45/><W6/><G6/><T79/><D79/><U51/><E39/><V78/><F61/><W27/><G32/><T12/><REACH who="0" step="1"/><D42/><REACH who="0" ten="50,350,370,220" step="2"/><U63/><E73/><N who="2" m="43087" /><F65/><W100/><G38/><AGARI ba="1,1" hai="9,12,17,38,43,46,48,49,56,62,66,68,69,71" machi="38" ten="40,1300,0" yaku="1,1,53,0" doraHai="23" doraHaiUra="19" who="0" fromWho="3" sc="50,26,350,0,370,0,220,-16" /><INIT seed="2,0,0,4,5,86" ten="76,350,370,204" oya="2" hai0="20,81,19,79,37,57,90,68,115,25,74,96,3" hai1="24,133,104,49,80,117,88,109,18,94,30,58,62" hai2="32,51,131,122,111,125,78,95,129,114,8,107,123" hai3="17,27,43,53,77,29,14,84,34,85,36,69,1"/><V108/><F32/><W61/><G1/><T10/><D68/><U75/><E104/><V50/><F107/><W119/><G119/><T110/><D115/><U6/><E117/><V134/><F114/><W12/><G12/><T87/><D110/><N who="2" m="42026" /><F78/><W38/><G43/><T11/><D37/><U130/><E109/><V21/><F8/><W33/><G33/><T135/><D135/><U93/><E6/><V7/><F7/><W52/><G85/><T64/><D3/><U16/><E94/><V102/><F21/><W47/><G53/><T63/><REACH who="0" step="1"/><D96/><REACH who="0" ten="66,350,370,204" step="2"/><U26/><E133/><V121/><F134/><W13/><G38/><T39/><D39/><U91/><E130/><N who="2" m="49675" /><F125/><W45/><G36/><T97/><D97/><AGARI ba="0,1" hai="50,51,95,97,102,121,122,123" m="49675,42026" machi="97" ten="40,7700,0" yaku="14,1,10,1,19,1" doraHai="86" who="2" fromWho="0" sc="66,-77,350,0,370,87,204,0" owari="-11,-51.1,350,15.0,457,55.7,204,-19.6" /></mjloggm>