<mjloggm ver="2.3"><GO type="169" lobby="0"/><UN n0="%E3%83%9F%E3%82%B2%E3%83%BC%E3%83%AB%E6%94%B9" n1="%E3%82%82%E3%82%8A%E3%82%8A%E3%82%93%E3%82%82%E3%82%8A%E3%82%82%E3%82%8A" n2="%E5%B0%8F%E9%B3%A5%E9%81%8A%E7%B7%B4%E7%84%A1%32%31%E6%AD%B3" n3="%E7%BD%AA%E5%88%91%E6%B3%95%E5%AE%9A%E4%B8%BB%E7%BE%A9" dan="16,16,16,17" rate="2222.86,2071.48,2147.40,2227.18" sx="M,M,F,M"/><TAIKYOKU oya="0"/><INIT seed="0,0,0,2,5,111" ten="250,250,250,250" oya="0" hai0="113,115,97,28,57,8,52,9,32,33,14,108,30" hai1="38,73,95,65,125,93,63,46,44,129,130,40,124" hai2="17,35,70,50,20,128,91,135,21,2,133,62,107" hai3="78,118,71,43,27,123,127,116,126,56,6,90,104"/><T18/><D108/><U10/><E10/><N who="0" m="4201" /><D57/><N who="1" m="37103" /><E73/><V110/><F35/><W77/><G71/><T19/><D14/><U3/><E3/><V1/><F107/><W54/><G104/><T74/><D97/><U79/><E79/><V37/><F110/><W49/><G6/><T94/><D52/><U0/><E0/><V105/><F37/><W25/><G123/><T51/><D51/><N who="1" m="27015" /><E95/><V29/><F105/><W58/><G43/><T7/><D7/><U109/><E93/><V106/><F106/><W69/><G69/><T101/><D101/><U84/><E84/><V68/><F68/><W132/><G54/><T121/><D94/><U99/><E99/><V34/><F70/><W92/><G49/><T11/><N who="0" m="4209" /><T117/><DORA hai="16" /><D74/><U26/><E26/><V134/><F1/><W5/><G92/><T67/><D121/><U96/><E96/><V53/><F2/><W119/><G5/><T75/><D75/><U55/><E109/><V12/><F34/><N who="0" m="13418" /><D67/><U100/><E100/><V89/><F134/><W87/><G119/><T4/><D4/><U64/><E64/><V39/><F135/><W66/><G66/><T42/><D117/><U41/><E55/><V61/><F133/><W23/><G132/><T120/><D120/><U114/><E38/><V15/><F39/><W98/><G98/><T86/><D86/><U76/><E46/><V36/><F36/><W88/><G87/><T122/><D122/><U13/><E41/><V80/><F53/><W31/><G31/><N who="0" m="11819" /><D42/><U102/><E102/><V45/><F12/><W85/><G85/><T59/><D59/><RYUUKYOKU ba="0,0" sc="250,15,250,-15,250,-15,250,15" hai0="18,19,113,115" hai3="23,25,27,56,58,77,78,88,90,116,118,126,127" /><INIT seed="0,1,0,0,4,81" ten="265,235,235,265" oya="0" hai0="35,4,10,11,124,103,79,44,0,119,28,12,78" hai1="99,54,89,48,16,71,86,72,101,92,22,95,111" hai2="96,17,66,116,43,50,97,36,85,135,93,55,24" hai3="88,41,31,34,13,38,60,90,102,52,115,70,42"/><T47/><D119/><U8/><E111/><V56/><F116/><W130/><G115/><T132/><D132/><U33/><E33/><V49/><F135/><W126/><G126/><T58/><D124/><U113/><E113/><V94/><F36/><W67/><G130/><T46/><D103/><U106/><E71/><V5/><F5/><W83/><G102/><T19/><D28/><U39/><E39/><V69/><F66/><W133/><G133/><T122/><D35/><U98/><E8/><V3/><F3/><W45/><G13/><T77/><D58/><U32/><E72/><V73/><F73/><W37/><G37/><T62/><D62/><U125/><E125/><V91/><F69/><W109/><G109/><T100/><D100/><U80/><E32/><V61/><F43/><W6/><G6/><T64/><D64/><U75/><E98/><V18/><F97/><W123/><G123/><T59/><REACH who="0" step="1"/><D59/><REACH who="0" ten="255,235,235,265" step="2"/><U74/><E74/><V20/><F17/><W68/><G68/><T105/><D105/><U27/><E75/><V117/><F117/><W30/><G34/><T110/><D110/><U1/><E1/><V104/><REACH who="2" step="1"/><F104/><REACH who="2" ten="255,235,225,265" step="2"/><W129/><G70/><T2/><D2/><U26/><REACH who="1" step="1"/><E26/><REACH who="1" ten="255,225,225,265" step="2"/><V40/><F40/><W76/><G42/><T134/><D134/><U53/><E53/><V131/><F131/><W25/><G129/><T29/><D29/><U9/><E9/><V14/><F14/><W7/><G52/><T107/><D107/><U21/><E21/><V114/><F114/><W51/><G31/><T128/><D128/><U118/><E118/><RYUUKYOKU ba="1,3" sc="255,10,225,10,225,10,265,-30" hai0="0,4,10,11,12,19,44,46,47,77,78,79,122" hai1="16,22,27,48,54,80,86,89,92,95,99,101,106" hai2="18,20,24,49,50,55,56,61,85,91,93,94,96" /><INIT seed="0,2,3,3,2,107" ten="265,235,235,235" oya="0" hai0="72,79,87,88,34,62,18,124,113,108,6,20,117" hai1="110,54,33,0,130,22,9,109,81,14,44,19,105" hai2="103,84,114,90,45,52,111,36,16,49,94,55,53" hai3="57,17,102,65,39,77,106,75,51,59,91,5,71"/><T104/><D117/><U4/><E105/><V122/><F122/><W112/><G112/><T31/><D113/><U93/><E130/><V89/><F36/><W13/><G39/><T23/><D104/><U48/><E33/><V10/><F114/><W123/><G123/><T1/><D23/><U82/><REACH who="1" step="1"/><E93/><REACH who="1" ten="265,225,235,235" step="2"/><N who="2" m="54439" /><F111/><AGARI ba="2,4" hai="0,4,9,14,19,22,44,48,54,81,82,109,110,111" machi="111" ten="40,2600,0" yaku="1,1,14,1,53,0" doraHai="107" doraHaiUra="60" who="1" fromWho="2" sc="265,0,225,72,235,-32,235,0" /><INIT seed="1,0,0,4,1,39" ten="265,297,203,235" oya="1" hai0="81,93,102,30,2,29,9,31,82,77,38,97,43" hai1="60,62,114,46,89,92,79,127,130,24,26,133,108" hai2="42,107,50,73,103,111,20,18,101,88,67,86,64" hai3="122,51,48,68,4,12,36,71,70,132,75,131,45"/><U94/><E114/><V35/><F35/><W22/><G122/><T17/><D82/><U118/><E118/><V135/><F73/><W90/><G75/><T57/><D57/><U8/><E79/><V14/><F111/><W134/><G131/><T124/><D124/><U123/><E123/><V85/><F135/><N who="3" m="51755" /><G90/><T44/><D17/><U37/><E133/><V72/><F72/><W23/><G4/><T117/><D117/><U59/><E8/><V1/><F1/><W7/><G7/><T41/><D41/><U55/><E130/><V125/><F125/><W40/><G12/><T104/><D104/><U54/><E108/><V21/><F21/><AGARI ba="0,0" hai="21,22,23,36,40,45,48,51,68,70,71" m="51755" machi="21" ten="40,2600,0" yaku="20,1,52,1" doraHai="39" who="3" fromWho="2" sc="265,0,297,0,203,-26,235,26" /><INIT seed="2,0,0,2,4,93" ten="265,297,177,261" oya="2" hai0="115,81,12,103,135,21,102,105,61,128,11,98,32" hai1="123,44,5,27,42,47,90,100,129,8,76,117,108" hai2="19,96,40,116,89,60,4,48,121,50,104,84,30" hai3="15,39,2,110,53,3,36,109,92,23,88,99,79"/><V107/><F116/><W130/><G79/><T66/><D115/><U95/><E129/><V94/><F121/><W16/><G130/><T28/><D135/><U133/><E108/><N who="3" m="41578" /><G53/><T127/><D128/><U68/><E68/><V71/><F4/><W57/><G57/><T75/><D21/><U0/><E100/><V74/><F74/><W49/><G49/><T132/><D103/><U56/><E117/><V122/><F122/><W119/><G119/><T26/><D132/><U111/><E111/><V33/><F19/><W14/><G14/><T64/><D64/><U120/><E133/><V7/><F7/><W134/><G134/><T41/><D41/><U46/><E42/><V80/><F40/><W55/><G55/><T126/><D11/><U9/><E56/><V65/><F107/><W91/><G91/><T124/><D12/><U78/><E120/><V70/><F70/><W43/><G43/><T10/><D10/><U83/><E123/><V37/><F37/><AGARI ba="0,0" hai="2,3,15,16,23,36,37,39,88,92,99" m="41578" machi="37" ten="30,7700,0" yaku="14,1,52,1,54,2" doraHai="93" who="3" fromWho="2" sc="265,0,297,0,177,-77,261,77" /><INIT seed="3,0,0,0,5,99" ten="265,297,100,338" oya="3" hai0="42,91,84,11,78,120,69,62,52,7,110,85,126" hai1="48,43,37,92,13,4,16,86,40,66,100,23,10" hai2="49,53,97,1,115,123,104,124,135,68,22,118,5" hai3="76,67,34,72,8,127,129,87,59,131,41,28,44"/><W45/><G72/><T32/><D120/><U103/><E66/><V27/><F115/><W47/><G8/><T36/><D32/><U108/><E108/><V50/><F118/><W55/><G28/><T80/><D69/><U102/><E37/><V116/><F116/><W58/><G34/><T134/><D110/><U121/><E121/><V15/><F123/><W35/><G35/><T17/><D17/><U56/><E56/><V112/><F112/><W82/><G127/><T122/><D126/><U95/><E86/><V109/><F68/><W128/><G67/><T79/><D122/><U88/><E88/><V46/><F1/><W20/><G20/><T83/><D134/><U19/><E19/><V57/><F124/><W75/><G75/><T71/><D91/><U133/><E133/><V93/><F104/><W106/><G106/><T105/><D105/><U3/><REACH who="1" step="1"/><E48/><REACH who="1" ten="265,287,100,338" step="2"/><V60/><F135/><W70/><G70/><T77/><D71/><U6/><E6/><V113/><F109/><W125/><G125/><T114/><D114/><U29/><E29/><V90/><F113/><W61/><REACH who="3" step="1"/><G59/><REACH who="3" ten="265,287,100,328" step="2"/><T14/><D36/><AGARI ba="0,2" hai="36,41,44,45,47,55,58,61,76,82,87,128,129,131" machi="36" ten="40,7700,0" yaku="1,1,2,1,19,1,53,0" doraHai="99" doraHaiUra="12" who="3" fromWho="0" sc="265,-77,287,0,100,0,328,97" /><INIT seed="3,1,0,4,2,11" ten="188,287,100,425" oya="3" hai0="31,126,37,65,87,18,68,58,41,74,45,32,127" hai1="20,82,54,29,66,22,25,39,36,98,133,100,21" hai2="44,43,107,121,130,80,72,125,3,95,88,63,35" hai3="109,4,91,40,0,50,122,52,64,17,112,89,67"/><W2/><G112/><T27/><D74/><U8/><E133/><V9/><F121/><W51/><G122/><T77/><D68/><U105/><E66/><V69/><F125/><N who="0" m="47626" /><D18/><U13/><E82/><V10/><F107/><W48/><G40/><T123/><D123/><U33/><REACH who="1" step="1"/><E54/><REACH who="1" ten="188,277,100,425" step="2"/><V120/><F120/><W110/><G52/><T103/><D65/><U81/><E81/><V117/><F80/><W94/><G67/><T47/><D77/><U115/><E115/><V79/><F117/><W34/><G64/><T97/><D41/><U75/><E75/><V135/><F43/><W15/><G110/><T55/><D37/><U111/><E111/><V116/><F72/><W84/><G109/><T78/><D78/><U28/><E28/><V71/><F79/><W99/><G51/><N who="0" m="31103" /><D87/><U101/><E101/><V70/><F70/><W59/><G50/><T76/><D76/><U113/><E113/><V7/><F69/><W118/><G48/><T85/><D85/><U86/><E86/><V56/><F71/><W128/><G84/><T62/><D62/><U83/><E83/><V6/><F63/><W26/><G99/><T12/><D97/><U93/><E93/><V49/><F95/><W42/><G94/><T46/><D103/><U23/><N who="1" m="5120" /><DORA hai="108" /><U124/><E124/><V30/><F116/><W16/><G118/><T24/><D24/><U19/><AGARI ba="1,1" hai="8,13,19,25,29,33,36,39,98,100,105" m="5120" machi="19" ten="40,5200,0" yaku="1,1,0,1,52,1,53,0" doraHai="11,108" doraHaiUra="132,104" who="1" fromWho="1" sc="188,-14,277,65,100,-14,425,-27" /><INIT seed="4,0,0,5,2,76" ten="174,342,86,398" oya="0" hai0="30,111,71,94,103,72,47,38,14,131,46,64,105" hai1="102,8,45,101,128,125,104,63,48,134,68,78,79" hai2="100,135,121,93,52,59,108,88,19,56,15,61,109" hai3="130,21,20,55,18,75,70,67,58,133,98,122,116"/><T32/><D94/><U132/><E128/><V84/><F135/><N who="1" m="51753" /><E8/><V2/><F2/><W97/><G116/><T4/><D131/><U1/><E1/><V24/><F24/><W16/><G130/><T43/><D46/><U42/><E125/><V112/><F112/><W54/><G133/><T34/><D14/><U62/><E104/><V36/><F36/><W69/><G75/><T50/><D50/><U11/><E11/><V77/><F121/><W51/><G122/><T39/><D4/><U99/><E99/><V74/><F100/><N who="1" m="38505" /><E68/><V85/><F74/><W127/><G127/><T27/><D38/><U73/><E73/><V120/><F120/><W95/><G67/><T17/><D72/><U96/><E96/><V80/><REACH who="2" step="1"/><F56/><REACH who="2" ten="174,342,76,398" step="2"/><W53/><G70/><T22/><D71/><U40/><E45/><V5/><F5/><W110/><G69/><T41/><D47/><N who="1" m="25703" /><E42/><V9/><AGARI ba="0,1" hai="9,15,19,52,59,61,77,80,84,85,88,93,108,109" machi="9" ten="20,16000,3" yaku="1,1,0,1,7,1,52,1,54,2,53,2" doraHai="76" doraHaiUra="83" who="2" fromWho="2" sc="174,-80,342,-40,76,170,398,-40" /><INIT seed="5,0,0,2,4,89" ten="94,302,246,358" oya="1" hai0="135,49,14,124,80,12,90,76,63,69,21,79,58" hai1="102,125,44,92,65,71,113,9,31,60,3,35,8" hai2="101,96,126,72,23,6,17,40,99,128,51,134,43" hai3="18,131,94,88,81,123,127,86,22,103,64,74,10"/><U34/><E125/><V30/><F126/><W24/><G127/><T115/><D69/><U26/><E35/><V120/><F72/><W25/><G123/><T28/><D115/><U117/><E117/><V132/><F6/><W38/><G38/><T111/><D111/><U95/><E113/><V11/><F120/><W100/><G131/><T116/><D116/><U39/><E102/><N who="3" m="38954" /><G74/><T112/><D135/><N who="2" m="51754" /><F128/><W5/><G64/><T67/><D124/><U50/><E39/><V56/><F96/><W78/><G25/><T104/><D104/><U4/><REACH who="1" step="1"/><E8/><REACH who="1" ten="94,292,246,358" step="2"/><V62/><F11/><W45/><G10/><T41/><D112/><U109/><E109/><V85/><F30/><W1/><G1/><T27/><D14/><U77/><E77/><V13/><F51/><W118/><G118/><T61/><D12/><U16/><E16/><V68/><F17/><W59/><G5/><T53/><D76/><U55/><AGARI ba="0,1" hai="3,4,9,26,31,34,44,50,55,60,65,71,92,95" machi="55" ten="20,18000,2" yaku="1,1,0,1,7,1,52,2,53,1" doraHai="89" doraHaiUra="2" who="1" fromWho="1" sc="94,-60,292,190,246,-60,358,-60" /><INIT seed="5,1,0,0,4,29" ten="34,482,186,298" oya="1" hai0="34,11,46,47,5,39,94,20,87,120,8,128,3" hai1="74,124,33,68,25,60,36,22,2,42,50,18,86" hai2="16,98,107,113,111,45,91,108,115,109,30,53,88" hai3="131,51,85,21,93,83,133,112,24,56,32,1,82"/><U121/><E74/><V67/><F67/><W127/><G1/><T79/><D128/><U78/><E36/><V123/><F45/><W64/><G131/><T134/><D120/><U114/><E121/><V19/><F123/><W130/><G130/><T105/><D105/><U81/><E114/><N who="2" m="43531" /><F53/><W72/><G112/><T129/><D20/><U6/><E124/><V62/><F62/><W101/><G127/><T96/><D11/><U15/><E68/><V38/><F38/><W122/><G122/><T41/><D47/><N who="1" m="25975" /><E2/><V117/><F117/><W104/><G104/><T37/><D37/><U9/><E60/><V17/><F30/><W119/><G119/><T28/><D129/><U75/><E75/><V125/><F125/><W76/><G133/><T61/><D61/><U31/><E18/><V100/><AGARI ba="1,0" hai="16,17,19,88,91,98,100,107,108,109,111" m="43531" machi="100" ten="40,8000,1" yaku="15,1,11,1,54,2" doraHai="29" who="2" fromWho="2" sc="34,-21,482,-41,186,83,298,-21" /><INIT seed="6,0,0,0,3,42" ten="13,441,269,277" oya="2" hai0="64,59,25,131,91,99,76,117,112,94,35,19,111" hai1="79,110,114,16,17,12,109,21,10,13,52,23,53" hai2="88,85,62,38,92,6,133,54,8,51,55,72,33" hai3="129,40,119,96,86,36,123,63,45,103,44,1,26"/><V74/><F38/><W34/><G119/><T122/><D111/><U30/><E79/><V77/><F133/><W7/><G123/><T130/><D122/><U9/><E30/><V0/><F33/><W29/><G129/><T65/><D112/><AGARI ba="0,0" hai="9,10,12,13,16,17,21,23,52,53,109,110,112,114" machi="112" ten="25,6400,0" yaku="22,2,54,2" doraHai="42" who="1" fromWho="0" sc="13,-64,441,64,269,0,277,0" owari="-51,-55.1,505,60.5,269,-13.1,277,7.7" /></mjloggm>