<mjloggm ver="2.3"><GO type="169" lobby="0"/><UN n0="%E7%99%BE%E9%87%8E%E3%81%95%E3%82%93" n1="%43%65%6C%65%73%54%65" n2="%E8%B5%A4%E4%BA%94%E7%AB%8B%E7%9B%B4" n3="%E3%81%9B%E3%82%93%E3%81%A8%E3%81%BD%E3%83%BC%E3%82%8B" dan="17,16,16,18" rate="2181.42,2123.16,2164.26,2222.75" sx="M,M,F,F"/><TAIKYOKU oya="0"/><INIT seed="0,0,0,2,4,76" ten="250,250,250,250" oya="0" hai0="83,93,119,37,74,16,88,3,26,111,69,57,67" hai1="9,98,50,102,90,82,39,2,14,77,46,44,20" hai2="129,10,5,134,54,61,99,94,58,29,47,15,113" hai3="128,21,86,7,103,8,132,75,73,70,125,120,121"/><T84/><D119/><U108/><E108/><V92/><F113/><W13/><G70/><T43/><D3/><U66/><E66/><V95/><F129/><W85/><G128/><T12/><D69/><U100/><E2/><V56/><F134/><W51/><G125/><T38/><D111/><U127/><E127/><V40/><F29/><W0/><G132/><T80/><D26/><U109/><E20/><V72/><F72/><N who="3" m="27723" /><G103/><T41/><D74/><U112/><E109/><V49/><REACH who="2" step="1"/><F58/><REACH who="2" ten="250,250,240,250" step="2"/><W31/><G31/><T35/><D35/><U114/><E114/><V42/><F42/><N who="0" m="15882" /><D38/><U96/><E39/><V106/><F106/><W53/><G120/><T6/><D37/><U78/><E112/><V63/><F63/><W81/><G121/><T71/><D71/><U64/><E50/><V126/><F126/><W28/><G51/><T23/><D6/><U124/><E124/><V135/><F135/><W115/><G7/><T68/><D68/><U55/><E46/><V17/><F17/><W34/><G28/><T65/><D57/><U19/><E44/><V110/><F110/><W116/><G34/><T122/><D122/><U62/><E19/><V101/><AGARI ba="0,1" hai="5,10,15,40,47,49,54,56,61,92,94,95,99,101" machi="101" ten="20,5200,0" yaku="1,1,0,1,7,1,8,1,53,0" doraHai="76" doraHaiUra="32" who="2" fromWho="2" sc="250,-26,250,-13,240,62,250,-13" /><INIT seed="1,0,0,4,0,97" ten="224,237,302,237" oya="1" hai0="106,10,55,80,53,72,54,15,11,69,30,34,101" hai1="94,19,119,113,130,123,51,23,112,32,1,88,27" hai2="49,44,43,70,38,90,68,83,16,92,117,22,63" hai3="5,98,36,60,14,24,48,122,74,78,82,2,29"/><U132/><E119/><V42/><F117/><W131/><G122/><T108/><D69/><U128/><E123/><V26/><F83/><W50/><G131/><N who="1" m="50218" /><E1/><V105/><F105/><W62/><G36/><T25/><D108/><U129/><N who="1" m="50226" /><U127/><DORA hai="35" /><E127/><V71/><F43/><W46/><G14/><T9/><D72/><U120/><E120/><V110/><F110/><W76/><G76/><T81/><REACH who="0" step="1"/><D15/><REACH who="0" ten="214,237,302,237" step="2"/><U61/><E132/><V33/><F68/><W56/><G74/><T17/><D17/><U133/><E133/><V0/><F70/><W12/><G12/><T95/><D95/><U39/><E112/><V89/><F0/><W57/><G2/><T47/><D47/><U87/><E113/><V109/><F109/><W79/><G46/><T85/><D85/><U91/><E87/><V64/><F92/><W86/><G86/><T104/><D104/><U118/><E94/><V116/><F116/><W6/><G6/><T75/><D75/><U18/><E118/><V37/><REACH who="2" step="1"/><F33/><REACH who="2" ten="214,237,292,237" step="2"/><W99/><G82/><T3/><D3/><U115/><E32/><V134/><F134/><W41/><G79/><T121/><D121/><U52/><E115/><V4/><F4/><W40/><G78/><T102/><D102/><U20/><E39/><AGARI ba="0,2" hai="16,22,26,37,38,39,42,44,49,63,64,71,89,90" machi="39" ten="40,5200,0" yaku="1,1,54,1,53,1" doraHai="97,35" doraHaiUra="66,114" who="2" fromWho="1" sc="214,0,237,-52,292,72,237,0" /><INIT seed="2,0,0,4,2,27" ten="214,185,364,237" oya="2" hai0="84,68,65,81,101,3,109,66,93,49,120,134,94" hai1="10,91,88,115,29,111,33,125,73,110,24,63,39" hai2="107,133,51,112,54,22,104,30,0,119,11,56,59" hai3="74,13,36,43,129,41,58,102,28,5,90,9,70"/><V124/><F119/><W21/><G70/><T60/><D120/><U82/><E115/><V78/><F112/><W57/><G74/><T34/><D3/><U48/><E39/><V42/><F124/><W4/><G129/><T55/><D109/><N who="1" m="41483" /><E125/><V114/><F114/><W105/><G102/><T2/><D2/><U67/><E10/><V83/><F133/><W46/><G105/><T132/><D65/><U37/><E37/><V100/><F42/><W116/><G116/><T26/><D101/><U117/><E48/><V113/><F113/><W118/><G43/><T106/><D106/><U131/><E131/><V53/><F100/><W86/><G5/><T44/><D132/><U45/><E45/><V12/><F0/><W69/><G69/><T18/><D134/><U77/><E117/><V89/><F89/><W1/><G118/><T17/><D18/><U35/><E35/><V8/><F104/><W40/><G40/><T128/><D128/><U62/><E62/><V99/><F107/><W20/><G20/><T14/><D34/><U127/><E127/><V123/><F123/><W97/><G97/><T6/><D6/><U85/><E73/><V19/><F99/><W72/><G72/><T122/><D122/><U130/><E130/><V96/><F96/><W47/><G47/><T23/><REACH who="0" step="1"/><D14/><REACH who="0" ten="204,185,364,237" step="2"/><U7/><E7/><V64/><F64/><W32/><G32/><T79/><AGARI ba="0,1" hai="17,23,26,44,49,55,60,66,68,79,81,84,93,94" machi="79" ten="20,5200,0" yaku="1,1,2,1,0,1,7,1,53,0" doraHai="27" doraHaiUra="135" who="0" fromWho="0" sc="204,62,185,-13,364,-26,237,-13" /><INIT seed="3,0,0,0,5,2" ten="266,172,338,224" oya="3" hai0="54,13,89,100,129,110,1,61,111,91,76,95,17" hai1="50,26,85,27,119,109,37,19,51,21,120,134,57" hai2="87,97,112,78,39,63,131,4,66,90,23,22,6" hai3="38,10,31,7,123,8,52,56,98,118,84,3,127"/><W46/><G118/><T101/><D1/><U117/><E120/><V115/><F39/><W96/><G123/><T103/><D76/><U34/><E109/><N who="0" m="41481" /><D129/><U94/><E134/><V65/><F78/><W33/><G127/><T128/><D128/><U82/><E37/><V30/><F131/><W70/><G70/><T44/><D95/><U47/><E94/><V74/><F74/><W99/><G10/><N who="0" m="6327" /><D44/><U36/><E36/><V86/><F30/><W88/><G31/><T58/><AGARI ba="0,0" hai="54,58,61,89,91,100,101,103" m="6327,41481" machi="58" ten="40,1500,0" yaku="14,1" doraHai="2" who="0" fromWho="0" sc="266,15,172,-4,338,-4,224,-7" /><INIT seed="4,0,0,4,4,106" ten="281,168,334,217" oya="0" hai0="45,37,56,31,72,124,102,88,108,59,65,46,107" hai1="14,58,41,92,5,74,23,135,85,49,129,116,118" hai2="2,75,71,42,94,17,10,60,80,33,76,111,12" hai3="127,114,100,112,133,73,115,19,98,82,35,22,117"/><T8/><D124/><U93/><E129/><V77/><F111/><W86/><G35/><T132/><D132/><U110/><E135/><V83/><F33/><W13/><G133/><T24/><D108/><U97/><E110/><V84/><F42/><W29/><G117/><T64/><D8/><U27/><E116/><V44/><F44/><W47/><G29/><T0/><D0/><U109/><E109/><V120/><F120/><W130/><G130/><T67/><D72/><U63/><E74/><V15/><F94/><W119/><G119/><T87/><D37/><U1/><E1/><V9/><F2/><W99/><G47/><N who="0" m="17931" /><D107/><U4/><E41/><V16/><F60/><W79/><G127/><T18/><D102/><U54/><E49/><V32/><F32/><W69/><G69/><AGARI ba="0,0" hai="9,10,12,15,16,17,69,71,75,76,77,80,83,84" machi="69" ten="40,5200,0" yaku="9,1,52,1,54,1" doraHai="106" who="2" fromWho="3" sc="281,0,168,0,334,52,217,-52" /><INIT seed="5,0,0,2,2,48" ten="281,168,386,165" oya="1" hai0="130,61,96,90,129,89,22,6,40,83,20,128,55" hai1="50,103,19,11,67,56,88,109,111,115,9,68,98" hai2="7,3,75,0,59,131,37,64,47,116,106,65,21" hai3="81,33,82,80,100,60,16,43,23,39,108,17,12"/><U27/><E115/><V28/><F75/><W110/><G33/><T45/><D6/><U24/><E68/><V105/><F116/><W41/><G39/><T26/><D83/><U57/><E57/><V69/><F69/><W101/><G110/><N who="1" m="41994" /><E88/><N who="0" m="33897" /><D96/><U14/><E9/><V42/><F131/><W119/><G119/><T121/><D121/><U132/><E132/><V107/><F7/><W1/><G1/><T97/><D97/><U84/><E84/><V93/><F93/><W125/><G125/><T122/><D122/><U135/><E135/><V78/><F78/><W62/><G108/><T134/><D134/><U76/><E76/><V35/><F35/><W34/><G34/><T5/><D5/><U123/><E123/><V91/><F91/><W10/><G101/><T118/><D118/><U44/><E98/><V85/><F85/><W95/><G95/><T86/><D86/><U94/><E94/><V25/><F3/><W46/><G100/><T66/><D26/><U29/><E103/><V127/><F127/><W113/><G113/><T133/><D133/><U30/><E24/><V63/><REACH who="2" step="1"/><F0/><REACH who="2" ten="281,168,376,165" step="2"/><W114/><G114/><T92/><D92/><U99/><E99/><V77/><F77/><W70/><G70/><T52/><D22/><U102/><E102/><V38/><F38/><W124/><G124/><T53/><D20/><U71/><E71/><V36/><F36/><W104/><G104/><T15/><D129/><U54/><E27/><V120/><F120/><W4/><G4/><T79/><D79/><U58/><E67/><AGARI ba="0,1" hai="21,25,28,37,42,47,59,63,64,65,67,105,106,107" machi="67" ten="40,1300,0" yaku="1,1,53,0" doraHai="48" doraHaiUra="72" who="2" fromWho="1" sc="281,0,168,-13,376,23,165,0" /><INIT seed="6,0,0,1,0,124" ten="281,155,399,165" oya="2" hai0="63,103,134,50,71,21,78,66,87,108,117,47,96" hai1="75,77,4,64,59,57,113,1,9,135,42,65,114" hai2="81,51,39,128,41,125,35,6,107,38,69,93,26" hai3="53,36,99,91,104,15,116,28,46,61,13,120,131"/><V122/><F128/><W54/><G120/><T14/><D108/><U31/><E135/><V18/><F107/><W123/><G116/><T0/><D0/><U83/><E31/><V11/><F69/><W74/><G123/><T68/><D134/><U89/><E89/><V85/><F125/><W115/><G74/><T30/><D117/><U48/><E57/><V22/><F35/><W55/><G115/><T37/><D37/><U132/><E132/><V60/><F60/><W82/><G28/><T29/><D71/><U111/><E111/><V10/><F10/><W58/><G131/><T19/><D87/><U112/><REACH who="1" step="1"/><E59/><REACH who="1" ten="281,145,399,165" step="2"/><V7/><F122/><W3/><G58/><T62/><D29/><U23/><E23/><V121/><F22/><W119/><G61/><T94/><D30/><U24/><E24/><V79/><F26/><W95/><G119/><T5/><D63/><U106/><E106/><V2/><F121/><W88/><G104/><T20/><D21/><U44/><AGARI ba="0,1" hai="1,4,9,42,44,48,64,65,75,77,83,112,113,114" machi="44" ten="40,5200,0" yaku="1,1,0,1,15,1,53,0" doraHai="124" doraHaiUra="56" who="1" fromWho="1" sc="281,-13,145,62,399,-26,165,-13" /><INIT seed="7,0,0,0,2,35" ten="268,207,373,152" oya="3" hai0="64,5,88,55,91,96,68,104,101,59,81,21,125" hai1="132,18,122,119,123,83,131,112,105,69,127,20,38" hai2="29,52,66,75,34,33,46,12,90,63,47,42,79" hai3="100,49,87,40,9,71,97,61,8,107,43,27,106"/><W82/><G107/><T50/><D125/><U86/><RYUUKYOKU type="yao9" ba="0,0" sc="268,0,207,0,373,0,152,0" hai1="18,20,38,69,83,86,105,112,119,122,123,127,131,132" /><INIT seed="7,1,0,0,3,86" ten="268,207,373,152" oya="3" hai0="24,111,23,38,133,115,87,2,0,46,10,21,19" hai1="102,121,49,50,77,34,76,31,15,74,79,60,107" hai2="70,108,14,106,125,28,32,26,7,55,51,62,89" hai3="57,93,124,13,17,56,33,22,132,112,117,129,53"/><W90/><G117/><T128/><D111/><U92/><E121/><V80/><F108/><W44/><G124/><T119/><D119/><U63/><E107/><V110/><F110/><W95/><G129/><T114/><D128/><U18/><E74/><V43/><F43/><W6/><G132/><T12/><D133/><U123/><E123/><V11/><F125/><W39/><G112/><N who="0" m="43051" /><D46/><U122/><E122/><V5/><F106/><W98/><G33/><T127/><D38/><U54/><E34/><V131/><F131/><W36/><G6/><N who="0" m="3159" /><D87/><U85/><E31/><V135/><F70/><W78/><G78/><T105/><D105/><U66/><E66/><V64/><F64/><W1/><G1/><T27/><D127/><U99/><E85/><N who="2" m="50343" /><F62/><N who="1" m="23593" /><E54/><V68/><F68/><W4/><G4/><T88/><D88/><U116/><E116/><V109/><F109/><W30/><G30/><AGARI ba="1,0" hai="0,2,19,21,23,24,27,30" m="3159,43051" machi="30" ten="30,7700,0" yaku="15,1,11,1,34,2" doraHai="86" who="0" fromWho="3" sc="268,80,207,0,373,0,152,-80" owari="348,14.8,207,-19.3,373,47.3,72,-42.8" /></mjloggm>