<mjloggm ver="2.3"><GO type="169" lobby="0"/><UN n0="%E3%83%8A%E3%82%AB%E3%81%AB%E3%81%97" n1="%E7%91%9E%E5%8E%9F%E3%83%B4%E3%82%A1%E3%82%AE%E3%83%8A" n2="%E8%B6%85%E6%94%BB%E6%92%83%E3%82%A2%E3%83%9E%E3%82%BE%E3%83%8D%E3%82%B9" n3="%E3%82%AB%E3%83%AB%E3%83%94%E3%82%B9%E3%82%B5%E3%83%AF%E3%83%BC" dan="17,16,16,17" rate="2249.05,2064.62,2116.64,2221.82" sx="M,M,F,M"/><TAIKYOKU oya="0"/><INIT seed="0,0,0,3,4,38" ten="250,250,250,250" oya="0" hai0="0,17,50,25,66,113,129,74,116,19,59,91,72" hai1="9,45,90,94,33,134,96,124,22,78,27,26,16" hai2="115,112,3,62,23,77,20,80,128,30,65,70,37" hai3="42,63,29,107,24,47,101,93,108,49,104,36,121"/><T82/><D113/><U11/><E124/><V133/><F133/><W81/><G108/><T114/><D114/><U83/><E134/><V84/><F128/><W102/><G121/><T73/><D116/><U14/><E45/><V126/><F126/><W52/><G63/><T67/><D0/><U48/><E48/><V57/><F37/><W97/><G81/><T125/><D125/><U110/><E110/><V135/><F135/><W32/><REACH who="3" step="1"/><G101/><REACH who="3" ten="250,250,250,240" step="2"/><T122/><D122/><U61/><E61/><V60/><F115/><W87/><G87/><T43/><D129/><U13/><E33/><V118/><F112/><W39/><G39/><T111/><D111/><U99/><E99/><V68/><F118/><W7/><G7/><T34/><D73/><U15/><REACH who="1" step="1"/><E27/><REACH who="1" ten="250,240,250,240" step="2"/><V100/><F62/><W56/><AGARI ba="0,2" hai="24,29,32,36,42,47,49,52,56,93,97,102,104,107" machi="56" ten="20,8000,1" yaku="1,1,0,1,7,1,52,1,54,1,53,0" doraHai="38" doraHaiUra="1" who="3" fromWho="3" sc="250,-40,240,-20,250,-20,240,100" /><INIT seed="1,0,0,3,3,4" ten="210,220,230,340" oya="1" hai0="102,27,81,3,131,82,41,68,108,100,99,129,77" hai1="121,75,125,28,67,78,59,36,111,105,76,44,109" hai2="61,32,98,122,114,23,86,60,95,116,9,96,115" hai3="113,88,84,104,58,46,57,52,45,107,13,110,74"/><U43/><E121/><V103/><F122/><W72/><G113/><N who="2" m="43017" /><F32/><W48/><G110/><N who="1" m="41994" /><E125/><V24/><F116/><W22/><G58/><T120/><D108/><U134/><E134/><V1/><F86/><W92/><G72/><T6/><D68/><U5/><E105/><N who="3" m="40522" /><G74/><T135/><D135/><U14/><E75/><V119/><F98/><W29/><G29/><T123/><D99/><U80/><E28/><N who="2" m="17439" /><F119/><W40/><G40/><T53/><D41/><U94/><E94/><V34/><F34/><W0/><G0/><T56/><D3/><U126/><E80/><V65/><F65/><W106/><G106/><T79/><D82/><U37/><E37/><V117/><F117/><W90/><G90/><T30/><D81/><U16/><E5/><AGARI ba="0,0" hai="1,5,9,60,61,95,96,103" m="17439,43017" machi="5" ten="30,2000,0" yaku="11,1,52,1" doraHai="4" who="2" fromWho="1" sc="210,0,220,-20,230,20,340,0" /><INIT seed="2,0,0,5,4,66" ten="210,200,250,340" oya="2" hai0="90,99,76,129,36,103,82,55,63,130,59,34,11" hai1="41,81,50,62,127,15,120,133,79,131,91,100,111" hai2="80,30,24,31,94,18,57,5,113,109,67,105,110" hai3="61,14,125,17,116,37,108,33,97,56,28,78,7"/><V60/><F105/><W70/><G116/><T9/><D34/><U71/><E111/><N who="2" m="42507" /><F113/><W134/><G108/><T74/><D36/><U4/><E100/><V23/><F5/><W47/><G125/><T112/><D112/><U132/><E127/><V54/><F80/><W122/><G122/><T65/><D90/><U75/><E120/><V42/><F42/><W77/><G134/><T12/><D55/><U95/><E131/><N who="0" m="50185" /><D12/><U51/><E15/><V69/><F94/><AGARI ba="0,0" hai="9,11,59,63,65,74,76,82,94,99,103" m="50185" machi="94" ten="30,1000,0" yaku="19,1" doraHai="66" who="0" fromWho="2" sc="210,10,200,0,250,-10,340,0" /><INIT seed="3,0,0,3,0,4" ten="220,200,240,340" oya="3" hai0="102,100,22,85,41,124,99,15,60,9,31,108,119" hai1="105,130,46,57,73,32,34,75,45,29,27,7,63" hai2="16,92,69,13,95,0,49,110,96,65,64,50,55" hai3="62,71,97,72,17,112,38,24,20,59,53,79,89"/><W115/><G38/><T87/><D119/><U51/><E105/><V6/><F110/><W28/><G71/><T35/><D35/><U132/><E34/><V120/><F120/><W74/><G28/><T61/><D108/><U123/><E123/><V5/><F0/><W103/><G103/><N who="0" m="39467" /><D99/><U47/><E130/><V127/><F127/><W135/><G135/><T107/><D41/><U86/><E132/><V98/><F69/><W48/><G48/><N who="2" m="18537" /><F55/><W104/><G104/><T80/><D107/><U36/><E36/><V40/><F40/><W128/><G128/><T33/><D33/><U122/><E51/><V58/><F58/><W118/><G118/><T42/><D124/><U12/><E86/><N who="0" m="32777" /><D80/><U121/><E121/><V91/><F5/><W109/><G109/><T1/><D1/><U134/><E134/><V56/><F6/><W43/><G43/><T101/><D101/><U70/><E70/><V114/><F56/><W84/><G84/><T117/><D117/><U94/><E94/><V52/><F95/><N who="3" m="56559" /><G74/><T81/><D81/><AGARI ba="0,0" hai="17,20,24,53,59,62,72,79,81,112,115" m="56559" machi="81" ten="30,1500,0" yaku="25,1" doraHai="4" who="3" fromWho="0" sc="220,-15,200,0,240,0,340,15" /><INIT seed="3,1,0,0,2,0" ten="205,200,240,355" oya="3" hai0="74,100,20,19,27,87,25,71,114,67,132,75,37" hai1="21,60,119,115,76,2,111,16,31,39,35,129,101" hai2="94,107,55,17,1,99,64,62,4,57,106,97,24" hai3="12,121,69,109,84,134,43,125,53,116,13,96,56"/><W79/><G116/><T51/><D37/><U90/><E115/><V108/><F108/><W89/><G121/><T88/><D114/><U81/><E111/><V44/><F99/><W5/><G69/><T102/><D132/><U78/><E2/><V22/><F44/><W66/><G109/><T92/><D71/><U41/><E119/><V23/><F23/><W110/><G110/><T112/><D67/><U61/><E101/><V52/><F55/><W9/><G125/><T103/><D112/><U28/><E39/><V73/><F73/><W68/><G134/><T58/><REACH who="0" step="1"/><D27/><REACH who="0" ten="195,200,240,355" step="2"/><U133/><E133/><V85/><F64/><W15/><G68/><T93/><D93/><U135/><E135/><V127/><F127/><W105/><G66/><T26/><D26/><U11/><E129/><V130/><F130/><W38/><G38/><T118/><D118/><U49/><E35/><V117/><F117/><W126/><G126/><T10/><D10/><U83/><E11/><V122/><F122/><W59/><G9/><T3/><D3/><U47/><E21/><V36/><F36/><W63/><G13/><T8/><D8/><U7/><E31/><V50/><F106/><W32/><G105/><T120/><D120/><U6/><E28/><V104/><F107/><W98/><G32/><T45/><D45/><U95/><E47/><V113/><F104/><W131/><G131/><T40/><D40/><U124/><E41/><V18/><F113/><W70/><G43/><T29/><D29/><U30/><E30/><V34/><F34/><W86/><G70/><T54/><AGARI ba="1,1" hai="19,20,25,51,54,58,74,75,87,88,92,100,102,103" machi="54" ten="30,7900,0" yaku="1,1,5,1,0,1,54,1,53,0" doraHai="0" doraHaiUra="33" who="0" fromWho="0" sc="195,92,200,-21,240,-21,355,-40" /><INIT seed="4,0,0,3,0,109" ten="287,179,219,315" oya="0" hai0="113,58,90,83,120,123,6,67,7,43,86,94,129" hai1="101,39,128,15,98,11,1,16,81,99,125,40,121" hai2="12,112,38,63,13,106,65,19,46,124,135,80,42" hai3="110,54,77,44,2,21,28,115,53,78,41,25,24"/><T57/><D129/><U122/><E128/><V95/><F106/><W73/><G110/><T96/><D123/><U134/><E125/><V111/><F124/><W18/><G2/><T3/><D120/><U133/><E99/><V8/><F111/><W108/><G108/><T100/><D3/><U69/><E69/><V52/><F135/><N who="1" m="51721" /><E1/><V56/><F112/><W70/><G70/><T30/><D113/><U26/><E26/><V36/><F80/><W50/><G115/><T131/><D131/><U88/><E40/><V37/><F95/><W22/><REACH who="3" step="1"/><G73/><REACH who="3" ten="287,179,219,305" step="2"/><T49/><D30/><U62/><E122/><V91/><F91/><W9/><G9/><T47/><REACH who="0" step="1"/><D67/><REACH who="0" ten="277,179,219,305" step="2"/><U20/><E121/><V34/><F65/><W84/><G84/><T104/><D104/><U102/><E98/><V92/><F34/><W35/><G35/><T82/><D82/><U10/><E81/><V107/><F107/><W103/><G103/><T31/><D31/><U0/><E102/><V55/><F92/><W68/><G68/><T71/><D71/><U127/><E101/><V126/><F126/><W79/><AGARI ba="0,2" hai="18,21,22,24,25,28,41,44,50,53,54,77,78,79" machi="79" ten="30,4000,0" yaku="1,1,0,1,8,1,53,0" doraHai="109" doraHaiUra="60" who="3" fromWho="3" sc="277,-20,179,-10,219,-10,305,60" /><INIT seed="5,0,0,1,5,109" ten="257,169,209,365" oya="1" hai0="53,108,54,102,18,35,6,48,110,44,106,120,129" hai1="98,118,79,93,30,134,5,131,17,85,69,119,28" hai2="60,111,117,22,37,3,43,112,59,123,23,130,99" hai3="46,76,83,29,86,80,8,7,68,12,51,126,82"/><U64/><E131/><V32/><F32/><W24/><G126/><T0/><D35/><U96/><E134/><V49/><F111/><W21/><REACH who="3" step="1"/><G68/><REACH who="3" ten="257,169,209,355" step="2"/><T73/><D110/><U45/><E119/><V135/><F117/><W113/><G113/><T20/><D108/><U34/><E118/><V128/><F112/><W65/><G65/><T127/><D127/><U89/><E69/><V33/><F130/><W63/><G63/><T67/><D67/><U114/><E64/><V25/><F60/><W121/><G121/><T39/><D120/><U78/><E114/><V58/><F123/><W97/><G97/><T107/><D129/><U90/><E98/><V116/><F99/><W57/><G57/><T42/><D107/><U36/><E96/><V100/><F58/><W50/><G50/><T26/><D106/><U74/><E45/><V41/><F49/><W101/><G101/><T38/><D102/><U88/><E36/><V81/><F59/><W133/><G133/><T47/><D39/><U56/><E56/><V4/><F100/><W55/><AGARI ba="0,1" hai="7,8,12,21,24,29,46,51,55,76,80,82,83,86" machi="55" ten="20,5200,0" yaku="1,1,0,1,7,1,8,1,53,0" doraHai="109" doraHaiUra="13" who="3" fromWho="3" sc="257,-13,169,-26,209,-13,355,62" /><INIT seed="6,0,0,5,0,29" ten="244,143,196,417" oya="2" hai0="5,65,93,11,75,6,100,90,114,10,37,57,80" hai1="8,62,12,87,26,133,2,86,108,44,120,54,107" hai2="70,42,18,1,40,13,109,84,111,41,106,7,96" hai3="16,23,94,61,25,14,15,33,129,24,69,27,85"/><V47/><F70/><W4/><G129/><T52/><D37/><U48/><E108/><N who="2" m="41547" /><F1/><W95/><G33/><T123/><D123/><U36/><E133/><V64/><F64/><W134/><G134/><T58/><D114/><U20/><E120/><V131/><F7/><N who="0" m="2570" /><D75/><U91/><E2/><V88/><F131/><W34/><G34/><T124/><D100/><U19/><E107/><V49/><F96/><W9/><G69/><T105/><D80/><U122/><E122/><V118/><F106/><W35/><G35/><T56/><D124/><U79/><E36/><V51/><F118/><W102/><G102/><T101/><D101/><U113/><E113/><V127/><F49/><W99/><G99/><N who="0" m="57783" /><D105/><U71/><E71/><V98/><F98/><W63/><G94/><T83/><D83/><U89/><E62/><V39/><F39/><W135/><G135/><T77/><D65/><U121/><E121/><V43/><F127/><W45/><G45/><T50/><D77/><U60/><E60/><V0/><F0/><W126/><G126/><T104/><D104/><U72/><E72/><V128/><F128/><W38/><G38/><T22/><D22/><U17/><REACH who="1" step="1"/><E79/><REACH who="1" ten="244,133,196,417" step="2"/><V28/><F51/><W53/><G63/><T115/><D115/><U132/><E132/><V74/><F74/><W125/><G125/><T92/><D50/><U66/><E66/><V55/><F41/><W82/><G61/><T3/><D3/><U116/><E116/><V68/><F68/><W97/><G53/><T78/><D78/><U117/><E117/><V119/><F55/><W46/><G97/><RYUUKYOKU ba="0,1" sc="244,-10,133,30,196,-10,417,-10" hai1="8,12,17,19,20,26,44,48,54,86,87,89,91" /><INIT seed="7,1,1,1,4,72" ten="234,163,186,407" oya="3" hai0="31,123,46,21,8,110,93,62,117,28,47,54,11" hai1="131,42,104,2,96,59,118,63,98,128,48,126,14" hai2="25,127,81,114,112,122,105,125,56,83,6,133,74" hai3="53,33,30,65,101,29,58,73,89,55,88,115,60"/><W0/><G73/><T102/><D123/><U26/><E2/><V87/><F6/><W84/><G0/><T99/><D117/><U39/><E39/><V132/><F56/><W1/><G1/><T57/><D110/><U80/><E118/><V135/><F25/><W66/><G115/><N who="2" m="44073" /><F122/><W111/><G101/><T35/><D35/><U77/><E126/><N who="2" m="48139" /><F105/><W51/><G58/><T4/><D4/><U41/><E104/><V94/><F74/><W82/><G65/><T9/><D28/><U24/><E14/><V103/><F103/><W22/><G66/><T92/><D31/><U91/><E26/><V61/><F61/><W34/><G60/><T64/><D64/><N who="1" m="39039" /><E24/><V76/><F83/><W95/><G82/><T40/><D46/><N who="1" m="25679" /><E42/><V37/><F94/><W106/><G95/><T107/><D92/><U119/><E119/><V97/><F97/><W85/><G106/><T45/><D107/><U52/><E52/><V124/><F124/><W36/><G53/><T18/><D40/><U70/><E70/><V50/><F50/><W116/><G51/><T78/><D93/><N who="1" m="56383" /><E98/><V20/><F20/><W7/><G22/><T32/><D21/><U86/><E131/><V134/><F134/><W16/><G116/><T109/><D99/><U90/><E128/><V71/><F71/><W67/><G55/><T15/><D54/><U69/><E69/><V38/><AGARI ba="1,1" hai="37,38,76,81,87,132,133,135" m="48139,44073" machi="38" ten="40,8000,1" yaku="20,1,15,1,18,1,52,1" doraHai="72" who="2" fromWho="2" sc="234,-21,163,-21,186,93,407,-41" owari="213,-18.7,142,-35.8,279,7.9,366,46.6" /></mjloggm>