<mjloggm ver="2.3"><GO type="169" lobby="0"/><UN n0="%43%68%61%72%6F%2E" n1="%E7%B8%A6%E9%B3%A5%E5%8D%83%E6%B3%A2" n2="%E6%B2%B3%E7%AB%A5%E3%81%AE%E3%83%AF%E3%82%AB%E3%83%9E%E3%83%84" n3="%E3%81%95%E3%81%8B%E3%81%8D" dan="17,16,17,16" rate="2187.84,2151.28,2171.75,2126.34" sx="M,F,M,M"/><TAIKYOKU oya="0"/><INIT seed="0,0,0,5,0,34" ten="250,250,250,250" oya="0" hai0="6,39,111,47,10,54,88,71,1,63,27,35,49" hai1="38,95,100,83,76,55,89,81,53,112,28,116,115" hai2="134,103,72,17,25,42,123,131,8,99,135,105,118" hai3="31,75,64,67,86,46,132,22,129,12,3,52,48"/><T78/><D111/><U130/><E38/><V128/><F123/><W66/><G75/><T62/><D78/><U74/><E28/><V85/><F72/><W102/><G129/><N who="2" m="49737" /><F118/><W121/><G121/><T19/><D71/><U92/><E116/><V24/><F42/><W16/><G132/><N who="2" m="50729" /><F85/><W41/><G3/><T70/><D70/><U2/><E2/><V13/><AGARI ba="0,0" hai="8,13,17,24,25,99,103,105" m="50729,49737" machi="13" ten="40,2700,0" yaku="19,1,20,1" doraHai="34" who="2" fromWho="2" sc="250,-13,250,-7,250,27,250,-7" /><INIT seed="1,0,0,5,4,116" ten="237,243,277,243" oya="1" hai0="105,82,56,43,13,123,124,16,110,68,12,44,109" hai1="42,3,77,134,108,58,35,6,94,45,50,55,99" hai2="59,100,85,102,62,39,133,74,15,33,52,119,48" hai3="66,132,4,38,104,101,118,21,14,0,28,113,32"/><U31/><E134/><V84/><F119/><W69/><G38/><T73/><D68/><U22/><E35/><V89/><F39/><W64/><G118/><T78/><D105/><U25/><E108/><N who="0" m="41577" /><D124/><U23/><E77/><V117/><F74/><W80/><G113/><T114/><D114/><U27/><E3/><V106/><F117/><W67/><G132/><T53/><D12/><U86/><E86/><V131/><F133/><W95/><G104/><T125/><D125/><U135/><E6/><V96/><F33/><W75/><G0/><T72/><D72/><U111/><E111/><V130/><F102/><W76/><G32/><T112/><D112/><U79/><E79/><V63/><F15/><W92/><G69/><T47/><D43/><U90/><E135/><V127/><F85/><W81/><G81/><T97/><D97/><U40/><REACH who="1" step="1"/><E45/><REACH who="1" ten="237,233,277,243" step="2"/><V1/><F1/><W71/><G4/><T49/><D123/><U11/><E11/><AGARI ba="0,1" hai="11,13,16,44,47,49,53,56,73,78,82" m="41577" machi="11" ten="30,2000,0" yaku="14,1,54,1" doraHai="116" who="0" fromWho="1" sc="237,30,233,-20,277,0,243,0" /><INIT seed="2,0,0,4,3,55" ten="267,213,277,243" oya="2" hai0="38,69,41,47,60,9,62,35,90,31,96,92,78" hai1="130,8,102,3,5,44,33,48,13,49,111,46,26" hai2="112,98,73,77,65,108,12,123,76,75,52,63,86" hai3="95,18,121,24,14,84,56,124,105,50,85,74,100"/><V79/><F112/><W133/><G121/><T113/><D113/><U29/><E111/><V66/><F123/><W27/><G74/><T21/><D35/><U93/><E130/><V59/><F108/><W45/><G105/><T36/><D36/><U10/><E102/><V87/><F75/><W16/><G124/><T23/><D78/><U99/><E46/><V1/><F1/><W25/><G133/><T97/><D97/><U67/><E67/><N who="2" m="25611" /><F73/><W94/><G56/><T32/><D32/><U7/><REACH who="1" step="1"/><E44/><REACH who="1" ten="267,203,277,243" step="2"/><V54/><F54/><W122/><G122/><T125/><D47/><U15/><E15/><V117/><F117/><W109/><G109/><T104/><D69/><U61/><E61/><V128/><F128/><W127/><G127/><T17/><D60/><U83/><E83/><V135/><F135/><W115/><G115/><T30/><D62/><U103/><AGARI ba="0,1" hai="3,5,7,8,10,13,26,29,33,48,49,93,99,103" machi="103" ten="20,2700,0" yaku="1,1,0,1,7,1,53,0" doraHai="55" doraHaiUra="68" who="1" fromWho="1" sc="267,-7,203,37,277,-13,243,-7" /><INIT seed="3,0,0,0,2,73" ten="260,240,264,236" oya="3" hai0="129,32,56,83,52,71,24,107,93,60,0,119,9" hai1="103,7,1,14,51,128,58,130,127,74,125,27,82" hai2="25,57,79,15,115,96,44,117,63,12,49,102,85" hai3="22,18,87,122,21,88,95,92,59,100,62,132,135"/><W134/><G122/><T47/><D107/><U91/><E103/><V76/><F117/><W116/><G116/><T77/><D119/><U90/><E58/><V131/><F115/><W16/><G100/><T84/><D129/><N who="1" m="49771" /><E51/><V86/><F25/><W6/><G6/><T37/><D71/><U50/><E50/><V34/><F34/><W69/><G69/><T114/><D114/><U46/><E46/><V109/><F109/><W10/><G95/><T111/><D111/><U89/><E1/><V8/><F131/><W68/><G68/><T97/><D0/><U98/><E27/><V26/><F26/><W28/><G28/><T40/><D9/><N who="1" m="4415" /><E98/><V35/><F12/><N who="3" m="7191" /><G18/><T54/><D24/><U39/><E39/><V55/><F35/><W112/><G112/><T53/><REACH who="0" step="1"/><D32/><REACH who="0" ten="250,240,264,236" step="2"/><U121/><E121/><V36/><F8/><W41/><G41/><T94/><D94/><U108/><E108/><V99/><F15/><W124/><G124/><T42/><D42/><U45/><E127/><V20/><F20/><W81/><G92/><T106/><D106/><U105/><E105/><V31/><F31/><W4/><G4/><T3/><D3/><U70/><E70/><V38/><F102/><AGARI ba="0,1" hai="37,40,47,52,53,54,56,60,77,83,84,93,97,102" machi="102" ten="30,7700,0" yaku="1,1,7,1,52,1,54,1,53,0" doraHai="73" doraHaiUra="110" who="0" fromWho="2" sc="250,87,240,0,264,-77,236,0" /><INIT seed="4,0,0,3,0,92" ten="337,240,187,236" oya="0" hai0="94,24,65,118,20,135,49,14,32,58,122,100,37" hai1="61,63,34,83,73,41,117,26,54,13,111,115,21" hai2="64,104,109,4,82,11,55,116,123,77,90,10,91" hai3="45,68,51,23,110,6,47,56,97,38,17,8,133"/><T70/><D122/><U127/><E117/><V119/><F123/><W69/><G110/><T129/><D37/><U79/><E111/><V134/><F109/><W15/><G133/><T66/><D32/><U80/><E127/><V35/><F35/><W71/><G38/><T107/><D107/><U46/><E115/><V103/><F64/><W86/><G86/><T113/><D70/><U22/><E80/><V112/><F55/><W106/><G56/><T43/><D129/><U31/><E54/><V124/><F10/><W28/><G28/><T12/><D113/><U99/><E13/><N who="0" m="5225" /><D135/><U29/><E99/><N who="2" m="61567" /><F134/><W62/><G62/><T18/><D118/><N who="2" m="45098" /><F112/><W39/><G39/><T89/><D100/><U93/><E93/><V27/><F27/><W72/><G72/><T121/><D121/><U19/><E19/><V85/><F124/><W98/><G106/><T120/><D120/><U60/><REACH who="1" step="1"/><E31/><REACH who="1" ten="337,230,187,236" step="2"/><V3/><AGARI ba="0,1" hai="3,4,11,77,82,85,90,91" m="45098,61567" machi="3" ten="30,2000,0" yaku="12,1,52,1" doraHai="92" who="2" fromWho="2" sc="337,-10,230,-5,187,30,236,-5" /><INIT seed="5,0,0,0,3,103" ten="327,225,217,231" oya="1" hai0="91,77,38,22,105,122,89,120,99,115,119,5,129" hai1="131,102,34,76,36,58,134,27,39,108,80,35,71" hai2="31,33,97,26,7,15,8,59,60,79,68,110,4" hai3="10,18,63,81,48,107,116,118,32,0,123,84,13"/><U41/><E71/><V133/><F110/><W73/><G123/><N who="0" m="47147" /><D5/><U17/><E131/><V45/><F133/><W67/><G32/><T66/><D66/><U25/><E134/><V93/><F79/><W65/><G0/><T64/><D38/><U28/><E108/><V135/><F135/><W98/><G73/><T20/><D119/><N who="3" m="45609" /><G48/><T104/><D129/><U44/><E58/><V100/><F68/><W49/><G49/><T55/><D115/><U72/><E102/><V46/><REACH who="2" step="1"/><F4/><REACH who="2" ten="327,225,207,231" step="2"/><W42/><G67/><AGARI ba="0,1" hai="7,8,15,26,31,33,45,46,59,60,67,93,97,100" machi="67" ten="30,7700,0" yaku="1,1,2,1,7,1,53,1" doraHai="103" doraHaiUra="6" who="2" fromWho="3" sc="327,0,225,0,207,87,231,-77" /><INIT seed="6,0,0,2,2,51" ten="327,225,294,154" oya="2" hai0="97,3,13,93,71,133,121,66,41,117,91,53,61" hai1="30,39,105,116,83,110,120,68,46,64,102,0,76" hai2="58,2,54,87,9,111,4,77,100,12,27,70,107" hai3="96,1,74,99,92,52,69,7,42,6,48,126,82"/><V118/><F118/><W134/><G69/><T8/><D121/><U59/><E116/><V127/><F70/><W19/><G126/><T81/><D133/><U104/><E110/><V63/><F127/><W84/><G134/><T37/><D3/><U123/><E59/><V15/><F111/><W98/><G74/><T109/><D109/><U36/><E30/><V35/><F35/><W55/><G92/><T114/><D114/><U31/><E31/><V21/><F100/><W67/><G67/><T24/><D117/><U23/><E23/><V20/><F107/><N who="1" m="41033" /><E102/><V73/><F73/><W130/><G130/><T108/><D24/><U57/><E57/><V101/><F101/><W85/><G19/><T95/><D108/><U47/><E47/><V89/><F77/><N who="3" m="46159" /><G85/><T79/><D41/><N who="1" m="22823" /><E39/><V25/><F20/><W11/><G1/><T112/><D93/><U18/><E18/><N who="2" m="10439" /><F2/><W50/><G42/><T34/><D34/><U65/><E0/><V40/><F40/><W14/><G6/><T129/><D37/><U44/><E44/><V122/><F122/><N who="1" m="46633" /><E68/><V94/><AGARI ba="0,0" hai="4,9,15,25,27,54,58,63,87,89,94" m="10439" machi="94" ten="30,3000,0" yaku="8,1,52,1" doraHai="51" who="2" fromWho="2" sc="327,-10,225,-10,294,30,154,-10" /><INIT seed="6,1,0,2,2,116" ten="317,215,324,144" oya="2" hai0="68,98,5,87,25,110,44,34,99,77,103,125,96" hai1="7,28,119,62,117,66,53,37,24,18,10,124,63" hai2="27,113,134,21,4,26,83,58,2,88,131,121,3" hai3="105,46,70,8,78,75,122,56,48,9,89,127,91"/><V107/><F107/><W61/><G127/><T23/><D110/><U120/><E124/><V60/><F121/><W54/><G105/><T57/><D68/><U45/><E120/><V22/><F113/><W36/><G122/><T50/><D34/><U126/><E126/><V84/><F131/><W39/><G78/><T93/><D5/><U11/><E18/><V94/><F134/><W81/><G75/><T79/><D57/><U15/><E11/><V6/><F2/><W90/><G81/><N who="0" m="47535" /><D79/><U69/><E63/><V111/><F111/><W52/><REACH who="3" step="1"/><G70/><REACH who="3" ten="317,215,324,134" step="2"/><T32/><D125/><U106/><E106/><V33/><F83/><W43/><G43/><N who="0" m="24863" /><D32/><U13/><E117/><V59/><F33/><W55/><G55/><T92/><D92/><U130/><E119/><V41/><F41/><W109/><G109/><T128/><D128/><U86/><E130/><V129/><F129/><W133/><G133/><T1/><D1/><U20/><E53/><N who="2" m="33871" /><F3/><W82/><G82/><T71/><D71/><U49/><E69/><V100/><F94/><W135/><G135/><T14/><D14/><U76/><E15/><V74/><F74/><W31/><G31/><AGARI ba="1,1" hai="23,25,31,93,96,98,99,103" m="24863,47535" machi="31" ten="30,1000,0" yaku="8,1" doraHai="116" who="0" fromWho="3" sc="317,23,215,0,324,0,134,-13" /><INIT seed="7,0,0,1,1,53" ten="340,215,324,121" oya="3" hai0="28,109,130,85,37,121,57,103,39,77,131,86,31" hai1="128,52,119,17,134,118,48,90,81,95,20,129,98" hai2="36,67,54,16,115,116,83,114,8,44,66,18,9" hai3="24,33,133,25,43,22,49,88,40,56,26,5,10"/><W13/><G133/><T72/><D109/><U135/><E17/><N who="2" m="6763" /><F116/><N who="1" m="44585" /><E20/><V84/><F36/><N who="0" m="13898" /><D121/><U108/><E108/><V80/><F114/><W6/><G33/><T92/><D57/><N who="1" m="32903" /><E81/><N who="2" m="31307" /><F84/><N who="0" m="32362" /><D77/><U105/><E105/><V30/><F30/><N who="3" m="17687" /><G5/><T101/><D72/><U62/><E62/><V87/><F87/><W27/><G88/><T89/><D89/><U38/><E38/><V12/><F115/><W4/><G4/><T64/><D64/><N who="2" m="24618" /><F12/><W19/><G6/><T11/><D11/><U123/><E123/><V29/><F29/><N who="0" m="11338" /><D92/><U32/><E32/><V127/><F127/><W41/><G49/><AGARI ba="0,0" hai="8,9,44,49,54" m="24618,31307,6763" machi="49" ten="30,2000,0" yaku="8,1,54,1" doraHai="53" who="2" fromWho="3" sc="340,0,215,0,324,20,121,-20" owari="340,14.0,215,-18.5,344,44.4,101,-39.9" /></mjloggm>