<mjloggm ver="2.3"><GO type="169" lobby="0"/><UN n0="%E3%82%A8%E3%83%AB%E3%82%B2%E3%83%AB%E3%83%BC%E3%82%B8" n1="%31%74%61" n2="%E3%81%AF%E3%81%AA%E3%81%B3%E3%81%AA%E3%81%B3" n3="%E3%83%94%E3%83%B3%E3%82%B5%E3%83%AD%E5%BA%97%E5%93%A1" dan="16,17,17,17" rate="2153.02,2234.95,2143.04,2221.94" sx="M,M,M,M"/><TAIKYOKU oya="0"/><INIT seed="0,0,0,0,3,109" ten="250,250,250,250" oya="0" hai0="101,3,123,58,86,114,59,128,5,21,110,39,61" hai1="88,50,94,127,125,19,103,107,35,92,104,68,9" hai2="73,28,7,14,81,77,118,130,132,102,33,95,25" hai3="44,83,91,122,106,15,12,79,51,80,84,36,1"/><T115/><D123/><U121/><E68/><V62/><F132/><W56/><G1/><T65/><D39/><U13/><E35/><V72/><F72/><W70/><G70/><T74/><D74/><U11/><E121/><V76/><F76/><W71/><G71/><T37/><D37/><U34/><E34/><V27/><F130/><W117/><G117/><T49/><D128/><U18/><E50/><V8/><F118/><W10/><G106/><T23/><D101/><U29/><E29/><V2/><F27/><W40/><G122/><T67/><D110/><U43/><E43/><V78/><F78/><W66/><G36/><T87/><D49/><U55/><E55/><V38/><F62/><W69/><G69/><T135/><D61/><U31/><E31/><V133/><F133/><W64/><G56/><T116/><D116/><U134/><E134/><V42/><F42/><W22/><G22/><T113/><D135/><U46/><E46/><V90/><F102/><W63/><G15/><T53/><D53/><U111/><E111/><V126/><F38/><W45/><G45/><T93/><D5/><U4/><E103/><V98/><REACH who="2" step="1"/><F126/><REACH who="2" ten="250,250,240,250" step="2"/><W119/><G63/><T30/><D30/><U20/><E127/><V85/><F85/><N who="0" m="32266" /><D3/><AGARI ba="0,1" hai="2,3,7,8,14,25,28,33,73,77,81,90,95,98" machi="3" ten="40,2600,0" yaku="1,1,53,1" doraHai="109" doraHaiUra="105" who="2" fromWho="0" sc="250,-26,250,0,240,36,250,0" /><INIT seed="1,0,0,0,4,43" ten="224,250,276,250" oya="1" hai0="75,82,17,99,32,107,105,19,53,40,100,24,65" hai1="50,132,73,97,109,2,83,110,74,37,84,125,4" hai2="54,41,98,1,89,49,115,6,15,22,26,68,30" hai3="61,124,46,9,34,129,36,28,96,78,121,104,114"/><U122/><E122/><V7/><F68/><W66/><G121/><T112/><D112/><U133/><E37/><V52/><F115/><W72/><G114/><T134/><D134/><N who="1" m="51819" /><E50/><V80/><F1/><W93/><G129/><T13/><D107/><U70/><E70/><V108/><F108/><N who="1" m="41577" /><E125/><V27/><F27/><W67/><G104/><T79/><D65/><U81/><E97/><V10/><F7/><W92/><G124/><T64/><D64/><U3/><E4/><V90/><F98/><W113/><G113/><T5/><D5/><U101/><E101/><V76/><F41/><W135/><G135/><T60/><D99/><U88/><E81/><V21/><F54/><W42/><G66/><T106/><D100/><U95/><E83/><V29/><F29/><W8/><G93/><T56/><D106/><U35/><E35/><V94/><F94/><W126/><G126/><T57/><D105/><U51/><E51/><V48/><F49/><W38/><G38/><T11/><D32/><U111/><N who="1" m="41585" /><U77/><DORA hai="128" /><E77/><V131/><F131/><W45/><G28/><T103/><D103/><U12/><E12/><V117/><F80/><N who="3" m="45127" /><G34/><T130/><D130/><U86/><E86/><V14/><F76/><W127/><G127/><T123/><D123/><U55/><E55/><V120/><F52/><W119/><G96/><T62/><D40/><U23/><E23/><V69/><F22/><W85/><G42/><T0/><D82/><U118/><E118/><V116/><F117/><W87/><G119/><T102/><D79/><U91/><E91/><V16/><F120/><RYUUKYOKU ba="0,0" sc="224,-10,250,30,276,-10,250,-10" hai1="2,3,73,74,84,88,95" /><INIT seed="1,1,0,0,0,34" ten="214,280,266,240" oya="1" hai0="110,70,72,30,39,24,80,46,116,23,37,106,104" hai1="56,15,127,113,101,2,26,89,115,42,69,29,36" hai2="92,61,108,93,86,111,107,123,6,51,74,75,94" hai3="102,81,66,122,32,67,21,87,28,49,60,14,10"/><U53/><E69/><V20/><F51/><W118/><G122/><T82/><D116/><U4/><E127/><V128/><F61/><W63/><G32/><N who="0" m="20551" /><D82/><U124/><E124/><V1/><F20/><W62/><G118/><T132/><D23/><U43/><E101/><V12/><F12/><W7/><G102/><T73/><D110/><N who="2" m="42026" /><F123/><W135/><G135/><T83/><D83/><U85/><E15/><V130/><F107/><N who="0" m="41002" /><D132/><U103/><E103/><V78/><F1/><W35/><G35/><T95/><D95/><U17/><E17/><V97/><F6/><W48/><G28/><T64/><D46/><U96/><E4/><V3/><F3/><W84/><G21/><T100/><D100/><U79/><E2/><V126/><F97/><W77/><REACH who="3" step="1"/><G87/><REACH who="3" ten="214,280,266,230" step="2"/><T55/><D72/><N who="2" m="27690" /><F126/><W120/><G120/><T65/><D73/><U0/><E29/><V31/><F31/><W76/><G76/><T19/><D37/><U58/><E79/><V11/><F11/><W22/><G22/><T119/><D39/><U117/><E36/><V52/><F78/><W71/><G71/><T54/><D70/><U38/><E38/><V91/><F86/><W88/><G88/><T33/><D33/><U121/><E89/><V9/><F9/><W98/><G98/><T114/><D119/><U133/><E85/><V27/><F91/><W112/><G112/><T109/><D114/><U90/><E113/><V50/><F27/><W41/><G41/><T13/><D109/><U40/><E115/><V57/><AGARI ba="1,1" hai="50,52,57,92,93,94,128,130" m="27690,42026" machi="57" ten="40,2700,0" yaku="14,1,54,1" doraHai="34" who="2" fromWho="2" sc="214,-8,280,-14,266,40,230,-8" /><INIT seed="2,0,0,0,3,44" ten="206,266,306,222" oya="2" hai0="5,94,47,12,34,127,97,71,33,135,9,28,125" hai1="81,80,62,23,4,91,46,53,19,79,73,130,31" hai2="11,103,2,35,104,66,98,36,100,56,50,128,119" hai3="74,40,120,63,116,106,21,48,70,102,65,6,124"/><V114/><F114/><W54/><G116/><T69/><D135/><U41/><E130/><V83/><F119/><W92/><G120/><T57/><D57/><U3/><E31/><V90/><F36/><W110/><G74/><T122/><D122/><U132/><E132/><V123/><F123/><W108/><G106/><T95/><D95/><U82/><E91/><V49/><F35/><W8/><G40/><T112/><D112/><U96/><E96/><V25/><F128/><W93/><G21/><T30/><D47/><U129/><E129/><V109/><F109/><N who="3" m="42091" /><G124/><N who="0" m="47691" /><D30/><U89/><E89/><V0/><F0/><N who="3" m="71" /><G102/><N who="0" m="60727" /><D28/><U42/><E42/><V26/><F103/><W29/><G29/><T10/><D9/><U27/><E3/><V43/><F11/><W17/><G17/><T134/><D134/><U51/><REACH who="1" step="1"/><E4/><REACH who="1" ten="206,256,306,222" step="2"/><V14/><F2/><W45/><AGARI ba="0,1" hai="45,48,54,63,65,70,92,93" m="71,42091" machi="45" ten="30,2000,0" yaku="14,1,52,1" doraHai="44" who="3" fromWho="3" sc="206,-5,256,-5,306,-10,222,30" /><INIT seed="3,0,0,0,3,5" ten="201,251,296,252" oya="3" hai0="82,2,41,71,74,32,46,119,58,110,80,14,47" hai1="33,22,117,52,28,108,115,50,64,56,63,134,87" hai2="90,98,107,127,62,1,97,133,100,106,77,0,25" hai3="101,86,94,36,26,13,23,112,16,37,135,20,105"/><W132/><G112/><T125/><D119/><U31/><E115/><V10/><F133/><N who="3" m="51275" /><G105/><T55/><D71/><U76/><E134/><V24/><F127/><W88/><G101/><T18/><D125/><U91/><E108/><V78/><F100/><W11/><G23/><T51/><D110/><U73/><E117/><V120/><F90/><W68/><G68/><T72/><D2/><U35/><E76/><V99/><F99/><W81/><G94/><T9/><D32/><U61/><E73/><V54/><F54/><W124/><G124/><T96/><D74/><U109/><E109/><V57/><F57/><W48/><G48/><T126/><D126/><U45/><E63/><V29/><F29/><AGARI ba="0,0" hai="11,13,16,20,26,29,36,37,81,86,88" m="51275" machi="29" ten="30,11600,0" yaku="20,1,52,1,54,2" doraHai="5" who="3" fromWho="2" sc="201,0,251,0,296,-116,252,116" /><INIT seed="3,1,0,2,0,9" ten="201,251,180,368" oya="3" hai0="88,46,35,68,10,89,129,72,132,120,114,116,40" hai1="4,66,23,108,71,18,83,44,50,123,105,3,21" hai2="37,106,69,16,131,51,36,134,49,58,12,39,45" hai3="59,41,86,70,73,109,77,117,6,102,29,92,53"/><W125/><G117/><T42/><D116/><U67/><E123/><V85/><F69/><W13/><G70/><T98/><D120/><U61/><E108/><V103/><F134/><W28/><G125/><T84/><D72/><U54/><E105/><V100/><F131/><W115/><G115/><T75/><D75/><U8/><E67/><V47/><F106/><W110/><G41/><T33/><D68/><U99/><E99/><V34/><F34/><W97/><G73/><T63/><D63/><U1/><E83/><V32/><F32/><W55/><G77/><T87/><D10/><U11/><REACH who="1" step="1"/><E18/><REACH who="1" ten="201,241,180,368" step="2"/><V104/><F104/><W95/><G110/><T26/><D98/><U65/><E65/><V124/><F124/><W121/><G121/><T15/><D114/><U93/><E93/><V112/><F112/><W7/><G109/><T57/><D129/><U64/><E64/><V14/><F16/><W127/><G127/><T60/><D132/><U94/><E94/><V79/><F79/><W38/><G95/><T133/><D133/><U111/><E111/><V24/><F100/><W118/><G92/><T130/><D130/><U119/><E119/><V76/><F103/><W52/><G102/><T30/><D89/><U81/><E81/><V91/><F76/><W27/><G97/><T128/><D88/><U101/><E101/><V107/><F91/><W78/><G78/><T74/><D128/><U0/><E0/><V80/><F107/><W22/><G118/><T122/><D122/><U56/><E56/><V113/><F58/><W126/><G126/><T90/><D57/><RYUUKYOKU ba="1,1" sc="201,-10,241,30,180,-10,368,-10" hai1="1,3,4,8,11,21,23,44,50,54,61,66,71" /><INIT seed="4,2,1,2,3,45" ten="191,271,170,358" oya="0" hai0="21,19,121,99,87,36,85,25,118,4,54,23,106" hai1="132,83,90,41,110,31,8,49,96,124,46,127,60" hai2="15,66,100,71,111,104,37,56,5,30,92,70,78" hai3="77,64,34,122,108,98,38,3,61,75,24,74,84"/><T17/><D118/><U42/><E110/><V128/><F111/><W14/><G3/><T39/><D121/><U117/><E117/><V134/><F37/><W116/><G38/><T16/><D4/><U107/><E132/><V135/><F104/><W113/><G108/><T7/><D7/><U73/><E31/><V44/><F78/><W2/><G2/><T86/><D39/><U26/><E26/><V53/><F128/><W69/><G116/><T29/><D36/><U129/><E129/><V0/><F0/><W50/><G113/><T103/><REACH who="0" step="1"/><D54/><REACH who="0" ten="181,271,170,358" step="2"/><U95/><E42/><V59/><F53/><W68/><G122/><T51/><D51/><U101/><E60/><V91/><F5/><W133/><G50/><T20/><AGARI ba="2,2" hai="16,17,19,20,21,23,25,29,85,86,87,99,103,106" machi="20" ten="40,7800,0" yaku="1,1,0,1,54,1,53,0" doraHai="45" doraHaiUra="63" who="0" fromWho="0" sc="181,104,271,-28,170,-28,358,-28" /><INIT seed="4,3,0,1,4,54" ten="285,243,142,330" oya="0" hai0="129,109,115,31,132,8,35,25,75,26,56,86,65" hai1="1,0,44,52,38,120,2,118,21,41,63,42,90" hai2="28,95,111,112,102,130,4,72,79,15,51,135,66" hai3="124,134,70,7,34,19,53,39,125,71,93,89,5"/><T97/><D75/><U24/><E118/><V104/><F15/><W84/><G39/><T37/><D37/><U83/><E120/><V10/><F51/><W103/><G34/><T133/><D115/><U6/><E42/><V69/><F95/><W13/><G134/><N who="0" m="51819" /><D129/><U121/><E121/><V113/><F28/><W98/><G7/><T100/><D109/><U94/><E83/><V43/><F43/><W108/><G5/><T9/><D26/><U48/><E6/><V3/><F111/><W81/><G108/><T12/><D86/><U82/><E82/><N who="2" m="45415" /><F130/><W67/><G53/><T20/><D35/><U99/><E63/><N who="2" m="40159" /><F135/><W106/><G81/><T122/><D122/><U119/><E119/><V29/><F29/><W57/><G125/><T40/><D40/><U68/><E68/><V74/><F74/><W114/><G124/><T126/><D126/><U33/><E33/><V101/><F101/><W62/><REACH who="3" step="1"/><G114/><REACH who="3" ten="285,243,142,320" step="2"/><T128/><D128/><U50/><REACH who="1" step="1"/><E52/><REACH who="1" ten="285,233,142,320" step="2"/><V92/><F112/><W76/><G76/><T11/><D65/><U16/><AGARI ba="3,2" hai="0,1,2,16,21,24,38,41,44,48,50,90,94,99" machi="16" ten="30,7900,0" yaku="1,1,2,1,0,1,54,1,53,0" doraHai="54" doraHaiUra="116" who="1" fromWho="1" sc="285,-42,233,108,142,-23,320,-23" /><INIT seed="5,0,0,0,5,101" ten="243,341,119,297" oya="1" hai0="131,14,29,97,106,71,24,67,28,77,61,1,44" hai1="4,31,42,82,96,94,18,112,130,66,132,11,102" hai2="9,117,45,91,35,125,129,76,74,88,6,126,114" hai3="19,107,79,93,5,59,64,33,8,13,104,116,113"/><U75/><E112/><V119/><F35/><W20/><G113/><T70/><D131/><U27/><E130/><V58/><F58/><W86/><G33/><N who="0" m="20615" /><D29/><U134/><E42/><V46/><F114/><W118/><G64/><T55/><D1/><U43/><E43/><V68/><F129/><W62/><G62/><T65/><D77/><U40/><E40/><V80/><F68/><W32/><G59/><T39/><D14/><U51/><E51/><V73/><F76/><W108/><G32/><T110/><D110/><U128/><E128/><V124/><F9/><W95/><G108/><T111/><D111/><U92/><E11/><V49/><F80/><N who="3" m="47391" /><G93/><T115/><D115/><U100/><E66/><V83/><F83/><W99/><G99/><T105/><D65/><U36/><E82/><V12/><F12/><N who="3" m="9319" /><G95/><T60/><D60/><U23/><E94/><V48/><REACH who="2" step="1"/><F125/><REACH who="2" ten="243,341,109,297" step="2"/><W90/><G90/><T50/><D71/><U30/><E23/><V56/><F56/><W122/><G122/><T123/><D123/><U84/><E92/><V22/><F22/><W53/><G13/><T0/><D0/><U37/><E27/><V85/><F85/><W7/><G8/><T69/><D69/><U98/><E84/><V3/><F3/><W103/><G7/><AGARI ba="0,1" hai="6,7,45,46,48,49,73,74,88,91,117,119,124,126" machi="7" ten="25,6400,0" yaku="1,1,22,2,54,1,53,0" doraHai="101" doraHaiUra="109" who="2" fromWho="3" sc="243,0,341,0,109,74,297,-64" /><INIT seed="6,0,0,1,2,0" ten="243,341,183,233" oya="2" hai0="67,117,17,134,58,39,128,42,50,33,15,82,119" hai1="51,46,16,57,5,88,112,72,83,116,108,25,101" hai2="52,19,80,125,131,73,22,104,35,30,103,27,71" hai3="53,60,37,1,32,2,85,70,3,102,49,126,10"/><V40/><F131/><W122/><G122/><T56/><D128/><U11/><E108/><V107/><F125/><W26/><G37/><T111/><D111/><U75/><E101/><V93/><F71/><W123/><G123/><T133/><D33/><U61/><E116/><N who="0" m="44617" /><D82/><U64/><E112/><V74/><F40/><W92/><G126/><T34/><D34/><U118/><E118/><V23/><F35/><W78/><G78/><T130/><D130/><U115/><E115/><V7/><F7/><W29/><G60/><T127/><D39/><U31/><E16/><V114/><F114/><W77/><G70/><T62/><D127/><U8/><E8/><V106/><F80/><W4/><G77/><T13/><D13/><U129/><E129/><V45/><F93/><W59/><REACH who="3" step="1"/><G102/><REACH who="3" ten="243,341,183,223" step="2"/><T36/><D36/><U68/><E68/><V84/><F103/><W55/><G55/><N who="0" m="31863" /><D42/><U79/><E79/><V95/><F52/><W132/><G132/><T41/><D41/><U21/><E61/><V20/><F74/><W47/><G47/><T28/><D28/><U44/><E46/><V113/><F45/><W12/><G12/><T6/><D134/><U121/><E75/><V81/><F73/><W69/><G69/><T135/><D135/><U18/><E72/><V94/><F113/><W99/><G99/><T120/><D120/><U109/><E121/><V91/><REACH who="2" step="1"/><F23/><REACH who="2" ten="243,341,173,223" step="2"/><W43/><G43/><T38/><D133/><U89/><E44/><V76/><F76/><W105/><G105/><T97/><D38/><U87/><E21/><V66/><F66/><W9/><G9/><RYUUKYOKU ba="0,2" sc="243,-15,341,-15,173,15,223,15" hai2="19,20,22,27,30,81,84,91,94,95,104,106,107" hai3="1,2,3,4,10,26,29,32,49,53,59,85,92" /><INIT seed="6,1,2,3,3,83" ten="228,326,188,238" oya="2" hai0="85,17,99,70,51,11,9,67,128,52,57,3,134" hai1="62,129,47,13,25,114,126,61,43,81,8,36,76" hai2="96,21,77,94,26,60,22,4,27,74,12,0,42" hai3="54,132,48,38,79,117,2,97,37,121,107,118,122"/><V135/><F135/><W131/><G2/><T80/><D134/><U55/><E114/><V113/><F113/><W66/><G79/><T24/><D128/><U45/><E129/><V34/><F42/><W104/><G131/><T90/><D3/><U58/><E126/><V89/><F0/><W46/><G132/><T19/><D70/><U125/><E125/><V91/><F34/><W116/><G97/><T40/><D67/><U109/><E25/><N who="2" m="9227" /><F77/><W124/><G124/><T49/><D99/><U72/><E109/><V7/><F74/><W29/><G29/><T35/><D35/><U115/><E115/><V84/><F60/><W20/><G20/><N who="2" m="7785" /><F12/><W44/><G104/><T127/><D127/><U82/><E62/><V73/><F73/><W100/><G100/><T56/><D24/><U106/><E106/><V15/><F15/><W93/><G107/><T33/><D33/><U110/><E110/><V71/><F71/><W120/><G93/><AGARI ba="1,2" hai="4,7,84,89,91,93,94,96" m="7785,9227" machi="93" ten="30,2900,0" yaku="8,1,52,1" doraHai="83" who="2" fromWho="3" sc="228,0,326,0,188,52,238,-32" /><INIT seed="6,2,0,2,2,30" ten="228,326,240,206" oya="2" hai0="104,74,3,10,99,120,129,17,65,26,132,85,1" hai1="94,51,2,107,125,21,23,36,95,9,128,12,105" hai2="19,134,42,62,116,57,15,109,43,24,59,121,54" hai3="112,8,27,93,122,37,130,79,48,78,88,119,41"/><V115/><F116/><W66/><G119/><T133/><D74/><U5/><E36/><V67/><F121/><W131/><G122/><T47/><D120/><U35/><E35/><V13/><F115/><W18/><G37/><T58/><D129/><N who="3" m="49161" /><G66/><T117/><D117/><U29/><E128/><V6/><F134/><N who="0" m="51818" /><D85/><U25/><E125/><V98/><F109/><W68/><G68/><T16/><D47/><U56/><E107/><V33/><F6/><W84/><G112/><T97/><D65/><U50/><E105/><V14/><F98/><N who="0" m="37386" /><D104/><U64/><E23/><V4/><F4/><W22/><G8/><T71/><D58/><U108/><E2/><N who="0" m="521" /><D71/><U118/><E108/><V31/><REACH who="2" step="1"/><F19/><REACH who="2" ten="228,326,230,206" step="2"/><N who="0" m="7242" /><D10/><U55/><E118/><V91/><F91/><W80/><G93/><T44/><D44/><AGARI ba="2,1" hai="18,22,27,41,44,48,78,79,80,84,88" m="49161" machi="44" ten="30,2000,0" yaku="19,1,54,1" doraHai="30" who="3" fromWho="0" sc="228,-26,326,0,230,0,206,36" /><INIT seed="7,0,0,4,2,96" ten="202,326,230,242" oya="3" hai0="41,104,14,113,133,134,21,34,101,84,90,94,71" hai1="81,93,54,52,103,3,16,17,89,100,40,35,72" hai2="64,121,127,76,135,109,124,107,131,99,75,63,118" hai3="106,6,0,27,112,58,4,129,44,74,69,47,62"/><W91/><G74/><T56/><D71/><U87/><E35/><V67/><F109/><W1/><G69/><T48/><D34/><U128/><E3/><V30/><F118/><W26/><G106/><T8/><D41/><U110/><E110/><V19/><F135/><N who="0" m="51722" /><D8/><U88/><E40/><V10/><F131/><W116/><G116/><T12/><D12/><U70/><E70/><V95/><F107/><W51/><G129/><T53/><D113/><U23/><E17/><V38/><F30/><W61/><G51/><T98/><D14/><N who="1" m="9623" /><E72/><V123/><F38/><W11/><G11/><T28/><D21/><U73/><E73/><V83/><F19/><W111/><G111/><T25/><D25/><U85/><E128/><V2/><F2/><W114/><G58/><T80/><D28/><U5/><E5/><V132/><F10/><W126/><G91/><N who="0" m="51591" /><D104/><U22/><E22/><V119/><F132/><W115/><G115/><T108/><D108/><U60/><E60/><V86/><F63/><W46/><G46/><T18/><D18/><U20/><E20/><V92/><F67/><W29/><G29/><T122/><D122/><N who="2" m="46602" /><F64/><W24/><G24/><T68/><D68/><U82/><E93/><V77/><F95/><W117/><G117/><T78/><D78/><U31/><E31/><V32/><F119/><W59/><G59/><T45/><D56/><U39/><E39/><V7/><F32/><W43/><G43/><T65/><D65/><U79/><E79/><V55/><F7/><W42/><G42/><T13/><D13/><U9/><E9/><V50/><F77/><RYUUKYOKU ba="0,0" sc="202,10,326,10,230,-30,242,10" hai0="45,48,53,90,94,98,101" hai1="52,54,81,82,85,87,88,89,100,103" hai3="0,1,4,6,26,27,44,47,61,62,112,114,126" /><INIT seed="7,1,0,2,3,60" ten="212,336,200,252" oya="3" hai0="126,5,59,125,67,37,116,66,79,84,58,49,80" hai1="27,76,46,45,81,31,134,133,118,26,56,68,100" hai2="52,123,33,112,64,108,107,124,111,61,105,78,29" hai3="110,18,132,22,121,9,97,34,15,63,38,14,57"/><W96/><G121/><T114/><D116/><U40/><E68/><N who="2" m="41999" /><F52/><W128/><G38/><T50/><D37/><U73/><E118/><V42/><F42/><W120/><G120/><T23/><D5/><U104/><E26/><N who="2" m="18615" /><F123/><W19/><G34/><T65/><D114/><U39/><E46/><V62/><F62/><W93/><G128/><T109/><D109/><N who="2" m="42058" /><F112/><W129/><G129/><T16/><D126/><U92/><E56/><N who="0" m="21545" /><D125/><U1/><E1/><V101/><F124/><W94/><G110/><T130/><D130/><U53/><E53/><V122/><F122/><W20/><G57/><T44/><D44/><U55/><E92/><V17/><F17/><W25/><G63/><T7/><D7/><U24/><E55/><V10/><F10/><W43/><G43/><T54/><D54/><U119/><E119/><V6/><F6/><W41/><G41/><T91/><D91/><U89/><E89/><V98/><F78/><W36/><G36/><T117/><D117/><U28/><E28/><V102/><F102/><W106/><G9/><T4/><D4/><U70/><E70/><V47/><F47/><W8/><G8/><T51/><D50/><U32/><E27/><AGARI ba="1,0" hai="16,23,27,49,51,65,66,67,79,80,84" m="21545" machi="27" ten="30,8000,1" yaku="8,1,52,3,54,1" doraHai="60" who="0" fromWho="1" sc="212,83,336,-83,200,0,252,0" /><INIT seed="8,0,0,0,4,40" ten="295,253,200,252" oya="0" hai0="3,134,49,121,64,59,60,0,34,118,95,20,100" hai1="77,116,22,76,74,21,131,57,75,42,26,71,85" hai2="122,72,125,112,83,81,56,62,129,99,128,43,119" hai3="70,123,69,90,114,132,54,94,4,135,66,106,92"/><T124/><D121/><U47/><E71/><V73/><F43/><W44/><G114/><T82/><D34/><U1/><E1/><V102/><F56/><W19/><G106/><T27/><D118/><U105/><E105/><N who="2" m="63711" /><F62/><W48/><G123/><T10/><D134/><N who="3" m="51241" /><G4/><T11/><D124/><U41/><E116/><V12/><F12/><W120/><G120/><T79/><D3/><U28/><E57/><V80/><F122/><W103/><G66/><T5/><D11/><U35/><E85/><V78/><F119/><W115/><G115/><T98/><D49/><U110/><E110/><V6/><F6/><W65/><G65/><T18/><D82/><N who="2" m="31850" /><F112/><W88/><G103/><T107/><REACH who="0" step="1"/><D107/><REACH who="0" ten="285,253,200,252" step="2"/><U33/><E33/><V89/><F125/><W23/><G94/><T52/><D52/><U67/><E35/><V29/><F29/><W37/><G92/><T84/><D84/><U68/><E28/><V61/><F61/><W9/><G9/><T14/><D14/><U108/><E21/><V113/><F113/><W32/><G32/><T109/><D109/><U17/><E108/><V126/><F126/><W39/><G39/><T58/><D58/><U133/><E22/><V2/><F2/><W30/><G37/><T104/><D104/><U93/><E133/><V111/><F111/><W50/><G30/><T31/><D31/><U38/><E38/><V117/><F117/><W96/><G50/><T91/><D91/><N who="3" m="34857" /><G96/><T24/><D24/><AGARI ba="0,1" hai="19,23,24,44,48,54,69,70" m="34857,51241" machi="24" ten="30,3900,0" yaku="20,1,52,1,54,1" doraHai="40" who="3" fromWho="0" sc="285,-39,253,0,200,0,252,49" owari="246,-15.4,253,5.3,200,-30.0,301,40.1" /></mjloggm>