<mjloggm ver="2.3"><GO type="169" lobby="0"/><UN n0="%74%6F%72%69%30%36%31%32" n1="%E2%97%8E%E3%82%88%E3%81%97%E2%97%8E" n2="%E5%A4%A7%E7%A9%BA%E3%82%B9%E3%83%90%E3%83%AB%E2%98%86" n3="%63%2E%63%2D%76%2E%76" dan="18,16,16,17" rate="2175.47,2153.02,2101.09,2209.07" sx="M,M,F,F"/><TAIKYOKU oya="0"/><INIT seed="0,0,0,3,0,68" ten="250,250,250,250" oya="0" hai0="80,103,32,113,44,131,94,58,13,126,93,12,14" hai1="108,78,27,95,114,23,135,57,33,101,125,30,60" hai2="79,59,21,75,73,89,129,39,61,50,15,0,9" hai3="46,6,104,49,64,69,25,107,122,112,54,92,119"/><T116/><D113/><U19/><E114/><V110/><F110/><W47/><G112/><T91/><D116/><U55/><E108/><V74/><F129/><W42/><G119/><T22/><D32/><U115/><E115/><V111/><F111/><W130/><G122/><T10/><D126/><U133/><E125/><V37/><F79/><W72/><G72/><T134/><D134/><U65/><E78/><V82/><F50/><W43/><G130/><T121/><D121/><U84/><E65/><V40/><F40/><W106/><G6/><T28/><D44/><U7/><E7/><V124/><F21/><W11/><G11/><T81/><D58/><U86/><E101/><V99/><F0/><W4/><G4/><T35/><D35/><U5/><E5/><V102/><F124/><W41/><G25/><N who="0" m="16439" /><D10/><U127/><E127/><V56/><F56/><W83/><G92/><T100/><D131/><U2/><E2/><V87/><F15/><W3/><G3/><T123/><D123/><U70/><E70/><V38/><F9/><W20/><G20/><T128/><D128/><U66/><E66/><V18/><F18/><W118/><G118/><T45/><D45/><U48/><E60/><V88/><F89/><W53/><G83/><N who="0" m="31819" /><D94/><U67/><E95/><V117/><F117/><W24/><G24/><T26/><D26/><N who="1" m="14719" /><E67/><V71/><F71/><W77/><G77/><T62/><D62/><U29/><E29/><V52/><REACH who="2" step="1"/><F73/><REACH who="2" ten="250,250,240,250" step="2"/><W34/><G34/><T120/><D120/><U8/><E8/><V17/><F17/><W96/><G69/><T76/><D76/><RYUUKYOKU ba="0,1" sc="250,10,250,10,240,10,250,-30" hai0="12,13,14,91,93,100,103" hai1="27,30,33,48,55,57,84,86,133,135" hai2="37,38,39,52,59,61,74,75,82,87,88,99,102" /><INIT seed="0,1,1,3,2,29" ten="260,260,250,220" oya="0" hai0="31,38,111,51,36,82,54,72,16,17,64,14,4" hai1="93,67,109,48,32,123,49,28,30,86,69,43,106" hai2="95,94,3,23,98,76,79,101,110,22,52,89,102" hai3="90,119,127,27,15,105,46,83,125,6,41,59,133"/><T108/><D64/><U45/><E123/><V47/><F3/><W103/><G119/><T9/><D31/><U71/><E109/><N who="0" m="42057" /><D72/><U122/><E122/><V20/><F110/><W85/><G133/><T55/><D55/><U134/><E106/><V84/><F102/><W65/><G27/><T33/><D33/><U35/><E134/><V112/><F112/><W118/><G118/><T13/><D82/><U128/><E128/><V61/><F61/><W88/><G65/><T11/><D4/><U53/><E67/><V10/><F10/><N who="3" m="4567" /><G59/><AGARI ba="1,1" hai="9,11,13,14,16,17,36,38,51,54,59" m="42057" machi="59" ten="30,5800,0" yaku="14,1,10,1,54,1" doraHai="29" who="0" fromWho="3" sc="260,71,260,0,250,0,220,-61" /><INIT seed="0,2,0,1,1,34" ten="331,260,250,159" oya="0" hai0="21,131,98,93,68,45,127,97,3,83,30,15,69" hai1="82,120,40,48,91,73,115,89,46,31,78,71,70" hai2="36,0,58,87,50,64,80,43,116,134,14,72,55" hai3="44,117,63,135,124,101,99,17,53,90,66,107,35"/><T8/><D127/><U62/><E120/><V2/><F72/><W1/><G117/><T67/><D131/><U39/><E115/><V79/><F64/><W106/><G124/><T122/><D122/><U61/><E31/><V38/><F116/><W81/><G135/><T94/><D83/><U129/><E129/><V16/><F134/><W125/><G125/><T9/><D45/><U26/><E26/><V102/><F102/><W27/><G107/><T24/><D3/><U109/><E109/><V32/><F32/><W10/><G90/><T52/><D52/><U100/><E100/><V132/><F132/><W37/><G81/><T29/><D67/><U121/><E121/><V49/><F49/><W12/><G53/><T126/><D126/><U85/><E89/><V13/><F13/><W118/><G118/><T103/><D30/><U113/><E113/><V75/><F75/><W23/><G44/><T54/><D54/><U33/><E33/><V74/><F74/><W5/><G37/><T22/><D69/><U28/><E28/><V119/><F119/><W77/><G77/><T111/><D68/><U51/><E71/><V60/><F60/><N who="1" m="23145" /><E70/><V105/><F105/><W108/><G108/><T18/><D111/><U11/><E11/><V59/><F59/><W76/><G76/><T92/><REACH who="0" step="1"/><D98/><REACH who="0" ten="321,260,250,159" step="2"/><U56/><E56/><V20/><REACH who="2" step="1"/><F43/><REACH who="2" ten="321,260,240,159" step="2"/><W95/><G66/><T104/><AGARI ba="2,2" hai="8,9,15,18,21,22,24,29,92,93,94,97,103,104" machi="104" ten="30,6000,0" yaku="1,1,2,1,0,1,53,0" doraHai="34" doraHaiUra="84" who="0" fromWho="0" sc="321,86,260,-22,240,-22,159,-22" /><INIT seed="0,3,0,2,3,37" ten="407,238,218,137" oya="0" hai0="51,49,125,63,29,86,81,44,135,71,112,20,91" hai1="39,90,116,3,80,84,62,87,60,33,34,109,41" hai2="2,12,77,68,98,131,26,93,75,5,32,102,74" hai3="85,118,43,123,106,56,130,111,117,78,128,108,1"/><T110/><D112/><U121/><E116/><N who="3" m="44650" /><G1/><T47/><D125/><U113/><E121/><V19/><F68/><W40/><G106/><T76/><D135/><U38/><E109/><N who="3" m="42058" /><G123/><T103/><D110/><U95/><E113/><V48/><F77/><W24/><G24/><N who="0" m="16519" /><D71/><U25/><E3/><V96/><F131/><N who="3" m="50219" /><G56/><T69/><D69/><U54/><E25/><V21/><F98/><W10/><G10/><T70/><D70/><U15/><E15/><V73/><F2/><W94/><G94/><T132/><D103/><U11/><E95/><V16/><F5/><W23/><G23/><T59/><D76/><U28/><E11/><V115/><F115/><W88/><G78/><T105/><D105/><U107/><E107/><V9/><F32/><W129/><N who="3" m="50227" /><W89/><DORA hai="114" /><G85/><T36/><D86/><U65/><E87/><V17/><F17/><W67/><G67/><T14/><D59/><U13/><E84/><V50/><AGARI ba="3,0" hai="9,12,16,19,21,26,48,50,73,74,75,93,96,102" machi="50" ten="40,2700,0" yaku="0,1,54,1" doraHai="37,114" who="2" fromWho="2" sc="407,-16,238,-10,218,36,137,-10" /><INIT seed="1,0,0,1,2,67" ten="391,228,254,127" oya="1" hai0="93,129,113,85,27,45,51,37,76,12,94,11,49" hai1="82,79,98,38,103,84,114,68,126,106,97,19,10" hai2="36,0,13,72,100,96,50,7,75,95,74,125,1" hai3="71,86,2,5,43,29,69,77,134,130,65,39,54"/><U133/><E38/><V80/><F36/><W128/><G65/><T9/><D129/><N who="3" m="49769" /><G134/><T60/><D37/><U23/><E133/><V24/><F125/><W48/><G29/><T70/><D51/><U115/><E126/><V62/><F80/><N who="3" m="47375" /><G2/><T58/><D27/><U4/><E98/><V117/><F117/><W14/><G5/><T56/><D113/><U81/><E81/><V34/><F62/><W73/><G73/><T33/><D33/><U22/><E22/><V78/><F78/><W119/><G119/><T55/><D11/><U63/><E63/><V18/><F7/><W66/><G66/><T108/><D70/><N who="3" m="26633" /><G14/><T111/><D12/><U88/><E68/><V57/><F24/><W59/><G39/><T26/><D26/><U107/><E79/><V131/><F34/><W40/><AGARI ba="0,0" hai="40,43,48,54,59" m="26633,47375,49769" machi="40" ten="40,8000,1" yaku="19,1,52,3" doraHai="67" who="3" fromWho="3" sc="391,-20,228,-40,254,-20,127,80" /><INIT seed="2,0,0,5,4,91" ten="371,188,234,207" oya="2" hai0="134,100,41,3,47,14,40,69,58,18,43,1,21" hai1="77,5,10,7,70,27,109,64,6,16,20,75,67" hai2="104,37,118,30,87,119,33,112,76,68,84,90,72" hai3="88,81,29,60,113,62,94,9,24,96,83,66,73"/><V12/><F37/><W92/><G113/><T45/><D69/><U19/><E109/><V50/><F68/><W99/><G73/><T121/><D134/><U31/><E70/><V85/><F112/><W123/><G123/><T95/><D121/><U54/><E75/><V8/><F104/><W59/><G60/><T106/><D106/><U111/><E77/><V126/><F126/><W125/><G125/><T108/><D108/><U11/><E111/><V71/><F71/><W129/><G129/><T28/><D28/><U39/><E39/><V55/><F76/><W102/><G9/><N who="1" m="3082" /><E54/><V42/><F42/><W57/><G57/><T131/><D131/><U65/><AGARI ba="0,0" hai="5,6,7,16,19,20,27,31,64,65,67" m="3082" machi="65" ten="40,2700,0" yaku="8,1,54,1" doraHai="91" who="1" fromWho="1" sc="371,-7,188,27,234,-13,207,-7" /><INIT seed="3,0,0,4,1,96" ten="364,215,221,200" oya="3" hai0="90,66,11,47,21,88,29,107,132,113,26,117,46" hai1="1,95,93,50,121,15,75,82,20,91,58,23,103" hai2="18,54,27,72,56,102,108,37,57,123,92,79,69" hai3="110,99,12,101,86,135,89,67,9,6,114,83,59"/><W14/><G114/><T25/><D117/><U80/><E1/><V104/><F69/><W16/><G135/><T43/><D132/><U55/><E121/><V119/><F37/><W31/><G31/><T105/><D66/><U48/><E75/><V0/><F0/><W24/><G24/><T125/><D125/><U106/><E106/><V62/><F104/><W116/><G116/><T97/><D113/><U51/><E103/><V112/><F108/><W8/><G110/><T127/><D127/><U73/><E73/><V44/><F44/><W78/><G59/><T49/><D11/><U71/><E71/><V65/><F123/><W134/><G134/><T52/><D25/><U120/><E120/><V40/><F40/><W100/><G67/><T42/><D42/><U130/><E130/><V19/><F27/><W2/><G2/><T76/><D76/><U5/><E5/><V35/><F35/><W129/><G129/><T81/><D81/><N who="1" m="31339" /><E15/><V4/><F4/><W64/><G64/><T61/><D61/><N who="1" m="36063" /><E95/><AGARI ba="0,0" hai="6,8,9,12,14,16,78,83,86,89,95,99,100,101" machi="95" ten="40,12000,1" yaku="8,1,52,2,54,1" doraHai="96" who="3" fromWho="1" sc="364,0,215,-120,221,0,200,120" /><INIT seed="3,1,0,4,2,14" ten="364,95,221,320" oya="3" hai0="96,90,102,67,36,18,77,87,107,37,92,70,66" hai1="42,123,55,62,106,124,16,78,51,56,72,48,59" hai2="121,117,112,64,45,105,20,111,13,76,27,95,41" hai3="93,84,1,98,5,23,104,25,32,118,100,47,11"/><W113/><G113/><T82/><D70/><U28/><E106/><V94/><F105/><W8/><G118/><T9/><D37/><U52/><E123/><V69/><F112/><W108/><G32/><T0/><D36/><U134/><E124/><V39/><F117/><W60/><G108/><T130/><D130/><U81/><E134/><V24/><F111/><W29/><G11/><T26/><D0/><U12/><E28/><V129/><F129/><W46/><G104/><T19/><D26/><U38/><E38/><V53/><F76/><W73/><G73/><N who="0" m="43311" /><D9/><U57/><E42/><V83/><F83/><W3/><G3/><T120/><D120/><U30/><E30/><V126/><F126/><W119/><G119/><T50/><D50/><U89/><E89/><V58/><F121/><W133/><G133/><T91/><D91/><U17/><E12/><V99/><F64/><AGARI ba="1,0" hai="18,19,64,66,67,87,90,92,96,102,107" m="43311" machi="64" ten="30,3900,0" yaku="24,1,52,2" doraHai="14" who="0" fromWho="2" sc="364,42,95,0,221,-42,320,0" /><AGARI ba="1,0" hai="16,17,48,51,52,55,56,57,59,62,64,72,78,81" machi="64" ten="30,12000,2" yaku="7,1,9,1,52,2,54,2" doraHai="14" who="1" fromWho="2" sc="406,0,95,120,179,-120,320,0" /><INIT seed="4,0,0,2,1,70" ten="406,215,59,320" oya="0" hai0="116,118,107,6,79,126,47,133,12,69,88,50,55" hai1="41,91,25,125,135,44,75,64,52,42,26,114,20" hai2="45,77,24,29,119,59,31,130,7,54,97,11,106" hai3="82,43,78,18,68,58,51,83,122,129,40,95,28"/><T104/><D69/><U85/><E75/><V9/><F130/><W115/><G129/><T127/><D79/><U2/><E2/><V22/><F119/><W65/><G115/><T35/><D35/><U81/><E125/><N who="0" m="47625" /><D133/><U63/><E135/><V123/><F123/><W90/><G28/><T60/><D60/><U0/><E0/><V93/><F106/><N who="0" m="40490" /><D88/><U48/><E114/><V94/><F45/><W113/><G68/><T30/><D30/><U13/><E13/><V76/><F31/><W84/><G113/><T36/><D36/><U8/><E8/><AGARI ba="0,0" hai="6,8,12,47,50,55,116,118" m="40490,47625" machi="8" ten="30,1500,0" yaku="18,1" doraHai="70" who="0" fromWho="1" sc="406,15,215,-15,59,0,320,0" /><INIT seed="4,1,0,0,3,88" ten="421,200,59,320" oya="0" hai0="117,15,28,12,5,20,62,77,54,30,73,37,67" hai1="45,110,118,46,11,80,126,50,112,82,9,64,57" hai2="43,131,41,128,101,25,47,72,106,85,8,130,34" hai3="129,66,49,52,3,27,115,121,100,75,24,38,21"/><T95/><D37/><U10/><E118/><V51/><F72/><W63/><G121/><T2/><D2/><U35/><E35/><V14/><F85/><W65/><G115/><T90/><D77/><U89/><E110/><V93/><F106/><W97/><G129/><T94/><D73/><U16/><E126/><V69/><F69/><W58/><G38/><T108/><D117/><U119/><E119/><V36/><F36/><W98/><G3/><T81/><D81/><N who="1" m="31339" /><E112/><V0/><F0/><W31/><G75/><T68/><D108/><U105/><E105/><V55/><F25/><W92/><G98/><T22/><D54/><N who="1" m="31959" /><E89/><V107/><F34/><W96/><G96/><T18/><D90/><U53/><E64/><V78/><F78/><W132/><G132/><T40/><D40/><U56/><E16/><N who="2" m="8263" /><F107/><W113/><G113/><T76/><D76/><U59/><E53/><V104/><F104/><W124/><G124/><T103/><D103/><U86/><E86/><V127/><F127/><W7/><G7/><T19/><D5/><U102/><E102/><V114/><F114/><W23/><REACH who="3" step="1"/><G49/><REACH who="3" ten="421,200,59,310" step="2"/><T83/><D83/><U84/><E84/><V48/><F48/><W133/><G133/><T6/><D6/><U26/><E26/><V60/><F60/><W79/><G79/><T32/><D15/><U116/><E116/><V134/><F134/><W70/><G70/><T39/><D12/><U29/><E29/><AGARI ba="1,1" hai="21,23,24,27,29,31,52,58,63,65,66,92,97,100" machi="29" ten="30,12000,2" yaku="1,1,7,1,9,1,8,1,52,1,54,1,53,0" doraHai="88" doraHaiUra="120" who="3" fromWho="1" sc="421,0,200,-123,59,0,310,133" /><INIT seed="5,0,0,2,5,66" ten="421,77,59,443" oya="1" hai0="105,122,76,72,25,33,19,84,108,82,101,65,53" hai1="61,63,119,81,55,51,128,41,85,90,34,6,75" hai2="40,49,44,18,123,62,16,60,39,5,94,27,125" hai3="78,20,52,67,30,2,117,99,86,47,114,95,50"/><U124/><E119/><V24/><F123/><W71/><G2/><T13/><D108/><U112/><E34/><V116/><F116/><W12/><G117/><T38/><D38/><U92/><E124/><V80/><F125/><W7/><G114/><T21/><D122/><U17/><E112/><V89/><F80/><W64/><G7/><T4/><D72/><U103/><E128/><V31/><F5/><W120/><G120/><T8/><D65/><U37/><E37/><V96/><F39/><W1/><G1/><T83/><D83/><U32/><E41/><V56/><F62/><W106/><G106/><T87/><D87/><U133/><E32/><V9/><F9/><W54/><G71/><T91/><D101/><U126/><E133/><V22/><REACH who="2" step="1"/><F24/><REACH who="2" ten="421,77,49,443" step="2"/><N who="3" m="16647" /><G12/><T121/><D121/><U14/><E6/><V127/><F127/><W74/><G74/><T57/><D76/><U97/><E75/><V100/><F100/><W73/><G73/><T15/><D15/><U93/><E81/><V36/><F36/><W134/><G134/><T10/><D10/><N who="1" m="6359" /><E126/><V104/><F104/><W129/><G129/><T132/><D105/><U110/><E110/><V46/><F46/><AGARI ba="0,1" hai="46,51,55,61,63,85,90,92,93,97,103" m="6359" machi="46" ten="30,1500,0" yaku="8,1" doraHai="66" who="1" fromWho="2" sc="421,0,77,25,49,-15,443,0" /><INIT seed="5,1,0,5,2,60" ten="421,102,34,443" oya="1" hai0="4,25,87,48,24,94,79,22,85,66,118,17,88" hai1="107,49,54,112,108,12,115,134,57,91,27,71,34" hai2="72,70,97,68,23,51,114,78,45,3,15,62,123" hai3="31,116,101,128,32,14,5,11,69,75,103,110,9"/><U65/><E107/><V109/><F3/><W131/><G110/><T64/><D118/><U10/><E108/><V84/><F72/><W37/><G75/><T111/><D111/><U119/><E119/><V42/><F109/><W86/><G116/><T125/><D125/><U74/><E74/><V16/><F123/><W89/><G37/><T93/><D4/><N who="1" m="3143" /><E134/><V100/><F114/><N who="1" m="43561" /><E91/><V19/><F62/><W83/><G69/><T30/><D48/><U102/><E102/><V56/><F56/><W121/><G121/><T95/><D79/><U113/><N who="1" m="43569" /><U0/><DORA hai="13" /><E0/><V73/><F73/><W63/><G101/><T50/><D50/><U117/><E117/><V106/><REACH who="2" step="1"/><F19/><REACH who="2" ten="421,102,24,443" step="2"/><W26/><G63/><T122/><D122/><U41/><E71/><V6/><F6/><W96/><G5/><T53/><D87/><U126/><E126/><V132/><F132/><W2/><G86/><T35/><REACH who="0" step="1"/><D53/><REACH who="0" ten="411,102,24,443" step="2"/><U127/><E127/><V98/><F98/><W38/><G96/><T77/><D77/><U76/><E76/><V33/><F33/><W120/><G32/><T59/><D59/><U99/><E34/><V47/><F47/><W39/><G120/><T55/><D55/><U44/><E57/><V61/><F61/><W90/><G2/><T104/><D104/><U20/><E54/><V129/><F129/><W135/><G128/><T43/><D43/><U36/><E41/><V67/><F67/><AGARI ba="1,2" hai="17,22,24,25,30,35,64,66,67,85,88,93,94,95" machi="67" ten="40,12000,2" yaku="1,1,52,4,54,1,53,1" doraHai="60,13" doraHaiUra="1,18" who="0" fromWho="2" sc="411,143,102,0,24,-123,443,0" owari="554,65.4,102,-29.8,-99,-59.9,443,24.3" /></mjloggm>