<mjloggm ver="2.3"><GO type="169" lobby="0"/><UN n0="%E6%B0%B4%E9%99%B8%E9%A9%9A%E9%AD%9A%31" n1="%E3%83%AF%E3%82%BF%E3%82%B7%E3%81%8C%E9%A3%9B%E3%82%93%E3%81%A0%E6%97%A5" n2="%6E%61%74%73%75%6D%65%65" n3="%E3%81%AF%E3%81%9F%E3%82%86%E3%81%86" dan="16,16,16,16" rate="2119.27,2128.05,2067.00,2142.49" sx="M,M,F,M"/><TAIKYOKU oya="0"/><INIT seed="0,0,0,0,0,80" ten="250,250,250,250" oya="0" hai0="50,22,33,40,109,98,119,49,59,73,58,46,91" hai1="13,129,102,1,118,5,127,4,37,24,71,9,132" hai2="117,11,66,3,86,82,0,113,34,133,104,25,16" hai3="97,65,38,67,76,100,61,114,54,69,27,45,53"/><T32/><D119/><U55/><E71/><V12/><F113/><W56/><G114/><T88/><D73/><U57/><E37/><V106/><F117/><W74/><G74/><T120/><D120/><U92/><E118/><V107/><F66/><W93/><G76/><T89/><D109/><U105/><E105/><V21/><F34/><W79/><G79/><T122/><D122/><U75/><E75/><V44/><F44/><W96/><G69/><T64/><D98/><U121/><E121/><V131/><F133/><W84/><G84/><T35/><D64/><U8/><E132/><V36/><F36/><W81/><G81/><T112/><D112/><U10/><E10/><V28/><REACH who="2" step="1"/><F131/><REACH who="2" ten="250,250,240,250" step="2"/><W135/><G135/><T29/><REACH who="0" step="1"/><D49/><REACH who="0" ten="240,250,240,250" step="2"/><U31/><E129/><V43/><F43/><W14/><G38/><T23/><D23/><U47/><E8/><V85/><F85/><W77/><G67/><T134/><D134/><U103/><E9/><V116/><F116/><W111/><G65/><T95/><D95/><U26/><E92/><V60/><F60/><W90/><G61/><T20/><D20/><U17/><E127/><V6/><F6/><W68/><G93/><T7/><D7/><U39/><E4/><V41/><F41/><W94/><G68/><T62/><D62/><U78/><E39/><V130/><F130/><W126/><G126/><T123/><D123/><U101/><E5/><V110/><F110/><W125/><G111/><T18/><D18/><U99/><E17/><V48/><F48/><W52/><G125/><T2/><D2/><U72/><E1/><RYUUKYOKU ba="0,2" sc="240,15,250,-15,240,15,250,-15" hai0="22,29,32,33,35,40,46,50,58,59,88,89,91" hai2="0,3,11,12,16,21,25,28,82,86,104,106,107" /><INIT seed="0,1,2,1,1,49" ten="255,235,255,235" oya="0" hai0="118,40,30,127,108,110,27,3,39,135,128,132,123" hai1="106,103,64,119,90,21,85,124,60,26,9,80,36" hai2="78,7,86,2,65,73,89,130,76,18,63,52,109" hai3="56,91,69,102,46,51,44,4,15,68,57,72,6"/><T96/><D118/><U121/><E119/><V61/><F109/><N who="0" m="42090" /><D123/><U95/><E121/><V55/><F130/><W105/><G72/><T37/><D128/><U47/><E124/><V12/><F2/><W34/><G34/><N who="0" m="20831" /><D127/><U45/><E106/><V129/><F7/><W122/><G105/><T59/><D3/><U35/><E35/><V116/><F129/><W19/><G122/><T17/><D96/><U115/><E9/><N who="2" m="6415" /><F73/><W133/><G102/><T93/><D93/><U48/><E36/><N who="0" m="13897" /><D40/><U41/><E45/><V66/><F116/><W111/><G111/><T79/><D79/><N who="2" m="30250" /><F66/><W75/><G75/><T58/><D17/><U50/><E41/><V97/><F97/><W112/><G19/><T42/><D42/><U101/><E115/><V0/><F0/><W117/><G112/><T20/><D20/><U92/><E21/><V87/><F65/><W70/><G4/><T94/><D94/><U131/><E92/><N who="2" m="54327" /><F87/><W71/><G6/><T125/><D125/><U114/><E114/><V134/><F134/><AGARI ba="1,2" hai="58,59,132,134,135" m="13897,20831,42090" machi="134" ten="40,7700,0" yaku="20,1,14,1,10,1" doraHai="49" who="0" fromWho="2" sc="255,100,235,0,255,-80,235,0" /><INIT seed="0,2,0,2,5,68" ten="355,235,175,235" oya="0" hai0="45,53,27,64,90,84,118,107,50,98,91,39,19" hai1="132,79,103,66,35,71,121,11,29,127,86,124,37" hai2="8,43,94,74,40,131,6,109,104,4,58,7,32" hai3="5,114,126,14,56,97,61,34,15,77,82,115,100"/><T41/><D118/><U92/><E121/><V23/><F104/><W67/><G34/><T51/><D64/><U24/><E132/><V46/><F32/><W75/><G126/><T0/><D0/><U88/><E11/><V65/><F74/><W95/><REACH who="3" step="1"/><G5/><REACH who="3" ten="355,235,175,225" step="2"/><T18/><D107/><U30/><E127/><V78/><F4/><W26/><G26/><T122/><D27/><U54/><E124/><V117/><F6/><W55/><G55/><T48/><D53/><U119/><E119/><V108/><F7/><W81/><G81/><T16/><D122/><U101/><E54/><V3/><F117/><W72/><G72/><T13/><D13/><AGARI ba="2,1" hai="13,14,15,56,61,67,75,77,82,95,97,100,114,115" machi="13" ten="40,2600,0" yaku="1,1,53,1" doraHai="68" doraHaiUra="106" who="3" fromWho="0" sc="355,-32,235,0,175,0,225,42" /><INIT seed="1,0,0,4,3,4" ten="323,235,175,267" oya="1" hai0="132,46,83,49,60,64,78,111,80,21,128,91,105" hai1="11,107,54,116,2,33,76,67,55,56,39,95,127" hai2="18,34,123,30,101,42,74,51,3,23,58,43,96" hai3="12,16,131,130,48,85,10,13,97,26,109,89,1"/><U100/><E107/><V8/><F74/><W79/><G109/><T134/><D111/><U90/><E116/><V44/><F123/><W52/><G1/><T0/><D105/><U72/><E33/><V92/><F43/><W27/><G79/><T45/><D128/><N who="3" m="49193" /><G13/><T121/><D121/><U7/><E100/><V106/><F34/><W38/><G97/><T9/><D21/><U99/><E127/><V84/><F30/><W115/><G38/><T19/><D91/><U88/><E39/><V17/><F58/><N who="3" m="33031" /><G115/><T25/><D25/><U129/><E129/><V68/><F68/><W70/><G70/><T50/><D78/><U57/><E90/><V110/><F110/><W94/><AGARI ba="0,0" hai="10,12,16,26,27,85,89,94" m="33031,49193" machi="94" ten="30,7900,0" yaku="19,1,52,1,54,2" doraHai="4" who="3" fromWho="3" sc="323,-20,235,-39,175,-20,267,79" /><INIT seed="2,0,0,1,1,78" ten="303,196,155,346" oya="2" hai0="10,118,82,112,43,9,41,106,65,44,34,117,115" hai1="81,12,114,24,135,100,105,93,52,29,121,89,21" hai2="31,70,69,48,8,71,6,103,37,67,68,123,109" hai3="13,131,77,35,3,15,50,130,74,72,79,27,22"/><V88/><F123/><W26/><G3/><T116/><D106/><U86/><E114/><N who="0" m="43561" /><D34/><U95/><E121/><V75/><F37/><W55/><G35/><T96/><D96/><U16/><E135/><V18/><F75/><W80/><G27/><T92/><D92/><U51/><E105/><V14/><F103/><W128/><G77/><T64/><D82/><U83/><E95/><V90/><F109/><W94/><G94/><T56/><D56/><N who="1" m="32799" /><E100/><V98/><F31/><N who="3" m="17879" /><G72/><T45/><D9/><AGARI ba="0,0" hai="9,12,16,21,24,29,81,83,86,89,93" m="32799" machi="9" ten="30,8000,1" yaku="8,1,52,2,54,2" doraHai="78" who="1" fromWho="0" sc="303,-80,196,80,155,0,346,0" /><INIT seed="3,0,0,5,0,117" ten="223,276,155,346" oya="3" hai0="24,101,62,55,125,88,40,36,56,121,132,19,73" hai1="114,51,66,26,1,22,109,92,91,100,112,2,48" hai2="89,13,8,29,77,103,70,42,95,87,93,135,30" hai3="98,32,116,9,41,54,74,84,75,28,50,126,52"/><W61/><G116/><T71/><D121/><U43/><E51/><V115/><F115/><W104/><G126/><T49/><D73/><U12/><E12/><V65/><F135/><W34/><G9/><T107/><D132/><U124/><E114/><V16/><F77/><W23/><G41/><T106/><D125/><U58/><E124/><V15/><F42/><W57/><G84/><T133/><D133/><U39/><E39/><V20/><F65/><W128/><G128/><T14/><D24/><U119/><E119/><V81/><F70/><W82/><G23/><T99/><D36/><U63/><E100/><V131/><F131/><W11/><G11/><T127/><D127/><U37/><E37/><V113/><F113/><W80/><G75/><T96/><D40/><U38/><E38/><V60/><F60/><W85/><G80/><T67/><D99/><U5/><E43/><V7/><REACH who="2" step="1"/><F103/><REACH who="2" ten="223,276,145,346" step="2"/><W33/><G74/><T122/><D101/><U4/><E63/><V35/><F35/><W97/><G104/><T47/><D71/><U108/><E112/><V53/><F53/><W118/><G118/><T72/><D72/><U86/><E66/><V6/><F6/><W31/><G34/><T69/><D69/><U21/><E4/><V46/><F46/><N who="3" m="27735" /><G33/><T0/><D107/><U45/><E5/><V134/><F134/><W44/><G32/><T94/><D106/><U83/><E45/><V27/><F27/><W3/><G44/><T10/><D0/><U120/><E1/><V129/><F129/><W25/><G3/><T76/><D76/><U111/><E2/><RYUUKYOKU ba="0,1" sc="223,15,276,-15,145,15,346,-15" hai0="10,14,19,47,49,55,56,62,67,88,94,96,122" hai2="7,8,13,15,16,20,29,30,81,87,89,93,95" /><INIT seed="4,1,1,1,4,52" ten="238,261,160,331" oya="0" hai0="31,85,118,107,60,134,8,129,93,84,72,112,34" hai1="123,130,102,37,98,68,7,79,135,83,12,13,78" hai2="20,65,125,92,6,74,113,64,104,48,126,73,18" hai3="22,19,49,108,70,97,50,77,76,115,109,42,46"/><T111/><D107/><U9/><E123/><V106/><F6/><W96/><G70/><T0/><D72/><N who="2" m="27754" /><F92/><W105/><G115/><T47/><D112/><U87/><E68/><V3/><F48/><W17/><G105/><N who="2" m="40553" /><F3/><W55/><G109/><T53/><D0/><U15/><E79/><N who="3" m="30282" /><G108/><T36/><D111/><U110/><E13/><N who="2" m="9295" /><F113/><W62/><G62/><T43/><D60/><U82/><E37/><V117/><F117/><W25/><G17/><T81/><D118/><U69/><E69/><V120/><F120/><W131/><G131/><T132/><D129/><U59/><E130/><V94/><F94/><W41/><G41/><T103/><D93/><U51/><E83/><V66/><F65/><W16/><G19/><T54/><D81/><U101/><E110/><V38/><F38/><W23/><G23/><T89/><D36/><U90/><E7/><V11/><F11/><W128/><G128/><T95/><D8/><U30/><E9/><V61/><F61/><W86/><G86/><T88/><D85/><U1/><E1/><V14/><F14/><W119/><G119/><T44/><D84/><U127/><E12/><V40/><F40/><W75/><G75/><T45/><D43/><U80/><E15/><V32/><F32/><W29/><G29/><T24/><D95/><U5/><E80/><V27/><F27/><W2/><G2/><T100/><D24/><U121/><E82/><V116/><F116/><W26/><G26/><T58/><D34/><U33/><E33/><V71/><F71/><W122/><G122/><T35/><D35/><U4/><E78/><RYUUKYOKU ba="1,1" sc="238,-15,261,-15,160,15,331,15" hai2="64,66,125,126" hai3="16,22,25,42,46,49,50,55,96,97" /><INIT seed="5,2,1,5,2,23" ten="223,246,175,346" oya="1" hai0="116,64,82,43,130,20,106,71,120,102,17,129,4" hai1="78,7,40,99,29,97,26,27,51,95,117,14,53" hai2="103,121,115,69,85,5,118,125,36,98,11,92,60" hai3="105,108,8,132,101,15,107,57,31,59,67,37,21"/><U68/><E68/><V13/><F118/><W0/><G37/><T127/><D116/><U39/><E117/><V91/><F121/><W47/><G0/><T87/><D120/><U19/><E7/><V75/><F36/><W73/><G73/><T119/><D119/><U80/><E39/><V100/><F75/><W84/><G108/><T28/><D28/><U3/><E40/><V90/><F125/><W33/><G33/><T58/><D71/><U94/><E3/><V42/><F42/><W45/><G132/><T86/><D127/><U48/><E29/><V38/><F38/><W63/><G57/><T131/><D4/><U24/><E80/><V124/><F124/><W65/><G65/><T133/><D133/><U88/><E78/><V54/><F115/><W66/><G66/><T109/><D109/><U55/><E55/><V81/><REACH who="2" step="1"/><F69/><REACH who="2" ten="223,246,165,346" step="2"/><W10/><G107/><T113/><D113/><U35/><E53/><V77/><F77/><W18/><G105/><T52/><D43/><U134/><E134/><V6/><F6/><W56/><G67/><T93/><D106/><U79/><E79/><V46/><F46/><W12/><G47/><T89/><D64/><U49/><E35/><V128/><F128/><W110/><G45/><T70/><D70/><U76/><E76/><V135/><F135/><W25/><G110/><T32/><D32/><U122/><E122/><V114/><F114/><W126/><G126/><T9/><D130/><U22/><E49/><V44/><F44/><W104/><G104/><T30/><D131/><U1/><E1/><V50/><F50/><RYUUKYOKU ba="2,2" sc="223,-15,246,15,165,15,346,-15" hai1="14,19,22,24,26,27,48,51,88,94,95,97,99" hai2="5,11,13,54,60,81,85,90,91,92,98,100,103" /><INIT seed="5,3,2,1,1,29" ten="208,261,180,331" oya="1" hai0="39,40,83,122,67,23,118,108,132,27,4,113,110" hai1="59,95,61,18,73,17,109,64,98,15,10,11,44" hai2="82,116,71,74,47,53,14,129,13,100,103,125,20" hai3="85,21,30,9,60,68,45,46,112,115,24,69,57"/><U84/><E73/><V89/><F116/><W43/><G9/><T79/><D118/><U134/><E134/><V63/><F125/><W124/><G124/><T32/><D132/><U52/><E109/><V105/><F105/><W111/><G46/><T135/><D135/><U130/><E84/><N who="2" m="50327" /><F71/><W26/><G85/><T101/><D113/><N who="3" m="43593" /><G24/><T77/><D122/><U88/><E130/><V117/><F129/><W22/><G22/><T93/><D67/><U62/><E44/><V104/><F74/><W66/><G111/><T87/><D77/><U19/><REACH who="1" step="1"/><E10/><REACH who="1" ten="208,251,180,331" step="2"/><V94/><F47/><W70/><G45/><N who="0" m="23711" /><D110/><U131/><E131/><V92/><F117/><W80/><G43/><T106/><D108/><U48/><E48/><V50/><F50/><W56/><G80/><T28/><D83/><U58/><AGARI ba="3,3" hai="11,15,17,18,19,52,58,59,61,62,64,88,95,98" machi="58" ten="20,18000,2" yaku="1,1,0,1,7,1,8,1,54,2,53,1" doraHai="29" doraHaiUra="49" who="1" fromWho="1" sc="208,-63,251,219,180,-63,331,-63" /><INIT seed="5,4,0,2,1,63" ten="145,470,117,268" oya="1" hai0="1,111,81,70,87,4,18,47,132,46,24,134,113" hai1="20,44,102,67,104,112,64,73,57,6,120,98,125" hai2="68,39,7,42,86,69,5,84,21,56,88,93,105" hai3="13,0,3,45,115,22,121,72,50,135,8,107,10"/><U43/><E120/><V35/><F35/><W38/><G121/><T32/><D111/><U78/><E125/><V133/><F105/><W19/><G38/><T94/><D113/><U103/><E112/><V15/><F133/><N who="0" m="51306" /><D70/><U11/><E102/><V80/><F39/><W58/><G115/><T74/><D74/><U71/><E57/><V124/><F124/><W36/><G72/><T9/><D94/><U116/><E20/><V99/><F42/><W110/><G110/><T77/><D18/><U54/><E54/><V14/><F68/><W128/><G107/><T41/><D41/><U37/><E71/><V31/><F69/><W28/><G128/><T61/><D61/><U90/><E90/><V123/><F123/><W76/><G76/><T131/><D131/><U89/><E89/><N who="2" m="51335" /><F56/><W118/><G36/><T122/><D122/><U30/><E30/><AGARI ba="4,0" hai="1,4,9,24,30,32,46,47,77,81,87" m="51306" machi="30" ten="30,1000,0" yaku="20,1" doraHai="63" who="0" fromWho="1" sc="145,22,470,-22,117,0,268,0" /><INIT seed="6,0,0,1,5,96" ten="167,448,117,268" oya="2" hai0="109,7,83,26,108,48,105,134,2,65,43,90,77" hai1="95,35,51,97,1,18,40,24,47,36,34,99,122" hai2="74,16,132,25,70,117,81,49,6,72,116,127,91" hai3="129,32,57,135,69,89,13,53,10,110,9,31,56"/><V87/><F70/><W62/><G110/><T120/><D120/><U54/><E1/><V107/><F107/><W106/><G69/><T14/><D2/><U42/><E122/><V88/><F6/><W21/><G135/><T76/><D134/><U12/><E24/><V73/><F132/><W121/><G129/><T59/><D105/><U68/><E99/><V37/><F37/><W29/><G106/><T86/><D109/><U55/><E55/><V130/><F130/><W128/><G32/><T60/><D108/><U100/><E42/><V78/><F49/><W19/><G128/><T125/><D125/><U119/><E119/><V44/><F44/><W115/><G115/><T66/><D66/><U98/><E98/><V45/><F45/><W15/><G121/><T8/><D26/><U92/><E92/><V112/><F112/><W133/><G133/><T124/><D124/><U67/><E67/><V27/><F127/><W22/><G89/><T71/><D71/><U58/><E68/><V64/><F64/><W101/><G101/><T85/><D85/><U23/><AGARI ba="0,0" hai="12,18,23,34,35,36,40,47,51,54,58,95,97,100" machi="23" ten="20,2700,0" yaku="0,1,7,1,52,1" doraHai="96" who="1" fromWho="1" sc="167,-7,448,27,117,-13,268,-7" /><INIT seed="7,0,0,3,4,8" ten="160,475,104,261" oya="3" hai0="95,7,21,34,2,74,49,38,55,125,124,52,19" hai1="20,99,54,40,44,103,101,133,134,46,26,111,10" hai2="53,78,14,90,29,1,28,100,84,27,67,108,129" hai3="63,9,16,92,110,107,69,47,57,68,18,76,42"/><W45/><G107/><T56/><D34/><U12/><E111/><V36/><F1/><W22/><G110/><T32/><D32/><U73/><E73/><V94/><F108/><W43/><G69/><T105/><D105/><U104/><E101/><V119/><F119/><W82/><G68/><T72/><D38/><U135/><E54/><V86/><F36/><W120/><G120/><T80/><D7/><N who="1" m="3167" /><E40/><N who="3" m="15402" /><G92/><T98/><D2/><U117/><E117/><V23/><F129/><W17/><G9/><T71/><D55/><U96/><E99/><V118/><F118/><W70/><G70/><T127/><D80/><U93/><E104/><V41/><F41/><W132/><G132/><T51/><D51/><U60/><E60/><V116/><F116/><W126/><G126/><T13/><D71/><U102/><E102/><AGARI ba="0,0" hai="13,19,21,49,52,56,72,74,95,98,102,124,125,127" machi="102" ten="40,5200,0" yaku="18,1,52,1,54,1" doraHai="8" who="0" fromWho="1" sc="160,52,475,-52,104,0,261,0" owari="212,-18.8,423,52.3,104,-39.6,261,6.1" /></mjloggm>