<mjloggm ver="2.3"><GO type="169" lobby="0"/><UN n0="%E3%81%8A%E3%82%8D%E3%81%BD%E3%82%93%32%E5%8F%B7" n1="%41%75%73%74%75%72%38" n2="%E2%97%8E%E3%82%88%E3%81%97%E2%97%8E" n3="%E3%81%AF%E3%81%84%E3%82%8C%E3%81%AB%E3%82%83%E3%82%93" dan="17,16,17,16" rate="2198.23,2096.68,2197.50,2044.27" sx="F,M,M,M"/><TAIKYOKU oya="0"/><INIT seed="0,0,0,1,5,18" ten="250,250,250,250" oya="0" hai0="103,133,79,97,33,83,88,22,25,98,20,58,123" hai1="94,28,100,128,117,75,132,72,118,120,71,108,43" hai2="60,113,19,74,41,21,70,50,45,65,37,73,16" hai3="46,85,10,105,31,104,12,23,51,34,69,96,109"/><T26/><D123/><U55/><E43/><V49/><F113/><W38/><G109/><T121/><D121/><U134/><E55/><V40/><F40/><W93/><G34/><T56/><D33/><U47/><E47/><V61/><F61/><W68/><G38/><T53/><D133/><N who="1" m="51307" /><E71/><V62/><F62/><W66/><G105/><T39/><D39/><U17/><E120/><V115/><F115/><W92/><G104/><T130/><D130/><U131/><E17/><V107/><F107/><W59/><G85/><N who="0" m="50239" /><D79/><U11/><E28/><V112/><F19/><W57/><G66/><T125/><D125/><U14/><E14/><V116/><F116/><N who="1" m="44649" /><E11/><V124/><F124/><W114/><G93/><N who="0" m="58799" /><D98/><N who="1" m="59479" /><E108/><V99/><F99/><W4/><G114/><T35/><D35/><U64/><E64/><V126/><F126/><W82/><G69/><T27/><D58/><U91/><E91/><V24/><REACH who="2" step="1"/><F112/><REACH who="2" ten="250,250,240,250" step="2"/><W9/><G68/><T7/><D7/><U122/><E122/><V1/><F1/><W30/><G30/><T2/><D2/><U8/><E8/><V78/><F78/><W119/><G10/><T44/><D44/><U29/><E29/><V90/><F90/><W106/><G31/><T54/><D54/><U111/><E111/><V95/><F95/><W102/><G119/><T5/><D5/><U32/><E32/><V89/><F89/><W3/><G59/><T87/><D53/><U52/><E52/><V127/><F127/><W13/><G57/><T0/><D0/><U63/><E63/><V15/><F15/><W48/><G3/><T77/><D56/><RYUUKYOKU ba="0,1" sc="250,10,250,10,240,10,250,-30" hai0="20,22,25,26,27,77,87" hai1="72,75,128,131" hai2="16,21,24,37,41,45,49,50,60,65,70,73,74" /><INIT seed="0,1,1,3,4,108" ten="260,260,250,220" oya="0" hai0="5,81,71,56,75,43,104,63,37,97,30,46,53" hai1="106,29,123,27,99,22,3,130,121,24,80,26,88" hai2="103,59,129,78,4,102,68,39,42,112,72,74,7" hai3="1,124,10,9,134,66,70,87,0,12,14,19,69"/><T135/><D135/><U13/><E3/><V45/><F68/><W89/><G134/><T2/><D30/><U116/><E116/><V84/><F129/><W117/><G117/><T32/><D32/><U85/><E130/><V54/><F84/><W64/><G124/><T11/><D71/><U18/><E26/><V15/><F112/><W83/><G70/><T23/><D23/><U96/><E27/><V126/><F126/><W67/><REACH who="3" step="1"/><G69/><REACH who="3" ten="260,260,250,210" step="2"/><T21/><D21/><U91/><E121/><V44/><F39/><W73/><G73/><T94/><D104/><U55/><E123/><V125/><F125/><W128/><G128/><T120/><D120/><U57/><E106/><V51/><F74/><W52/><G52/><T122/><D122/><U101/><E101/><V82/><F42/><W109/><G109/><T49/><D75/><U17/><E91/><V132/><F132/><W35/><G35/><T133/><D133/><U62/><REACH who="1" step="1"/><E29/><REACH who="1" ten="260,250,250,210" step="2"/><V98/><F103/><W118/><G118/><T47/><D37/><U92/><E92/><V6/><REACH who="2" step="1"/><F15/><REACH who="2" ten="260,250,240,210" step="2"/><W50/><G50/><T20/><D49/><U41/><E41/><V79/><F79/><W58/><G58/><T25/><D43/><U48/><E48/><V61/><F61/><W107/><G107/><AGARI ba="1,4" hai="4,6,7,44,45,51,54,59,72,78,82,98,102,107" machi="107" ten="40,2600,0" yaku="1,1,53,1" doraHai="108" doraHaiUra="77" who="2" fromWho="3" sc="260,0,250,0,240,69,210,-29" /><INIT seed="1,0,0,2,3,29" ten="260,250,309,181" oya="1" hai0="76,98,10,19,51,48,18,114,115,61,81,130,91" hai1="111,6,0,31,88,95,32,77,47,92,116,120,15" hai2="13,134,25,110,103,26,45,17,68,84,80,99,8" hai3="24,36,105,4,79,97,129,85,43,14,62,86,60"/><U112/><E112/><V28/><F110/><W96/><G129/><T82/><D130/><U56/><E116/><V64/><F134/><W125/><G125/><T52/><D61/><U132/><E120/><V113/><F113/><W12/><G36/><T58/><D114/><U11/><E132/><V27/><F45/><W3/><G43/><T22/><D115/><U101/><E77/><V128/><F64/><W50/><G3/><T66/><D66/><U74/><E74/><V127/><F68/><W89/><G50/><T102/><D91/><U59/><E47/><V39/><F39/><W20/><G79/><T122/><D122/><U126/><E126/><V73/><F73/><W123/><G123/><T37/><D37/><U33/><E111/><V55/><F55/><W63/><G86/><T70/><D70/><U5/><E5/><V94/><F127/><W131/><G105/><T87/><D82/><U2/><E2/><V69/><F69/><W53/><G53/><T21/><D48/><U38/><E38/><V118/><F118/><W93/><G131/><T78/><D76/><U107/><E107/><V41/><F41/><W135/><G135/><T57/><D58/><N who="1" m="22059" /><E31/><V90/><REACH who="2" step="1"/><F128/><REACH who="2" ten="260,250,299,181" step="2"/><W65/><G65/><T121/><D121/><U104/><E0/><V35/><AGARI ba="0,1" hai="8,13,17,25,26,27,28,35,80,84,90,94,99,103" machi="35" ten="20,8000,1" yaku="1,1,2,1,0,1,7,1,52,1,53,0" doraHai="29" doraHaiUra="108" who="2" fromWho="2" sc="260,-20,250,-40,299,90,181,-20" /><INIT seed="2,0,0,5,1,59" ten="240,210,389,161" oya="2" hai0="34,132,90,91,43,61,28,25,77,89,41,120,6" hai1="110,66,56,118,26,52,9,134,47,101,23,124,121" hai2="72,82,15,122,111,79,44,125,19,54,127,75,38" hai3="117,60,63,108,103,76,113,51,1,114,29,106,97"/><V22/><F122/><W83/><G117/><T7/><D120/><U16/><E118/><V50/><F38/><W115/><G108/><T93/><D132/><U74/><E121/><V84/><REACH who="2" step="1"/><F111/><REACH who="2" ten="240,210,379,161" step="2"/><W100/><G1/><T5/><D93/><U116/><E110/><V32/><F32/><W92/><G29/><T104/><D104/><U78/><E116/><V39/><F39/><W105/><G51/><T112/><D112/><U96/><E124/><AGARI ba="0,1" hai="15,19,22,44,50,54,72,75,79,82,84,124,125,127" machi="124" ten="40,3900,0" yaku="1,1,18,1,53,0" doraHai="59" doraHaiUra="130" who="2" fromWho="1" sc="240,0,210,-39,379,49,161,0" /><INIT seed="2,1,0,2,2,111" ten="240,171,428,161" oya="2" hai0="77,130,121,23,96,41,62,42,103,113,108,56,135" hai1="126,43,85,30,58,117,24,60,107,53,80,31,10" hai2="48,95,34,47,28,39,26,18,32,76,66,1,12" hai3="127,72,63,0,8,119,118,65,74,22,87,86,25"/><V5/><F39/><W67/><G127/><T78/><D121/><U46/><E117/><V84/><F66/><W4/><G67/><T125/><D108/><U79/><E126/><V114/><F114/><W61/><G61/><T2/><D125/><U81/><E107/><V97/><F34/><W90/><G74/><T17/><D2/><U134/><E134/><V92/><F97/><W29/><G72/><T40/><D130/><U68/><E68/><V106/><F106/><W57/><REACH who="3" step="1"/><G87/><REACH who="3" ten="240,171,428,151" step="2"/><T105/><D135/><U73/><E60/><V71/><F84/><W104/><G104/><T59/><D113/><U64/><E64/><V75/><F75/><W55/><G55/><T123/><D123/><U35/><E53/><V99/><F71/><W7/><G7/><T52/><REACH who="0" step="1"/><D59/><REACH who="0" ten="230,171,428,151" step="2"/><U45/><E58/><V19/><F47/><W93/><AGARI ba="1,2" hai="0,4,8,22,25,29,57,63,65,86,90,93,118,119" machi="93" ten="20,5200,0" yaku="1,1,0,1,7,1,53,1" doraHai="111" doraHaiUra="82" who="3" fromWho="3" sc="230,-14,171,-14,428,-27,151,75" /><INIT seed="3,0,0,4,3,108" ten="216,157,401,226" oya="3" hai0="3,91,59,122,38,22,67,72,85,106,130,120,93" hai1="75,29,34,5,57,81,70,44,109,114,42,111,103" hai2="102,127,15,25,135,14,83,17,92,97,23,33,78" hai3="74,53,40,121,55,31,101,35,134,4,50,77,43"/><W132/><G121/><T41/><D3/><U45/><E70/><V68/><F68/><W27/><G101/><T18/><D72/><U99/><E57/><V90/><F127/><W71/><G71/><T118/><D118/><U133/><E133/><N who="3" m="51306" /><G4/><T94/><D106/><U11/><E29/><V54/><F135/><W112/><G55/><T82/><D130/><U119/><E34/><V110/><F33/><W87/><G112/><T79/><D38/><U76/><E119/><V128/><F128/><W116/><G74/><T21/><D41/><U28/><E28/><V126/><F126/><W52/><G53/><T95/><D22/><U9/><E9/><V37/><F37/><W8/><G8/><T12/><REACH who="0" step="1"/><D91/><REACH who="0" ten="206,157,401,226" step="2"/><U129/><E129/><V49/><F90/><W6/><G116/><T84/><D84/><U104/><E114/><V80/><F110/><N who="1" m="41993" /><E42/><V13/><F78/><W66/><G87/><T19/><D19/><U1/><AGARI ba="0,1" hai="1,5,11,44,45,75,76,81,99,103,104" m="41993" machi="1" ten="30,1100,0" yaku="14,1" doraHai="108" who="1" fromWho="1" sc="206,-3,157,21,401,-3,226,-5" /><INIT seed="4,0,0,4,3,27" ten="203,178,398,221" oya="0" hai0="19,109,55,39,97,113,135,90,76,1,9,69,73" hai1="107,37,23,57,133,15,62,7,18,102,124,126,17" hai2="46,71,47,106,29,129,66,80,35,82,131,87,123" hai3="16,96,68,24,85,58,12,2,72,103,6,65,127"/><T48/><D113/><U83/><E133/><V40/><F106/><W95/><G72/><T98/><D39/><U14/><E37/><V104/><F104/><W110/><G110/><T28/><D135/><U91/><E7/><V61/><F123/><W86/><G127/><T41/><D69/><U33/><E33/><V5/><F5/><W88/><G68/><T116/><D116/><U115/><E115/><V21/><F35/><W99/><G2/><T56/><D109/><U52/><E102/><V13/><F82/><W84/><G6/><T81/><D41/><U100/><E100/><V26/><F13/><W49/><G24/><T74/><D74/><U92/><E83/><V10/><F10/><N who="3" m="6167" /><G99/><T132/><D132/><U53/><E53/><V63/><F63/><N who="3" m="38135" /><G49/><T67/><D1/><U54/><E54/><V42/><F42/><W108/><G108/><T34/><D67/><U60/><E60/><V51/><REACH who="2" step="1"/><F46/><REACH who="2" ten="203,178,388,221" step="2"/><W31/><G31/><T94/><D9/><U120/><E107/><V105/><F105/><W70/><G70/><T59/><D19/><U78/><E120/><V79/><AGARI ba="0,1" hai="21,26,29,40,47,51,61,66,71,79,80,87,129,131" machi="79" ten="30,7900,0" yaku="1,1,0,1,52,1,53,1" doraHai="27" doraHaiUra="38" who="2" fromWho="2" sc="203,-39,178,-20,388,89,221,-20" /><INIT seed="5,0,0,0,3,15" ten="164,158,477,201" oya="1" hai0="103,90,41,31,89,24,124,64,3,92,63,62,93" hai1="49,20,30,29,70,87,104,25,18,95,51,112,96" hai2="105,22,8,82,34,101,99,108,72,97,56,109,127" hai3="86,6,40,65,117,46,52,84,133,115,88,55,0"/><U5/><E112/><V74/><F34/><W131/><G115/><T132/><D3/><U79/><E70/><V102/><F8/><W77/><G65/><T91/><D132/><U21/><E104/><N who="2" m="63535" /><F56/><W4/><G133/><T1/><D124/><U78/><E5/><V37/><F22/><W125/><G131/><T128/><D128/><U59/><E30/><V75/><F37/><W35/><G35/><T80/><D1/><U57/><E57/><V81/><F127/><W135/><G117/><T50/><D80/><AGARI ba="0,0" hai="72,74,75,80,81,82,99,102,105,108,109" m="63535" machi="80" ten="30,2000,0" yaku="34,2" doraHai="15" who="2" fromWho="0" sc="164,-20,158,0,477,20,201,0" /><INIT seed="6,0,0,5,1,114" ten="144,158,497,201" oya="2" hai0="9,103,111,43,32,92,60,121,105,108,73,69,93" hai1="68,94,40,45,14,102,66,42,90,113,72,47,120" hai2="37,23,5,38,55,51,104,128,25,58,133,34,63" hai3="44,117,84,118,62,132,81,10,18,134,15,89,101"/><V54/><F34/><W28/><G101/><T7/><D121/><U135/><E72/><V59/><F104/><W46/><G28/><T125/><D32/><U112/><E120/><V119/><F119/><N who="3" m="45579" /><G62/><T3/><D73/><U97/><E135/><AGARI ba="0,0" hai="10,15,18,44,46,81,84,89,132,134,135" m="45579" machi="135" ten="30,7700,0" yaku="20,1,52,3" doraHai="114" who="3" fromWho="1" sc="144,0,158,-77,497,0,201,77" /><INIT seed="7,0,0,4,0,53" ten="144,81,497,278" oya="3" hai0="1,76,36,59,15,95,67,120,89,24,114,87,32" hai1="47,8,45,68,44,133,11,12,48,25,91,118,130" hai2="96,73,78,84,42,75,86,131,125,7,34,3,134" hai3="90,16,20,81,104,31,109,26,54,52,61,38,27"/><W88/><G38/><T101/><D1/><U14/><E68/><V55/><F34/><W135/><G104/><T49/><D36/><U19/><E130/><V124/><F131/><W62/><G135/><T123/><D101/><U29/><E133/><V4/><F3/><W117/><G117/><T57/><D76/><U69/><E69/><V93/><F73/><W9/><G109/><T56/><D67/><U115/><E115/><V116/><F75/><W35/><G9/><T74/><D74/><U21/><E91/><V70/><F70/><W50/><G54/><T43/><D15/><U98/><E98/><V30/><F116/><W122/><G122/><T85/><D87/><U5/><REACH who="1" step="1"/><E118/><REACH who="1" ten="144,71,497,278" step="2"/><V60/><F55/><AGARI ba="0,1" hai="5,8,11,12,14,19,21,25,29,44,45,47,48,55" machi="55" ten="30,7700,0" yaku="1,1,2,1,7,1,8,1,53,0" doraHai="53" doraHaiUra="71" who="1" fromWho="2" sc="144,0,71,87,497,-77,278,0" owari="144,-35.6,158,-24.2,420,52.0,278,7.8" /></mjloggm>