<mjloggm ver="2.3"><GO type="169" lobby="0"/><UN n0="%79%61%6E%72%6F%75" n1="%68%61%73%68%69%30%30%31" n2="%6F%79%6D%32%30%4E%4F%56" n3="%73%61%6E%67%6F%64%64%6F" dan="16,16,16,17" rate="2157.24,2087.92,2133.83,2169.65" sx="M,M,M,M"/><TAIKYOKU oya="0"/><INIT seed="0,0,0,1,3,43" ten="250,250,250,250" oya="0" hai0="30,116,88,75,132,101,9,13,63,115,61,70,78" hai1="73,93,109,41,38,15,8,82,57,4,6,100,135" hai2="117,52,44,22,34,62,119,54,37,1,95,89,5" hai3="118,66,12,25,110,16,39,0,83,92,53,131,11"/><T105/><D116/><N who="2" m="44618" /><F34/><W18/><G118/><T124/><D115/><U123/><E135/><V19/><F1/><W29/><G110/><T96/><D132/><U108/><E123/><V114/><F5/><W67/><G39/><T122/><D122/><U79/><E57/><V102/><F102/><W3/><G131/><T56/><D124/><U65/><E65/><V76/><F76/><W91/><G83/><T42/><D30/><U113/><E4/><V99/><F114/><W77/><G77/><T58/><D70/><U134/><E134/><V7/><F7/><W26/><G53/><T127/><D42/><U94/><E100/><V103/><F103/><W33/><G3/><T71/><D71/><U24/><E24/><N who="2" m="14431" /><F62/><W104/><G104/><T81/><D127/><U40/><E113/><V80/><F80/><W49/><G0/><T125/><D63/><U130/><E130/><V20/><F20/><W72/><G72/><T126/><D126/><U31/><E31/><V32/><F32/><W133/><G133/><T10/><D10/><U90/><E94/><V36/><F54/><W2/><G2/><T28/><D61/><U51/><E38/><V74/><F74/><W107/><G107/><T129/><D129/><U50/><E41/><V27/><F27/><W112/><G112/><T46/><D125/><U97/><REACH who="1" step="1"/><E40/><REACH who="1" ten="250,240,250,250" step="2"/><V86/><F37/><W45/><G25/><T64/><D28/><U69/><E69/><V98/><F36/><W35/><G35/><T120/><D105/><U21/><E21/><V47/><F95/><W68/><G33/><T55/><D120/><RYUUKYOKU ba="0,1" sc="250,-10,240,30,250,-10,250,-10" hai1="6,8,15,50,51,73,79,82,90,93,97,108,109" /><INIT seed="1,1,1,5,2,1" ten="240,270,240,240" oya="1" hai0="15,72,107,50,39,91,2,117,16,11,62,100,30" hai1="32,106,86,56,14,59,64,92,96,45,18,127,71" hai2="84,10,126,113,29,90,68,102,114,22,134,119,99" hai3="40,103,53,19,0,51,20,6,34,5,57,36,3"/><U110/><E32/><V82/><F119/><W4/><G34/><T43/><D72/><U54/><E106/><V17/><F68/><W135/><G135/><T52/><D117/><U94/><E127/><V55/><F126/><W89/><G103/><T69/><D2/><U21/><E71/><V35/><F134/><W65/><G65/><T37/><D30/><U88/><E110/><V124/><F124/><W75/><G75/><T125/><D43/><U33/><E33/><V108/><F108/><W121/><G121/><T38/><D125/><U25/><E64/><V63/><F10/><W116/><G116/><T130/><D130/><U128/><E128/><V76/><F29/><W85/><G40/><T80/><D62/><U8/><E45/><V123/><F35/><W109/><G36/><T112/><D112/><N who="2" m="43114" /><F55/><W79/><G79/><T73/><D69/><U122/><E122/><V70/><F63/><W93/><REACH who="3" step="1"/><G109/><REACH who="3" ten="240,270,240,230" step="2"/><T120/><D73/><U61/><E54/><V101/><F123/><W133/><G133/><T13/><D120/><U67/><E67/><V118/><F118/><W129/><G129/><T26/><D100/><N who="1" m="60423" /><E61/><V12/><F70/><W49/><G49/><T104/><D37/><U7/><AGARI ba="1,2" hai="7,8,14,18,21,25,56,59,86,88,94" m="60423" machi="7" ten="30,6000,0" yaku="8,1,52,1,54,1" doraHai="1" who="1" fromWho="1" sc="240,-21,270,83,240,-21,230,-21" /><INIT seed="1,2,0,5,4,120" ten="219,353,219,209" oya="1" hai0="97,9,111,50,64,86,109,38,37,66,133,62,112" hai1="22,15,68,78,24,2,73,33,43,95,85,103,110" hai2="61,63,17,96,18,14,116,31,74,11,5,98,67" hai3="79,69,46,70,8,122,16,60,41,91,54,0,131"/><U29/><E68/><V101/><F74/><W93/><G131/><T83/><D112/><U94/><E73/><V53/><F116/><W114/><G114/><T128/><D133/><U107/><E2/><V35/><F35/><W52/><G122/><T21/><D21/><U45/><E107/><V124/><F31/><W65/><G70/><T102/><D9/><U77/><E33/><V59/><F124/><W1/><G79/><T118/><D118/><U75/><E75/><V87/><F87/><W26/><G1/><T127/><D128/><U76/><E15/><V49/><F63/><W84/><G0/><T92/><D50/><N who="1" m="26943" /><E110/><N who="0" m="41993" /><D127/><U90/><E103/><V19/><REACH who="2" step="1"/><F101/><REACH who="2" ten="219,353,209,209" step="2"/><W56/><G69/><AGARI ba="2,1" hai="5,11,14,17,18,19,49,53,59,61,67,69,96,98" machi="69" ten="40,2600,0" yaku="1,1,2,1,53,0" doraHai="120" doraHaiUra="130" who="2" fromWho="3" sc="219,0,353,0,209,42,209,-32" /><INIT seed="2,0,0,4,2,49" ten="219,353,251,177" oya="2" hai0="106,94,30,72,126,130,40,39,56,90,119,63,134" hai1="92,79,47,31,111,54,14,125,91,17,116,75,6" hai2="41,7,29,103,124,112,102,0,43,8,98,104,77" hai3="51,107,100,81,38,105,15,87,82,46,120,53,118"/><V71/><F112/><W66/><G118/><T135/><D106/><U16/><E111/><V19/><F124/><W113/><G120/><T23/><D72/><U4/><E75/><V99/><F71/><W97/><G113/><T101/><D101/><U52/><E79/><V64/><F64/><W80/><G105/><T96/><D126/><U84/><E31/><V55/><F77/><W35/><G35/><T1/><D1/><U128/><E128/><V21/><F29/><W20/><G66/><T88/><D130/><U93/><E116/><V110/><F110/><W24/><G15/><T68/><D68/><U131/><E131/><V73/><F73/><W108/><G38/><T76/><D76/><U78/><E17/><V45/><F45/><W36/><G36/><T123/><D123/><U9/><E78/><V42/><F55/><N who="1" m="21033" /><E47/><V3/><F3/><W85/><REACH who="3" step="1"/><G108/><REACH who="3" ten="219,353,251,167" step="2"/><T12/><D39/><U122/><E122/><V13/><F43/><W60/><G60/><T59/><D63/><U34/><E34/><V86/><F42/><W121/><G121/><T27/><D40/><U70/><E70/><V62/><F41/><W11/><G11/><T129/><D119/><U65/><E65/><V33/><F62/><W22/><G22/><T89/><D129/><U32/><E32/><V115/><F33/><W58/><G58/><T2/><D59/><U26/><E125/><V95/><F115/><W109/><G109/><T117/><D56/><U28/><E26/><N who="2" m="14655" /><F0/><W18/><AGARI ba="0,1" hai="18,20,24,46,51,53,80,81,82,85,87,97,100,107" machi="18" ten="30,4000,0" yaku="1,1,0,1,52,1,53,0" doraHai="49" doraHaiUra="61" who="3" fromWho="3" sc="219,-10,353,-10,251,-20,167,50" /><INIT seed="3,0,0,4,4,74" ten="209,343,231,217" oya="3" hai0="107,61,130,13,67,58,36,35,52,123,127,33,101" hai1="86,12,1,6,47,111,102,71,94,22,3,19,32" hai2="59,108,60,92,10,78,45,112,38,96,63,50,93" hai3="56,28,24,15,77,48,65,11,55,80,70,115,113"/><W7/><G70/><T119/><D123/><U73/><E71/><V42/><F108/><W9/><G9/><T128/><D119/><U84/><E73/><V109/><F109/><W99/><G99/><T89/><D36/><U44/><E32/><V57/><F112/><W14/><G14/><T83/><D127/><U62/><E6/><V81/><F38/><W30/><G65/><T23/><D107/><U100/><E62/><V69/><F10/><W39/><G39/><T5/><D101/><U133/><E133/><V103/><F92/><W0/><G0/><T2/><D2/><U131/><E131/><N who="0" m="50217" /><D5/><U106/><E106/><V91/><F103/><W66/><G66/><T126/><D126/><U82/><E111/><V122/><F122/><W37/><G37/><T18/><D67/><U87/><E102/><V29/><F29/><W20/><REACH who="3" step="1"/><G28/><REACH who="3" ten="209,343,231,207" step="2"/><T34/><D13/><U43/><E3/><V72/><F69/><W95/><G95/><T46/><D18/><U125/><E1/><V64/><F64/><W98/><G98/><T132/><D132/><U68/><E68/><V49/><F96/><W27/><G27/><T114/><D114/><U116/><E125/><V8/><F93/><W31/><G31/><T76/><D35/><U40/><E94/><V25/><F8/><W134/><G134/><T129/><D34/><U135/><E135/><V88/><F25/><W21/><G21/><T4/><D33/><U117/><E117/><V90/><F57/><W120/><G120/><T41/><N who="0" m="50225" /><T118/><DORA hai="53" /><D118/><U121/><E116/><V17/><F17/><RYUUKYOKU ba="0,1" sc="209,-15,343,-15,231,15,207,15" hai2="42,45,49,50,59,60,63,72,78,81,88,90,91" hai3="7,11,15,20,24,30,48,55,56,77,80,113,115" /><INIT seed="3,1,1,0,2,15" ten="194,328,246,222" oya="3" hai0="124,101,128,71,109,87,97,126,58,5,91,96,57" hai1="104,133,116,115,108,8,114,7,117,78,111,14,55" hai2="52,29,32,135,100,41,86,99,12,89,93,47,66" hai3="18,84,98,69,120,112,31,43,121,13,0,105,24"/><W68/><G112/><T102/><D71/><U88/><E104/><V3/><F135/><W60/><G0/><T76/><D5/><U1/><E78/><V127/><F127/><N who="0" m="48682" /><D57/><U132/><E55/><V21/><F3/><W113/><G84/><T6/><D6/><U38/><E88/><V130/><F130/><W106/><G113/><N who="1" m="43018" /><E38/><V103/><F103/><N who="0" m="39434" /><D58/><U72/><E72/><V64/><F32/><W131/><G131/><T123/><D128/><U36/><E36/><V26/><F12/><W10/><G43/><T16/><D123/><U59/><E59/><V56/><F47/><W80/><G120/><T125/><N who="0" m="48690" /><T75/><DORA hai="30" /><D109/><N who="1" m="42059" /><E1/><V49/><REACH who="2" step="1"/><F41/><REACH who="2" ten="194,328,236,222" step="2"/><W9/><G121/><T63/><D63/><U79/><E79/><V61/><F61/><W122/><G60/><T20/><D76/><U65/><E65/><V50/><F50/><W94/><G122/><T53/><D53/><U90/><E90/><V28/><F28/><W95/><G31/><T82/><D75/><U85/><E85/><V129/><F129/><W22/><G98/><T37/><D37/><U54/><E54/><V51/><F51/><W45/><G45/><T42/><D42/><U67/><E67/><V11/><F11/><W119/><G9/><T23/><D97/><U110/><E110/><V46/><F46/><W40/><G10/><T73/><D73/><U19/><E7/><V83/><AGARI ba="1,2" hai="21,26,29,49,52,56,64,66,83,86,89,93,99,100" machi="83" ten="20,8000,1" yaku="1,1,0,1,7,1,8,1,54,1,53,0" doraHai="15,30" doraHaiUra="70,74" who="2" fromWho="2" sc="194,-21,328,-21,236,103,222,-41" /><INIT seed="4,0,0,5,5,42" ten="173,307,339,181" oya="0" hai0="47,108,33,54,36,98,28,16,125,19,11,72,48" hai1="117,89,8,118,83,57,69,71,63,29,68,3,84" hai2="99,79,116,58,30,26,66,95,38,87,37,80,114" hai3="126,35,85,92,70,122,4,119,60,34,50,62,51"/><T107/><D125/><U20/><E3/><V46/><F114/><W130/><G119/><T67/><D72/><U32/><E32/><V17/><F17/><W23/><G126/><T10/><D108/><U135/><E135/><V49/><F116/><W40/><G130/><T129/><D129/><U21/><E8/><N who="0" m="3113" /><D107/><U65/><E20/><V1/><F1/><W76/><G4/><T93/><D36/><U15/><REACH who="1" step="1"/><E15/><REACH who="1" ten="173,297,339,181" step="2"/><V113/><F113/><W132/><G35/><T100/><D33/><U41/><E41/><V64/><F38/><W91/><G34/><T39/><D39/><U86/><E86/><V96/><F37/><W124/><G85/><T123/><D123/><U78/><E78/><V9/><F9/><W133/><G76/><T111/><D111/><U59/><E59/><V88/><F58/><W90/><G122/><T103/><D28/><U0/><E0/><V106/><F99/><W44/><G124/><T82/><D103/><U43/><E43/><N who="2" m="24799" /><F106/><W24/><G132/><T127/><D127/><U97/><E97/><V56/><F56/><W104/><G104/><T45/><D47/><U81/><E81/><V52/><F30/><W102/><G133/><T31/><D31/><U6/><E6/><V131/><F131/><W61/><G102/><T110/><D110/><U14/><E14/><V5/><F5/><W128/><G128/><T101/><D101/><U22/><E22/><V75/><F96/><N who="3" m="57367" /><G91/><T120/><D120/><U94/><E94/><V73/><F73/><W12/><G12/><T55/><D82/><U115/><E115/><V109/><F109/><RYUUKYOKU ba="0,1" sc="173,-10,297,30,339,-10,181,-10" hai1="21,29,57,63,65,68,69,71,83,84,89,117,118" /><INIT seed="5,1,1,0,0,38" ten="163,327,329,171" oya="1" hai0="83,90,57,134,109,62,128,10,24,114,124,8,100" hai1="49,61,51,63,29,56,110,36,6,23,132,50,115" hai2="43,94,9,45,105,77,37,35,79,97,4,98,27" hai3="121,22,122,46,64,32,5,99,103,84,28,25,129"/><U80/><E36/><V16/><F105/><W72/><G72/><T2/><D109/><U40/><E115/><V112/><F112/><W75/><G75/><T106/><D114/><U85/><E132/><V113/><F113/><W39/><G129/><T89/><D134/><U133/><E110/><V86/><F86/><W88/><G5/><T95/><D128/><U18/><E29/><V125/><F125/><W107/><G32/><T30/><D106/><U135/><E6/><V31/><F97/><W81/><REACH who="3" step="1"/><G64/><REACH who="3" ten="163,327,329,161" step="2"/><N who="0" m="38991" /><D124/><U60/><E135/><V73/><F73/><W116/><G116/><T102/><D2/><U92/><E133/><V7/><F7/><W21/><G21/><N who="0" m="15631" /><D8/><U0/><E0/><V67/><F67/><W26/><G26/><T12/><D10/><U42/><E56/><V3/><F16/><W59/><G59/><T65/><D12/><U127/><E127/><V44/><REACH who="2" step="1"/><F45/><REACH who="2" ten="163,327,319,161" step="2"/><W108/><G108/><T68/><D65/><U91/><E80/><V41/><F41/><AGARI ba="1,3" hai="22,25,28,39,41,46,81,84,88,99,103,107,121,122" machi="41" ten="40,8000,1" yaku="1,1,52,1,54,1,53,1" doraHai="38" doraHaiUra="96" who="3" fromWho="2" sc="163,0,327,0,319,-83,161,113" /><INIT seed="6,0,0,3,2,127" ten="163,327,236,274" oya="2" hai0="19,58,64,39,43,6,113,77,24,103,121,110,13" hai1="65,80,18,132,26,54,36,81,52,31,111,11,105" hai2="5,101,50,53,73,90,120,44,125,47,92,60,134" hai3="14,109,70,51,2,63,114,35,135,106,72,4,93"/><V94/><F120/><W17/><G106/><T102/><D110/><U0/><E105/><V119/><F119/><W27/><G109/><T30/><D113/><U128/><E36/><V40/><F73/><W25/><G72/><T115/><D121/><U84/><E65/><V66/><F125/><W7/><G51/><T67/><D115/><U68/><E68/><V96/><F134/><W59/><G70/><T87/><D6/><U22/><E81/><V99/><F5/><W3/><G114/><T10/><D43/><U98/><E98/><V112/><F112/><W75/><G75/><T91/><D77/><U32/><E132/><V95/><F95/><W116/><G116/><T78/><D78/><U1/><E1/><N who="3" m="10" /><G59/><T133/><D39/><U123/><E0/><V15/><F15/><W107/><G63/><T20/><D133/><U29/><E11/><V9/><F9/><N who="3" m="6351" /><G93/><T100/><REACH who="0" step="1"/><D58/><REACH who="0" ten="153,327,236,274" step="2"/><U97/><E123/><V41/><F44/><W130/><G135/><T21/><D21/><U23/><E23/><V46/><F47/><W85/><G4/><T122/><D122/><U12/><E22/><V89/><F101/><W124/><G7/><T131/><D131/><U126/><E128/><V108/><REACH who="2" step="1"/><F108/><REACH who="2" ten="153,327,226,274" step="2"/><W38/><G124/><T118/><D118/><U56/><E111/><V86/><F86/><W42/><G85/><T129/><D129/><U34/><E126/><V117/><F117/><W104/><G130/><T79/><D79/><U57/><E84/><V28/><F28/><N who="3" m="19855" /><G27/><T16/><D16/><U88/><E26/><V49/><F49/><W69/><G69/><AGARI ba="0,2" hai="40,41,46,50,53,60,66,69,89,90,92,94,96,99" machi="69" ten="30,11600,0" yaku="1,1,6,1,7,1,9,1,53,0" doraHai="127" doraHaiUra="76" who="2" fromWho="3" sc="153,0,327,0,226,136,274,-116" /><INIT seed="6,1,0,1,3,41" ten="153,327,362,158" oya="2" hai0="38,135,19,48,105,54,88,112,29,51,10,63,3" hai1="110,124,21,66,58,24,107,111,32,15,16,116,9" hai2="94,93,120,25,43,37,99,56,70,6,39,71,20" hai3="68,87,76,14,89,86,11,104,128,52,44,103,127"/><V31/><F120/><W130/><G76/><T109/><D109/><U2/><E107/><V122/><F122/><W55/><G68/><T75/><D38/><U53/><E66/><V1/><F70/><W60/><G127/><T95/><D75/><U91/><E116/><V79/><F71/><W134/><G134/><T30/><D112/><U85/><E124/><V18/><F79/><W0/><G0/><T117/><D105/><U34/><E2/><V97/><F56/><N who="3" m="34823" /><G104/><T115/><D115/><U82/><E34/><V90/><F43/><W126/><G103/><T8/><D135/><U81/><E32/><V129/><F129/><N who="3" m="49771" /><G126/><T27/><D3/><U125/><E125/><V132/><F132/><W84/><G89/><T83/><D117/><U118/><E118/><V59/><F90/><W33/><G33/><T119/><D119/><U100/><E100/><V4/><F1/><W35/><G35/><T5/><D5/><U80/><E111/><V61/><F6/><N who="3" m="3447" /><G55/><T78/><D8/><U101/><E101/><V40/><F4/><W47/><AGARI ba="1,0" hai="44,47,84,86,87" m="3447,49771,34823" machi="47" ten="40,8000,1" yaku="19,1,52,2,54,1" doraHai="41" who="3" fromWho="3" sc="153,-21,327,-21,362,-41,158,83" /><INIT seed="7,0,0,5,3,91" ten="132,306,321,241" oya="3" hai0="14,27,129,35,59,99,130,44,57,100,29,13,117" hai1="112,83,67,97,78,5,106,46,107,17,93,41,132" hai2="30,123,33,69,135,19,55,76,120,86,10,124,114" hai3="66,28,54,42,51,82,61,64,133,12,77,88,92"/><W72/><G133/><T126/><D117/><U71/><E5/><V7/><F69/><W134/><G134/><T115/><D126/><U60/><E132/><V22/><F135/><W11/><G28/><T9/><D13/><U3/><E3/><N who="2" m="383" /><F55/><W8/><G42/><T43/><D115/><U101/><E17/><V80/><F114/><W0/><G0/><T26/><D27/><U98/><E98/><V38/><F38/><W50/><G64/><T45/><D45/><U116/><E116/><V62/><F62/><W23/><G23/><T122/><D122/><U2/><E2/><V31/><F124/><W53/><G53/><T81/><D81/><U96/><E96/><V84/><F84/><W25/><G25/><T103/><D103/><U95/><E107/><V128/><F128/><W85/><G54/><T56/><D44/><U105/><E105/><V102/><F102/><W73/><G73/><T15/><D43/><U94/><E106/><V121/><F33/><W109/><G109/><T24/><D24/><AGARI ba="0,0" hai="19,22,24,30,31,76,80,86,120,121,123" m="383" machi="24" ten="30,1000,0" yaku="13,1" doraHai="91" who="2" fromWho="0" sc="132,-10,306,0,321,10,241,0" owari="122,-37.8,306,10.6,331,43.1,241,-15.9" /></mjloggm>