<mjloggm ver="2.3"><GO type="169" lobby="0"/><UN n0="%74%65%63%68%74%6F" n1="%E5%A4%A7%E7%A9%BA%E3%82%B9%E3%83%90%E3%83%AB%E2%98%86" n2="%E3%81%9B%E3%81%A9%E3%81%AA%E3%82%8A%E3%81%82%E3%82%93" n3="%E3%81%A1%E3%81%AA%E3%81%A4" dan="17,16,17,17" rate="2133.50,2114.78,2154.99,2159.57" sx="M,F,F,M"/><TAIKYOKU oya="0"/><INIT seed="0,0,0,1,0,27" ten="250,250,250,250" oya="0" hai0="107,50,127,54,124,33,72,59,26,6,122,22,96" hai1="131,133,109,0,118,90,93,88,60,39,129,86,108" hai2="63,31,2,78,104,134,101,121,65,97,87,34,29" hai3="5,1,103,7,89,28,3,46,16,85,92,66,91"/><T9/><D122/><U83/><E0/><V84/><F121/><W49/><G103/><T128/><D128/><N who="1" m="49227" /><E39/><V20/><F2/><W94/><G66/><T113/><D113/><U81/><E60/><V23/><F134/><W95/><G1/><T44/><D72/><U76/><E133/><V75/><F75/><W119/><G119/><T35/><D107/><U51/><E51/><V82/><F87/><W79/><G79/><T126/><D96/><N who="1" m="57383" /><E118/><V123/><F123/><W18/><G3/><N who="0" m="223" /><D59/><U110/><E110/><V43/><F43/><W47/><G94/><T125/><N who="0" m="31744" /><DORA hai="10" /><T21/><D21/><U56/><E56/><V114/><F114/><W135/><G135/><T70/><D70/><U116/><E116/><V8/><F8/><W64/><G64/><T41/><D41/><U13/><E13/><V14/><F14/><W106/><G106/><T99/><D99/><U61/><E61/><V24/><REACH who="2" step="1"/><F31/><AGARI ba="0,0" hai="22,26,31,33,35,44,50,54" m="31744,223" machi="31" ten="60,5800,0" yaku="18,1,52,1" doraHai="27,10" who="0" fromWho="2" sc="250,58,250,0,250,-58,250,0" /><INIT seed="0,1,0,3,2,11" ten="308,250,192,250" oya="0" hai0="30,118,103,29,89,2,134,101,52,128,49,120,15" hai1="44,19,100,86,132,90,55,53,50,66,60,109,61" hai2="110,93,23,107,82,68,4,1,80,116,119,95,31" hai3="92,7,58,131,122,77,22,97,45,113,54,133,102"/><T65/><D2/><U10/><E109/><V129/><F68/><W114/><G133/><T43/><D118/><N who="2" m="45098" /><F1/><W27/><G131/><T83/><D128/><U78/><E132/><V3/><F3/><W37/><G122/><T73/><D120/><U59/><E78/><V67/><F67/><W127/><G127/><T74/><D65/><U117/><E117/><V16/><F4/><W21/><G7/><T36/><D36/><U112/><E112/><V5/><F5/><W115/><G77/><T25/><D43/><U94/><E100/><V121/><F129/><W85/><G85/><T69/><D69/><U40/><E61/><V111/><F31/><W33/><G33/><T8/><D74/><U98/><E98/><V38/><F107/><W135/><G135/><T46/><D134/><U0/><E0/><V108/><F38/><W35/><G35/><T70/><D70/><U42/><E66/><V91/><F121/><W17/><G21/><N who="0" m="15535" /><D30/><U72/><E72/><V32/><F93/><W125/><G125/><T99/><D73/><U79/><E79/><V28/><F28/><W87/><G87/><N who="0" m="50431" /><D99/><U56/><E42/><V13/><F32/><W39/><G39/><T84/><D84/><AGARI ba="1,0" hai="13,16,23,80,82,84,91,95,108,110,111" m="45098" machi="84" ten="40,8000,1" yaku="14,1,12,1,52,1,54,1" doraHai="11" who="2" fromWho="0" sc="308,-83,250,0,192,83,250,0" /><INIT seed="1,0,0,1,3,47" ten="225,250,275,250" oya="1" hai0="50,113,80,43,107,94,25,41,19,11,52,124,117" hai1="34,18,31,70,66,110,8,72,129,62,106,65,58" hai2="119,78,79,53,132,46,56,100,13,88,93,121,48" hai3="76,115,103,86,73,21,104,30,114,85,127,33,102"/><U133/><E72/><V126/><F119/><W14/><G33/><T51/><D107/><U87/><E106/><V27/><F121/><W75/><G30/><T28/><D113/><U69/><E133/><V67/><F132/><W59/><G21/><N who="0" m="15407" /><D117/><U9/><E129/><V81/><F126/><W123/><G104/><T83/><D124/><U1/><E1/><V15/><F100/><W120/><G127/><T101/><D11/><U32/><E110/><V40/><F67/><W29/><G29/><T57/><D19/><U55/><E87/><N who="2" m="48567" /><F79/><W130/><G14/><T24/><D24/><U134/><E134/><V5/><F5/><W38/><G38/><T95/><D95/><U16/><E31/><V91/><F91/><W60/><G76/><T68/><D68/><U17/><E70/><V7/><F7/><W54/><G130/><T71/><D71/><U12/><E69/><V35/><F27/><W82/><G82/><N who="0" m="31275" /><D51/><U96/><E96/><AGARI ba="0,0" hai="41,43,50,52,57,94,96,101" m="31275,15407" machi="96" ten="30,3900,0" yaku="8,1,52,1,54,1" doraHai="47" who="0" fromWho="1" sc="225,39,250,-39,275,0,250,0" /><INIT seed="2,0,0,1,1,43" ten="264,211,275,250" oya="2" hai0="61,118,69,70,21,5,126,80,34,2,74,111,67" hai1="47,9,18,107,3,44,45,40,31,133,19,97,59" hai2="10,98,36,92,24,104,132,13,50,129,112,83,127" hai3="114,27,121,39,66,100,64,75,123,30,115,135,68"/><V22/><F112/><N who="3" m="43051" /><G75/><T32/><D21/><U131/><E31/><V33/><F36/><W122/><G39/><T63/><D111/><U48/><E40/><V41/><F127/><W7/><G135/><T82/><D82/><U117/><E117/><V28/><F129/><W1/><G100/><T91/><D91/><U85/><E133/><V110/><F104/><W116/><G116/><T25/><D126/><U105/><E131/><V11/><F132/><W130/><G130/><T72/><D25/><U20/><E85/><V99/><F33/><N who="0" m="12906" /><D80/><U84/><E84/><V29/><F29/><W54/><G68/><T125/><D125/><U62/><E48/><V58/><F110/><W56/><G7/><T102/><D102/><U0/><E97/><V79/><F92/><W26/><G1/><T101/><D101/><U95/><E95/><V42/><F42/><W120/><N who="3" m="30720" /><DORA hai="46" /><W81/><G81/><T6/><D6/><U90/><E90/><V89/><F89/><W12/><G12/><T108/><D118/><U71/><E71/><V87/><F41/><W55/><G55/><T93/><D93/><U113/><E113/><V109/><F109/><W94/><G94/><T73/><D73/><U76/><E107/><V16/><F10/><W88/><G88/><T53/><D108/><U78/><E105/><V14/><F13/><W103/><G103/><T86/><D2/><U65/><E3/><V57/><F57/><W119/><G119/><T23/><D70/><U38/><E38/><V15/><F14/><W77/><G77/><N who="1" m="29802" /><E20/><V60/><F22/><N who="3" m="15703" /><G27/><T17/><D69/><RYUUKYOKU ba="0,0" sc="264,-15,211,15,275,-15,250,15" hai1="0,9,18,19,44,45,47,59,62,65" hai3="54,56,64,66" /><INIT seed="3,1,0,3,4,61" ten="249,226,260,265" oya="3" hai0="97,108,3,84,88,54,82,68,102,95,51,24,0" hai1="133,109,44,7,76,115,112,121,63,128,30,33,98" hai2="58,134,22,85,132,32,86,114,107,105,89,119,78" hai3="12,23,56,21,129,111,34,90,26,122,8,73,39"/><W43/><G122/><T45/><D108/><U36/><E121/><V42/><F32/><W100/><G73/><T9/><D68/><U79/><E109/><V101/><F42/><W71/><G71/><T64/><D64/><U117/><E133/><N who="2" m="51307" /><F22/><W74/><G74/><T27/><REACH who="0" step="1"/><D9/><REACH who="0" ten="239,226,260,265" step="2"/><U59/><E117/><V49/><F119/><W62/><G111/><T65/><D65/><U17/><E115/><V130/><F114/><W106/><G129/><T131/><D131/><U69/><E112/><V13/><F130/><W120/><G120/><T127/><D127/><U2/><E69/><V94/><F107/><W50/><G34/><T35/><D35/><U92/><E33/><V28/><F105/><W48/><G23/><T91/><D91/><U60/><E128/><V20/><F89/><W11/><G90/><T80/><D80/><U87/><E79/><V72/><F20/><W10/><G100/><T104/><D104/><U31/><E76/><V135/><F78/><W99/><G106/><T93/><D93/><U103/><E92/><V75/><F94/><W113/><G8/><T77/><D77/><U46/><E103/><V47/><F101/><W37/><G10/><T15/><D15/><U52/><E2/><AGARI ba="1,1" hai="0,2,3,24,27,45,51,54,82,84,88,95,97,102" machi="2" ten="40,2600,0" yaku="1,1,54,1,53,0" doraHai="61" doraHaiUra="55" who="0" fromWho="1" sc="239,39,226,-29,260,0,265,0" /><INIT seed="4,0,0,1,4,101" ten="278,197,260,265" oya="0" hai0="79,128,36,46,1,35,10,38,64,134,106,59,100" hai1="21,11,48,124,130,67,23,2,117,41,28,81,92" hai2="13,72,112,66,88,76,97,56,86,25,9,51,104" hai3="89,71,121,75,116,102,114,0,30,18,20,80,14"/><T27/><D128/><U24/><E117/><V6/><F112/><W74/><G116/><T16/><D134/><U55/><E124/><V91/><F72/><W61/><G0/><T3/><D79/><U40/><E130/><V34/><F76/><W95/><G114/><T17/><D1/><U118/><E118/><V58/><F66/><W12/><G102/><T110/><D35/><U133/><E133/><V42/><F34/><W83/><G30/><T49/><D27/><U68/><E23/><V26/><F104/><W22/><G121/><T29/><D29/><U127/><E127/><V73/><F73/><W19/><G74/><T78/><D78/><U7/><E81/><V39/><F39/><W37/><G37/><T33/><D33/><U57/><E68/><V54/><F42/><W90/><G75/><T109/><D38/><U77/><E77/><V113/><F56/><W5/><G5/><N who="0" m="1343" /><D36/><U123/><E67/><V103/><F113/><W105/><G95/><T32/><D32/><U126/><E126/><V135/><F135/><W111/><G111/><N who="0" m="42507" /><D59/><U129/><E129/><V50/><F50/><W93/><G93/><T120/><D64/><U98/><REACH who="1" step="1"/><E123/><REACH who="1" ten="278,187,260,265" step="2"/><V43/><F9/><W84/><G71/><T53/><D120/><U15/><E15/><V115/><F13/><W96/><G12/><T70/><D70/><U65/><E65/><V122/><F122/><W132/><G14/><T82/><D82/><U108/><E108/><V107/><F115/><W131/><G80/><T45/><D45/><U62/><E62/><V8/><F8/><W94/><G132/><RYUUKYOKU ba="0,1" sc="278,15,187,15,260,-15,265,-15" hai0="16,17,46,49,53,100,106" hai1="2,7,11,21,24,28,40,41,48,55,57,92,98" /><INIT seed="4,1,1,0,4,50" ten="293,202,245,250" oya="0" hai0="20,125,14,69,85,72,4,118,44,39,41,83,22" hai1="106,127,134,71,113,107,34,96,0,30,25,54,74" hai2="77,31,82,40,19,98,5,28,55,53,49,58,64" hai3="94,13,81,76,51,89,23,116,38,126,100,36,17"/><T66/><D118/><U47/><E74/><V1/><F40/><W90/><G100/><T63/><D125/><U65/><E0/><V122/><F122/><W130/><G116/><T10/><REACH who="0" step="1"/><D72/><REACH who="0" ten="283,202,245,250" step="2"/><U75/><E75/><V45/><F1/><W24/><G126/><T37/><D37/><U60/><E127/><V101/><F5/><W114/><G36/><T120/><D120/><U131/><E134/><V111/><F111/><W32/><G38/><T46/><D46/><U110/><E110/><V112/><F112/><W67/><G114/><T129/><D129/><U18/><E113/><V12/><F64/><W48/><G67/><T68/><D68/><U87/><E131/><V97/><F77/><AGARI ba="1,2" hai="4,10,14,20,22,39,41,44,63,66,69,77,83,85" machi="77" ten="30,2900,0" yaku="1,1,7,1,53,0" doraHai="50" doraHaiUra="27" who="0" fromWho="2" sc="283,52,202,0,245,-32,250,0" /><INIT seed="4,2,0,3,1,3" ten="335,202,213,250" oya="0" hai0="15,48,90,18,64,4,72,118,74,129,14,27,0" hai1="83,47,63,109,24,135,105,111,19,120,34,46,124" hai2="123,45,119,58,23,12,57,79,88,76,113,77,106" hai3="78,37,55,35,116,127,82,10,31,40,42,86,65"/><T5/><D118/><U73/><E105/><V17/><F106/><W61/><G116/><T56/><D0/><U62/><E120/><V2/><F123/><W89/><G127/><T8/><D129/><U94/><E94/><V67/><F113/><W38/><G55/><T102/><D102/><U92/><E92/><V33/><F33/><W121/><G121/><T51/><D74/><U16/><E83/><V39/><F119/><W60/><G61/><N who="0" m="37927" /><D72/><U132/><E24/><V91/><F2/><W68/><G31/><T93/><D27/><U98/><E73/><V95/><F67/><W81/><G35/><T41/><D15/><U122/><E34/><V85/><REACH who="2" step="1"/><F91/><REACH who="2" ten="335,202,203,250" step="2"/><W115/><G115/><T53/><D53/><U125/><E122/><V54/><F54/><W112/><G112/><T25/><D41/><AGARI ba="2,1" hai="12,17,23,39,41,45,57,58,76,77,79,85,88,95" machi="41" ten="40,5200,0" yaku="1,1,54,1,53,1" doraHai="3" doraHaiUra="70" who="2" fromWho="0" sc="335,-58,202,0,203,68,250,0" /><INIT seed="5,0,0,0,5,130" ten="277,202,271,250" oya="1" hai0="22,45,134,62,98,133,104,42,1,112,24,4,90" hai1="59,19,86,76,12,116,44,18,94,41,13,61,69" hai2="107,29,87,74,7,53,79,32,58,60,103,77,36" hai3="88,57,102,23,52,14,117,78,131,135,124,106,132"/><U92/><E116/><V114/><F36/><W118/><G131/><T67/><D112/><U72/><E69/><V30/><F74/><W85/><G78/><T0/><D104/><U38/><E72/><V54/><F32/><W129/><G129/><T21/><D98/><U96/><E76/><V35/><F35/><W123/><G123/><T101/><D101/><U9/><E86/><V47/><F107/><W10/><G23/><T17/><D90/><U89/><E94/><V109/><F109/><W33/><G33/><T5/><D22/><U115/><E115/><V31/><F103/><W119/><G124/><T111/><D5/><U121/><E121/><V55/><F114/><W46/><G46/><T81/><D81/><U84/><E96/><V20/><F7/><N who="3" m="3423" /><G102/><T37/><D4/><U11/><E59/><V68/><F68/><W113/><G113/><T122/><D111/><U75/><E75/><V70/><F70/><W6/><G6/><T63/><D63/><AGARI ba="0,0" hai="9,11,12,13,18,19,38,41,44,61,63,84,89,92" machi="63" ten="40,2000,0" yaku="9,1" doraHai="130" who="1" fromWho="0" sc="277,-20,202,20,271,0,250,0" /><INIT seed="5,1,0,3,5,19" ten="257,222,271,250" oya="1" hai0="43,69,25,83,91,113,55,96,56,0,53,98,122" hai1="5,59,50,94,76,117,99,1,61,103,87,18,134" hai2="63,40,14,12,8,26,120,95,39,118,17,129,74" hai3="88,28,90,81,80,89,20,42,13,49,57,130,121"/><U36/><E117/><V30/><F118/><W131/><G121/><T125/><D69/><U86/><E36/><V62/><F120/><W71/><G71/><T92/><D0/><U124/><E124/><V21/><F74/><W15/><G15/><T78/><D43/><U35/><E35/><V116/><F116/><W52/><G42/><T106/><D122/><U60/><E134/><V32/><F129/><N who="3" m="49163" /><G13/><T132/><D113/><U6/><E18/><V11/><F32/><W22/><G28/><T31/><D125/><U64/><E61/><V73/><F73/><W108/><G108/><T107/><D98/><U65/><E65/><V112/><F112/><W33/><G33/><T23/><D55/><U48/><E1/><V67/><F67/><W46/><G46/><T102/><D102/><U9/><E9/><V127/><F127/><W82/><AGARI ba="1,0" hai="20,22,49,52,57,80,81,82,88,89,90" m="49163" machi="82" ten="40,8000,1" yaku="19,1,52,2,54,2" doraHai="19" who="3" fromWho="3" sc="257,-21,222,-41,271,-21,250,83" /><INIT seed="6,0,0,4,2,9" ten="236,181,250,333" oya="2" hai0="52,36,32,55,71,113,57,126,69,58,41,15,110" hai1="100,83,26,90,29,104,62,5,74,56,19,47,118" hai2="93,120,82,77,87,44,131,28,92,42,112,2,123" hai3="125,121,115,106,61,124,46,31,107,109,119,88,8"/><V48/><F2/><W98/><G109/><T3/><D32/><U73/><E118/><V135/><F112/><W116/><G121/><T60/><D3/><U21/><E5/><V80/><F131/><W18/><G31/><T101/><D101/><U95/><E47/><V45/><F135/><W22/><G8/><T86/><D110/><U108/><E83/><V50/><F28/><W127/><G115/><T129/><D113/><U24/><E108/><V54/><F120/><W17/><G17/><T103/><D103/><U91/><E91/><V114/><F114/><W64/><G46/><N who="0" m="23847" /><D15/><U1/><E1/><V4/><F123/><W53/><G53/><N who="0" m="33839" /><D86/><U11/><E100/><V10/><F80/><W7/><G7/><T79/><D79/><U85/><E104/><V63/><F63/><W128/><G128/><T33/><D33/><U117/><E117/><V96/><F96/><W70/><G107/><T6/><D6/><U133/><E133/><V49/><F49/><W43/><G43/><T0/><D0/><U130/><E130/><V65/><F65/><W102/><REACH who="3" step="1"/><G88/><REACH who="3" ten="236,181,250,323" step="2"/><T38/><D129/><U134/><E134/><V75/><F10/><W39/><G39/><T111/><D111/><U20/><REACH who="1" step="1"/><E11/><REACH who="1" ten="236,171,250,323" step="2"/><V94/><REACH who="2" step="1"/><F4/><REACH who="2" ten="236,171,240,323" step="2"/><W78/><G78/><T12/><D38/><U132/><E132/><V122/><F122/><W99/><G99/><T105/><D105/><U89/><E89/><AGARI ba="0,3" hai="42,44,45,48,50,54,75,77,82,87,89,92,93,94" machi="89" ten="40,2000,0" yaku="1,1,53,0" doraHai="9" doraHaiUra="97" who="2" fromWho="1" sc="236,0,171,-20,240,50,323,0" /><INIT seed="6,1,0,2,2,89" ten="236,151,290,323" oya="2" hai0="101,107,45,88,80,47,28,55,118,108,17,49,110" hai1="32,103,29,94,19,125,131,99,7,26,116,53,68" hai2="56,113,124,92,39,25,135,59,72,106,104,48,5" hai3="112,33,117,44,105,77,11,20,23,30,82,123,97"/><V86/><F72/><W120/><G117/><T52/><D28/><U109/><E116/><V34/><F39/><W8/><G33/><T1/><D1/><U50/><E109/><V61/><F5/><W51/><G105/><T76/><D118/><U84/><E125/><V127/><F113/><W22/><G30/><T70/><D70/><U114/><E114/><V9/><F9/><W93/><G112/><T81/><D107/><U12/><E131/><V57/><F135/><W13/><G123/><T85/><D101/><U90/><E68/><V78/><F48/><W60/><G60/><T73/><D17/><U58/><E7/><V134/><F134/><W62/><G62/><T40/><REACH who="0" step="1"/><D55/><REACH who="0" ten="226,151,290,323" step="2"/><U64/><E64/><V0/><F0/><W98/><G120/><T10/><D10/><U46/><E46/><V14/><F104/><W71/><G8/><T38/><AGARI ba="1,1" hai="38,40,45,47,49,52,73,76,80,81,85,88,108,110" machi="38" ten="20,8000,1" yaku="1,1,0,1,7,1,54,2,53,0" doraHai="89" doraHaiUra="133" who="0" fromWho="0" sc="226,93,151,-21,290,-41,323,-21" /><INIT seed="7,0,0,1,5,54" ten="319,130,249,302" oya="3" hai0="17,128,81,111,122,33,98,114,16,113,60,88,37" hai1="73,93,20,53,58,77,132,39,66,38,130,133,108" hai2="22,49,107,97,27,64,0,11,101,118,104,78,30" hai3="65,90,86,44,21,80,120,112,23,42,109,129,55"/><W85/><G120/><T4/><D122/><U126/><E20/><V18/><F118/><W48/><G112/><N who="0" m="43115" /><D128/><U35/><E35/><V106/><F78/><W29/><G129/><T51/><D37/><N who="1" m="13835" /><E93/><V127/><F127/><W84/><G109/><T94/><D111/><U96/><E96/><V105/><F64/><W72/><G72/><T116/><D116/><U19/><E19/><N who="0" m="7241" /><D33/><U103/><E103/><V92/><F49/><N who="3" m="26775" /><G65/><T28/><D28/><U57/><E77/><V82/><F82/><W125/><G125/><T95/><D4/><U36/><N who="1" m="13843" /><U100/><DORA hai="25" /><E100/><V99/><F0/><W9/><G9/><T3/><D3/><U110/><E73/><V40/><F40/><W47/><G21/><T32/><D32/><U63/><E126/><V79/><F79/><W26/><AGARI ba="0,0" hai="23,26,29,47,48,55,80,84,85,86,90" m="26775" machi="26" ten="30,3000,0" yaku="8,1,52,1" doraHai="54,25" who="3" fromWho="3" sc="319,-10,130,-10,249,-10,302,30" owari="309,10.9,120,-38.0,239,-16.1,332,43.2" /></mjloggm>