<mjloggm ver="2.3"><GO type="169" lobby="0"/><UN n0="%E7%8C%AA%E7%8B%A9%E5%AE%88" n1="%E3%81%A9%E3%82%93%E3%81%9F%E3%82%83%E3%82%93" n2="%E8%B6%85%E6%94%BB%E6%92%83%E9%BA%BB%E9%9B%80" n3="%E3%81%8B%E3%82%81%E3%81%98%E3%82%8D%E3%81%86" dan="17,16,16,16" rate="2199.61,2162.72,2172.41,2128.49" sx="M,F,M,M"/><TAIKYOKU oya="0"/><INIT seed="0,0,0,2,0,94" ten="250,250,250,250" oya="0" hai0="42,38,56,60,6,59,70,101,3,126,135,4,28" hai1="84,19,29,33,83,117,49,130,73,78,111,95,39" hai2="113,92,96,80,88,55,129,104,0,99,12,44,124" hai3="122,2,112,45,14,134,107,66,27,50,46,79,13"/><T22/><D22/><U58/><E117/><V65/><F113/><W81/><G2/><T114/><D114/><U109/><BYE who="0" /><E39/><V62/><F0/><W32/><G112/><T1/><D1/><U115/><E115/><V31/><F124/><W119/><G119/><T75/><D75/><U133/><E130/><V43/><F129/><W51/><G134/><T36/><D36/><U121/><E121/><V20/><F55/><UN n0="%E7%8C%AA%E7%8B%A9%E5%AE%88" /><W8/><G122/><T41/><D135/><U72/><E133/><V18/><F31/><W25/><G107/><T61/><D38/><U127/><E127/><V116/><F116/><W100/><G100/><T64/><D101/><U97/><E19/><V34/><F34/><W132/><G66/><T15/><D3/><U52/><E29/><V77/><F104/><W98/><G98/><T85/><D28/><U93/><E93/><V90/><F44/><W40/><G132/><T120/><D70/><U86/><E33/><V24/><F43/><N who="0" m="16394" /><D15/><U26/><E26/><V5/><F5/><N who="3" m="3215" /><G14/><T91/><D126/><U63/><E49/><V102/><F12/><W7/><G7/><T30/><D30/><U21/><E21/><V10/><F10/><W87/><G32/><T11/><D11/><U89/><REACH who="1" step="1"/><E72/><REACH who="1" ten="250,240,250,250" step="2"/><V69/><F99/><W76/><G27/><T23/><D23/><U125/><E125/><V82/><F82/><W47/><G25/><T17/><D17/><U118/><E118/><V35/><F35/><W57/><G50/><T131/><D131/><U106/><E106/><V53/><F80/><W67/><G81/><N who="0" m="49583" /><D120/><U48/><E48/><RYUUKYOKU ba="0,1" sc="250,15,240,15,250,-15,250,-15" hai0="4,6,56,59,60,61,64" hai1="52,58,63,73,78,83,84,86,89,95,97,109,111" /><INIT seed="0,1,1,0,1,85" ten="265,255,235,235" oya="0" hai0="13,70,75,98,66,83,94,84,5,64,29,23,82" hai1="26,62,45,54,108,88,78,33,105,24,48,55,4" hai2="101,46,28,25,6,19,7,47,60,135,67,89,1" hai3="27,106,59,116,132,102,49,57,72,97,37,133,30"/><T53/><D75/><U125/><E105/><V99/><F135/><N who="3" m="51787" /><G37/><T34/><D34/><U38/><E38/><V2/><F2/><W77/><G116/><T107/><D107/><U9/><E108/><V104/><F19/><W119/><G119/><T100/><D70/><U74/><E33/><V120/><F120/><W128/><G128/><T20/><D83/><U127/><E78/><V81/><F47/><W35/><G49/><T79/><D53/><U65/><E55/><V90/><F46/><W115/><G115/><T58/><D58/><N who="1" m="37079" /><E74/><V15/><F1/><W51/><G51/><T92/><D92/><U76/><E76/><V80/><F80/><AGARI ba="1,1" hai="27,30,35,57,59,72,77,80,97,102,106" m="51787" machi="80" ten="30,1000,0" yaku="20,1" doraHai="85" who="3" fromWho="2" sc="265,0,255,0,235,-13,235,23" /><INIT seed="1,0,0,1,3,50" ten="265,255,222,258" oya="1" hai0="12,28,36,52,84,76,135,6,51,106,11,24,86" hai1="78,125,68,79,9,31,113,64,30,43,14,108,95" hai2="5,35,70,8,124,112,98,116,23,18,93,74,15" hai3="87,63,16,27,105,115,133,122,61,22,13,134,20"/><U88/><E113/><V32/><F74/><W107/><G122/><T33/><D36/><U129/><E43/><V0/><F70/><W62/><G115/><T19/><D106/><U21/><E129/><V53/><F112/><W102/><G87/><T91/><D76/><U89/><E125/><V94/><F116/><W66/><G66/><T48/><D51/><U120/><E120/><V117/><F117/><W47/><G47/><T104/><D104/><U92/><E108/><V119/><F119/><W72/><G72/><T81/><D86/><N who="1" m="52247" /><E64/><V82/><F124/><W71/><G71/><T40/><D135/><N who="3" m="51721" /><G102/><T99/><D99/><N who="1" m="57839" /><E68/><V109/><F109/><W37/><G37/><T110/><D110/><U38/><E38/><V123/><F123/><W44/><G44/><N who="0" m="27655" /><D6/><N who="1" m="3383" /><E30/><AGARI ba="0,0" hai="13,16,20,22,27,30,61,62,63,105,107" m="51721" machi="30" ten="30,2000,0" yaku="20,1,54,1" doraHai="50" who="3" fromWho="1" sc="265,0,255,-20,222,0,258,20" /><INIT seed="2,0,0,5,5,84" ten="265,235,222,278" oya="2" hai0="39,21,57,80,60,79,37,105,69,41,53,120,63" hai1="27,82,28,31,3,76,4,87,32,34,24,42,96" hai2="127,88,126,40,114,25,19,134,94,109,33,104,85" hai3="99,17,30,124,119,107,116,35,58,86,125,91,66"/><V15/><F114/><W115/><G115/><T47/><D105/><U112/><E112/><V44/><F104/><W75/><G75/><T52/><D120/><U97/><REACH who="1" step="1"/><E42/><REACH who="1" ten="265,225,222,278" step="2"/><V81/><F134/><W111/><G116/><T129/><D129/><U6/><E6/><V71/><F109/><W9/><G119/><T73/><D69/><U74/><E74/><V110/><F110/><W10/><G111/><T132/><D132/><U83/><E83/><V89/><F71/><W135/><G135/><T113/><D113/><U93/><E93/><V118/><F118/><W122/><G122/><T90/><D39/><U36/><E36/><V48/><F33/><W45/><G107/><T18/><D37/><U49/><E49/><V65/><F65/><W29/><G66/><T131/><D41/><U123/><E123/><V102/><F102/><W100/><G100/><T101/><D101/><U98/><E98/><V103/><F103/><W133/><G99/><T51/><D131/><U128/><E128/><V64/><F64/><W22/><G133/><T2/><D63/><U16/><E16/><V56/><F126/><W68/><G68/><T72/><D2/><U106/><E106/><V5/><F127/><W62/><G17/><T13/><D73/><U26/><E26/><V108/><F25/><W46/><G125/><T11/><D72/><U0/><E0/><V7/><F108/><W61/><G124/><T8/><D79/><U20/><E20/><N who="2" m="11391" /><F56/><W23/><G58/><T70/><D70/><U1/><E1/><V12/><F12/><W130/><G130/><T92/><D80/><RYUUKYOKU ba="0,1" sc="265,10,225,10,222,10,278,-30" hai0="8,11,13,18,21,47,51,52,53,57,60,90,92" hai1="3,4,24,27,28,31,32,34,76,82,87,96,97" hai2="5,7,40,44,48,81,85,88,89,94" /><INIT seed="2,1,1,5,3,47" ten="275,235,232,248" oya="2" hai0="11,103,30,102,113,97,114,60,61,20,39,14,66" hai1="10,52,122,106,41,81,54,37,50,93,87,124,3" hai2="15,74,42,94,16,4,78,130,126,7,63,79,64" hai3="55,89,131,40,56,123,68,99,23,59,8,128,9"/><V67/><F130/><N who="3" m="49707" /><G68/><T91/><D39/><U48/><E106/><V70/><F126/><W31/><G40/><T45/><D60/><U92/><E124/><V0/><F0/><W84/><G99/><T6/><D91/><N who="1" m="51695" /><E37/><V25/><F42/><W120/><G59/><T135/><D45/><N who="1" m="25647" /><E3/><V107/><F107/><W83/><G23/><T49/><D49/><U73/><E73/><V43/><F43/><W108/><G31/><T95/><D103/><U134/><E134/><V1/><F1/><W35/><G35/><T133/><D133/><U28/><E122/><N who="3" m="46634" /><G108/><T127/><D135/><U46/><E28/><V33/><F67/><W116/><G116/><T26/><REACH who="0" step="1"/><D127/><REACH who="0" ten="265,235,232,248" step="2"/><U2/><E2/><V85/><F63/><AGARI ba="1,2" hai="8,9,55,56,63,83,84,89" m="46634,49707" machi="63" ten="30,1000,0" yaku="19,1" doraHai="47" who="3" fromWho="2" sc="265,0,235,0,232,-13,248,33" /><INIT seed="3,0,0,1,3,71" ten="265,235,219,281" oya="3" hai0="67,51,64,1,10,102,3,110,79,57,70,29,92" hai1="2,101,118,31,134,55,47,38,120,22,77,42,88" hai2="28,123,9,126,58,13,124,63,37,46,107,133,68" hai3="128,86,36,35,99,32,69,81,125,21,121,109,108"/><W94/><G121/><T41/><D110/><N who="3" m="42601" /><G69/><T62/><D29/><U96/><E120/><V33/><F123/><W112/><G112/><T49/><D79/><U14/><E2/><V15/><F107/><W39/><G125/><T82/><D82/><U59/><E134/><V97/><F68/><W135/><G135/><T20/><D20/><U8/><E77/><V87/><F133/><W44/><G128/><T75/><D75/><U30/><E22/><V117/><F117/><W119/><G119/><T131/><D131/><U6/><E118/><V54/><F97/><W83/><G21/><T7/><D1/><U106/><REACH who="1" step="1"/><E88/><REACH who="1" ten="265,225,219,281" step="2"/><V105/><F124/><W65/><G35/><T130/><D130/><U34/><E34/><V85/><F33/><W89/><G32/><T73/><D73/><U48/><AGARI ba="0,1" hai="6,8,14,30,31,38,42,47,48,55,59,96,101,106" machi="48" ten="20,8000,1" yaku="1,1,0,1,7,1,52,1,53,1" doraHai="71" doraHaiUra="95" who="1" fromWho="1" sc="265,-20,225,90,219,-20,281,-40" /><INIT seed="4,0,0,0,3,82" ten="245,315,199,241" oya="0" hai0="130,122,48,103,106,124,4,53,3,100,56,10,49" hai1="112,90,123,51,68,22,104,50,110,44,87,39,46" hai2="81,15,65,61,105,35,127,120,111,128,58,126,1" hai3="5,93,76,129,121,36,41,47,21,131,125,97,118"/><T96/><D122/><U88/><E123/><V38/><F120/><W16/><G118/><T13/><D124/><N who="2" m="47658" /><F1/><W70/><G125/><T75/><D75/><U27/><E110/><V37/><F35/><W12/><G121/><T91/><D130/><N who="3" m="49673" /><G70/><T117/><D117/><U79/><E68/><V20/><F105/><W74/><G5/><T115/><D115/><U86/><E104/><V19/><F128/><W134/><G134/><T28/><D28/><N who="1" m="17527" /><E39/><V25/><F111/><W107/><G107/><T69/><D69/><U116/><E112/><V89/><F81/><W109/><G109/><T84/><D103/><U72/><E72/><V31/><F89/><N who="1" m="34409" /><E79/><V60/><F60/><W43/><G43/><T62/><REACH who="0" step="1"/><D3/><REACH who="0" ten="235,315,199,241" step="2"/><U77/><E116/><V132/><F132/><W92/><G97/><T0/><D0/><U67/><E77/><V6/><F31/><W7/><G7/><T102/><D102/><U57/><E87/><V71/><F71/><W30/><G30/><T26/><D26/><U83/><E86/><V18/><F6/><W94/><G76/><T119/><D119/><U113/><E113/><V101/><F101/><W17/><G74/><T66/><D66/><U114/><E114/><V2/><F2/><W85/><G85/><T9/><D9/><AGARI ba="0,1" hai="9,15,18,19,20,25,37,38,58,61,65" m="47658" machi="9" ten="30,1000,0" yaku="18,1" doraHai="82" who="2" fromWho="0" sc="235,-10,315,0,199,20,241,0" /><INIT seed="5,0,0,0,0,42" ten="225,315,219,241" oya="1" hai0="128,121,127,120,61,50,86,98,19,63,84,94,85" hai1="64,21,35,8,73,80,43,1,79,77,132,53,135" hai2="82,6,134,7,115,9,72,76,114,74,31,54,23" hai3="56,15,16,95,113,27,30,18,97,38,92,101,103"/><U83/><E35/><V90/><F134/><N who="1" m="51241" /><E64/><V2/><F7/><W67/><G113/><N who="2" m="43017" /><F90/><W99/><G38/><T109/><D109/><U68/><E68/><V93/><F93/><W96/><G96/><T107/><D107/><U22/><E43/><V24/><F54/><W124/><G124/><T13/><D127/><U41/><E41/><V39/><F74/><W89/><G89/><T48/><D128/><U117/><E117/><V33/><F23/><W102/><G102/><N who="0" m="60759" /><D121/><U131/><E131/><V47/><F47/><W49/><G15/><T59/><D120/><U106/><E106/><V119/><F39/><W71/><G71/><T37/><D37/><U36/><E36/><V10/><F10/><W3/><G3/><T14/><D14/><U17/><E53/><V123/><F123/><W104/><G104/><T4/><D4/><N who="1" m="1039" /><E17/><V100/><F100/><W52/><G67/><N who="0" m="39359" /><D63/><U126/><E126/><V111/><F111/><W91/><G91/><T0/><D0/><U46/><E73/><V70/><F70/><W11/><G11/><AGARI ba="0,0" hai="11,13,19,48,50,84,85,86" m="39359,60759" machi="11" ten="30,1000,0" yaku="8,1" doraHai="42" who="0" fromWho="3" sc="225,10,315,0,219,0,241,-10" /><INIT seed="6,0,0,4,1,76" ten="235,315,219,231" oya="2" hai0="114,100,126,23,73,10,11,19,91,66,34,81,61" hai1="28,33,18,105,13,87,22,46,65,88,93,74,49" hai2="7,60,9,63,132,29,108,121,32,43,21,5,27" hai3="53,62,131,113,42,54,101,6,79,94,15,129,109"/><V107/><F121/><W41/><G109/><T128/><D34/><U50/><E105/><V44/><F107/><W78/><G113/><T104/><D126/><U115/><E115/><V58/><F132/><W120/><G120/><T45/><D128/><N who="3" m="49225" /><G101/><T36/><D114/><U124/><E124/><V117/><F117/><W90/><G79/><T77/><D91/><U20/><E74/><V16/><F108/><W111/><G78/><T38/><D100/><U102/><E102/><V89/><F89/><W47/><G62/><T118/><D104/><U99/><E33/><V39/><F58/><W112/><G112/><T133/><D133/><U14/><E65/><V35/><F7/><W2/><G2/><T64/><D64/><U95/><E99/><V125/><F125/><W85/><G42/><T8/><D45/><U67/><E67/><V119/><F35/><W26/><G26/><T4/><D4/><U12/><E28/><V17/><F119/><W130/><G111/><T97/><D97/><U1/><E1/><V48/><F39/><N who="3" m="21951" /><G130/><T31/><D118/><U103/><E103/><V116/><F116/><W110/><G110/><T106/><D106/><U80/><E50/><V98/><F98/><W92/><G92/><T123/><D123/><U56/><E56/><V24/><REACH who="2" step="1"/><F17/><REACH who="2" ten="235,315,209,231" step="2"/><W37/><G37/><T122/><D122/><U55/><E18/><V57/><F57/><W84/><G84/><T86/><D86/><U25/><E87/><V82/><F82/><W135/><G135/><T0/><D19/><N who="1" m="12447" /><E80/><V72/><F72/><W75/><G75/><T40/><D73/><RYUUKYOKU ba="0,1" sc="235,-15,315,-15,209,15,231,15" hai2="5,9,16,21,24,27,29,32,43,44,48,60,63" hai3="6,15,53,54,85,90,94" /><INIT seed="6,1,1,5,4,118" ten="220,300,224,246" oya="2" hai0="92,129,8,63,83,33,112,61,38,4,40,125,115" hai1="42,9,57,84,21,99,108,49,28,114,96,11,31" hai2="23,25,85,134,65,76,20,44,0,131,88,107,106" hai3="102,87,100,59,101,119,10,37,132,62,73,103,24"/><V72/><F0/><W71/><G119/><T26/><D125/><U16/><E108/><V74/><F131/><W109/><G109/><T68/><D129/><U32/><E32/><V86/><F134/><W22/><G73/><T82/><D38/><U1/><E1/><V47/><F65/><W35/><G132/><T27/><D40/><U52/><E42/><V97/><F97/><N who="1" m="37449" /><E114/><N who="0" m="43561" /><D92/><U130/><E130/><V117/><F117/><W80/><G37/><T36/><D36/><U53/><E84/><V78/><REACH who="2" step="1"/><F25/><REACH who="2" ten="220,300,214,246" step="2"/><W12/><G24/><N who="0" m="9259" /><D33/><U126/><E126/><V19/><F19/><W67/><G35/><T70/><D68/><U60/><E31/><V14/><F14/><W50/><G71/><T45/><D70/><U66/><E28/><V91/><AGARI ba="1,2" hai="20,23,44,47,72,74,76,78,85,86,88,91,106,107" machi="91" ten="25,12000,1" yaku="1,1,0,1,22,2,54,1,53,0" doraHai="118" doraHaiUra="30" who="2" fromWho="2" sc="220,-41,300,-41,214,143,246,-41" /><INIT seed="6,2,0,2,4,63" ten="179,259,357,205" oya="2" hai0="82,9,70,51,127,102,42,87,94,100,12,77,119" hai1="65,112,117,8,101,67,17,89,106,15,110,16,45" hai2="84,19,91,95,29,129,26,93,135,4,34,114,33" hai3="113,54,46,116,69,1,118,71,134,31,59,0,30"/><V79/><F79/><W73/><G73/><T109/><D109/><U64/><E110/><V25/><F4/><W56/><G46/><T125/><D70/><U60/><E117/><V32/><F114/><W44/><G44/><N who="0" m="26007" /><D119/><U49/><E112/><V86/><F129/><W28/><G113/><T50/><D50/><U36/><E36/><V130/><F130/><W40/><G40/><T6/><D94/><U52/><E89/><V24/><F135/><W108/><G108/><T85/><D87/><U98/><REACH who="1" step="1"/><E17/><REACH who="1" ten="179,249,357,205" step="2"/><V74/><F19/><W126/><G134/><T47/><D47/><U78/><E78/><V76/><F76/><W83/><G118/><T80/><D80/><U18/><E18/><V2/><F91/><W10/><G116/><T53/><D53/><U115/><E115/><V121/><F121/><W122/><G122/><T41/><D41/><U133/><E133/><V72/><F29/><W5/><G83/><T58/><D58/><AGARI ba="2,1" hai="8,15,16,45,49,52,58,60,64,65,67,98,101,106" machi="58" ten="30,12000,2" yaku="1,1,7,1,52,3,54,2,53,0" doraHai="63" doraHaiUra="39" who="1" fromWho="0" sc="179,-126,249,136,357,0,205,0" /><INIT seed="7,0,0,3,2,54" ten="53,385,357,205" oya="3" hai0="35,111,105,96,85,55,133,44,117,32,91,46,102" hai1="104,21,42,123,116,97,89,79,10,1,127,43,30" hai2="67,33,64,75,34,62,69,112,125,53,9,23,14" hai3="7,47,8,110,132,63,124,122,114,99,95,24,86"/><W107/><G122/><T100/><D117/><U0/><E123/><V18/><F75/><W73/><G114/><T77/><D111/><U134/><E79/><V80/><F112/><W84/><G124/><T70/><D133/><U38/><E127/><V74/><F125/><W106/><G132/><T61/><D102/><U31/><E134/><V72/><F72/><W48/><G73/><T71/><D71/><U78/><E78/><V49/><F67/><W87/><G24/><T82/><D32/><U25/><E116/><V129/><F129/><W92/><G92/><T60/><D60/><U59/><E31/><V19/><F80/><W37/><G37/><T13/><D13/><U39/><E43/><V128/><F74/><W88/><G63/><T20/><D20/><U66/><E42/><V45/><REACH who="2" step="1"/><F128/><REACH who="2" ten="53,385,347,205" step="2"/><W120/><G120/><T57/><D77/><U131/><E131/><V58/><F58/><W51/><G110/><T11/><D70/><U15/><E66/><V17/><F17/><W65/><G65/><T29/><D29/><U90/><E59/><V115/><F115/><W28/><G28/><T119/><D119/><U121/><E121/><V83/><F83/><W3/><REACH who="3" step="1"/><G51/><REACH who="3" ten="53,385,347,195" step="2"/><T108/><D108/><U130/><E130/><V12/><AGARI ba="0,2" hai="9,12,14,18,19,23,33,34,45,49,53,62,64,69" machi="12" ten="20,2700,0" yaku="1,1,0,1,7,1,53,0" doraHai="54" doraHaiUra="26" who="2" fromWho="2" sc="53,-7,385,-7,347,47,195,-13" owari="46,-45.4,378,17.8,394,49.4,182,-21.8" /></mjloggm>