<mjloggm ver="2.3"><GO type="169" lobby="0"/><UN n0="%41%4C%50%45%52%49%4E" n1="%6B%61%7A%75%73%61" n2="%E5%A4%A7%E4%BB%81%E7%94%B0%E8%96%84" n3="%E7%8F%BE%E5%A0%B4%E3%81%AD%E3%81%93" dan="17,17,17,16" rate="2186.07,2146.90,2181.53,2076.40" sx="M,F,M,M"/><TAIKYOKU oya="0"/><INIT seed="0,0,0,2,1,18" ten="250,250,250,250" oya="0" hai0="95,40,105,59,125,29,111,69,55,63,103,90,112" hai1="7,107,27,60,101,118,83,13,19,104,91,78,97" hai2="26,77,82,113,120,119,0,80,31,134,131,4,116" hai3="132,22,3,98,52,21,54,128,57,50,38,49,12"/><T33/><D112/><U121/><E118/><N who="2" m="45099" /><F120/><W11/><G3/><T115/><D115/><U76/><E121/><V122/><F122/><W109/><G109/><T85/><D125/><U25/><E107/><V133/><F113/><W61/><G38/><T96/><D111/><U67/><E7/><V37/><F37/><W88/><G128/><T93/><D40/><U56/><E91/><V129/><F4/><N who="3" m="3175" /><G132/><N who="2" m="50793" /><F0/><W135/><G135/><T14/><D14/><U92/><E104/><V39/><F39/><W108/><G108/><T114/><D114/><U9/><REACH who="1" step="1"/><E76/><REACH who="1" ten="250,240,250,250" step="2"/><V81/><F77/><W2/><G2/><T47/><D105/><U51/><E51/><N who="3" m="19466" /><G54/><T102/><D102/><U106/><E106/><V89/><F89/><W124/><G124/><T36/><D103/><U8/><E8/><V34/><AGARI ba="0,1" hai="26,31,34,80,81,82,129,131" m="50793,45099" machi="34" ten="40,2700,0" yaku="12,1,20,1" doraHai="18" who="2" fromWho="2" sc="250,-13,240,-7,250,37,250,-7" /><INIT seed="1,0,0,4,2,87" ten="237,233,287,243" oya="1" hai0="103,11,99,54,122,133,77,81,51,135,104,20,82" hai1="67,78,130,24,97,45,33,15,14,96,108,83,50" hai2="38,128,95,18,113,73,84,114,79,59,109,27,119" hai3="40,65,41,60,5,29,75,42,34,26,111,80,62"/><U36/><E36/><V56/><F119/><W21/><G111/><T17/><D122/><U9/><E130/><V105/><F105/><W2/><G2/><T71/><D71/><U107/><E107/><V16/><F38/><W49/><G5/><T123/><D123/><U88/><E67/><V3/><F3/><W48/><G34/><T86/><D11/><U127/><E127/><V22/><F109/><W64/><G75/><T30/><D30/><U57/><E57/><V94/><F73/><W74/><G74/><T120/><D82/><U72/><E108/><V25/><F128/><W35/><G35/><T116/><D116/><U66/><E66/><N who="3" m="25706" /><G80/><T13/><REACH who="0" step="1"/><D120/><REACH who="0" ten="227,233,287,243" step="2"/><U7/><E33/><V44/><F22/><W12/><G29/><T1/><D1/><U125/><E125/><V98/><F114/><W106/><G106/><T118/><D118/><U58/><E9/><V6/><F113/><W129/><G129/><T100/><D100/><U89/><E83/><V134/><F134/><W32/><G32/><T102/><D102/><U124/><E124/><V117/><F117/><W121/><G121/><T43/><D43/><U69/><E69/><V8/><F8/><W90/><G41/><T63/><D63/><N who="3" m="24105" /><G42/><T132/><D132/><U85/><E7/><V61/><F61/><W126/><G40/><T93/><D93/><U31/><E31/><V19/><F95/><W91/><G126/><T115/><D115/><U76/><E50/><V46/><F94/><W10/><G49/><T4/><D4/><U92/><E92/><V53/><F6/><N who="3" m="3159" /><G48/><T37/><D37/><RYUUKYOKU ba="0,1" sc="227,15,233,-15,287,-15,243,15" hai0="13,17,20,51,54,77,81,86,99,103,104,133,135" hai3="21,26,90,91" /><INIT seed="2,1,1,5,4,107" ten="242,218,272,258" oya="2" hai0="119,36,88,122,94,83,70,87,68,49,74,57,80" hai1="130,75,39,37,110,120,47,24,71,40,12,63,58" hai2="16,124,17,42,79,66,128,3,1,0,89,43,64" hai3="51,45,67,7,84,60,108,26,85,31,96,22,117"/><V126/><F89/><W106/><G108/><T11/><D122/><U113/><E113/><V109/><F79/><W18/><G7/><T73/><D36/><U111/><E24/><V34/><F34/><W30/><G106/><T21/><D119/><U118/><E12/><V53/><F53/><W10/><G96/><T81/><D21/><U32/><E32/><V65/><F128/><W62/><G10/><T78/><D11/><U77/><E118/><V133/><F133/><W114/><G114/><T101/><D101/><U46/><E130/><V4/><F4/><W95/><G95/><T50/><D78/><U44/><E77/><V54/><F54/><N who="3" m="30063" /><G67/><T8/><D8/><U135/><E75/><V61/><F61/><N who="3" m="23659" /><G117/><T132/><D132/><U82/><E82/><V134/><F109/><N who="1" m="41481" /><E135/><V9/><F9/><W103/><G103/><T69/><REACH who="0" step="1"/><D57/><REACH who="0" ten="232,218,272,258" step="2"/><U131/><E131/><V41/><REACH who="2" step="1"/><F134/><REACH who="2" ten="232,218,262,258" step="2"/><W15/><G31/><T112/><D112/><U5/><E37/><V52/><F52/><W28/><G30/><T92/><D92/><U104/><E104/><V91/><F91/><W93/><G93/><T123/><D123/><U125/><E120/><V121/><F121/><W35/><G35/><T19/><D19/><AGARI ba="1,3" hai="0,1,3,16,17,19,41,42,43,64,65,66,124,126" machi="19" ten="50,18000,2" yaku="1,1,29,2,28,2,54,1,53,0" doraHai="107" doraHaiUra="99" who="2" fromWho="0" sc="232,-183,218,0,262,213,258,0" /><INIT seed="2,2,0,3,2,66" ten="49,218,475,258" oya="2" hai0="44,62,86,14,80,4,110,126,34,102,107,135,94" hai1="49,93,56,72,3,76,134,90,64,128,112,119,16" hai2="73,71,83,129,99,33,22,121,30,23,42,118,108" hai3="103,117,100,54,132,69,28,41,75,7,25,125,111"/><V15/><F121/><W114/><G41/><T92/><D34/><U35/><E112/><V29/><F42/><W45/><G45/><T63/><D110/><U1/><E119/><V88/><F33/><W77/><G7/><T48/><D126/><U31/><E128/><V120/><F120/><W89/><G89/><T46/><D135/><U130/><E130/><V32/><F32/><W19/><G19/><T53/><D107/><U87/><E134/><V67/><F73/><W106/><G54/><T123/><D123/><U113/><E113/><V47/><F47/><W78/><G25/><T55/><D4/><U20/><E31/><V74/><F74/><W124/><G28/><T58/><D14/><U50/><E35/><V60/><F118/><W105/><G75/><T57/><D102/><U2/><E76/><V36/><F36/><W91/><G91/><T52/><D46/><U5/><E72/><V97/><F129/><W95/><G114/><T8/><D8/><U51/><E5/><V133/><F99/><W61/><G132/><T13/><REACH who="0" step="1"/><D13/><REACH who="0" ten="39,218,475,258" step="2"/><U12/><REACH who="1" step="1"/><E64/><REACH who="1" ten="39,208,475,258" step="2"/><V24/><F133/><W17/><G117/><T11/><D11/><U26/><E26/><V59/><F67/><W27/><G27/><T43/><D43/><U79/><E79/><AGARI ba="2,2" hai="44,48,52,53,55,57,58,62,63,79,80,86,92,94" machi="79" ten="30,12000,2" yaku="1,1,7,1,9,1,8,1,54,1,53,1" doraHai="66" doraHaiUra="82" who="0" fromWho="1" sc="39,146,208,-126,475,0,258,0" /><INIT seed="3,0,0,0,5,73" ten="185,82,475,258" oya="3" hai0="31,27,126,112,129,18,41,32,17,87,111,3,83" hai1="59,26,125,107,124,120,20,118,6,46,60,135,45" hai2="36,113,51,131,24,84,25,81,86,29,93,79,5" hai3="7,109,34,15,2,72,43,75,65,134,106,105,128"/><W101/><G15/><T22/><D111/><U10/><E120/><V76/><F113/><W55/><G55/><T9/><D126/><U52/><E118/><V95/><F36/><W23/><G23/><T0/><D112/><U16/><E107/><N who="3" m="40970" /><G101/><T123/><D123/><U108/><E108/><V132/><F131/><W104/><G104/><T98/><D129/><U42/><E135/><V58/><F132/><W114/><G128/><T35/><D98/><U62/><E62/><V61/><F5/><W48/><G48/><T39/><D39/><U116/><E116/><V92/><F51/><W1/><G114/><T44/><D44/><U115/><E115/><V56/><F56/><W133/><G43/><T110/><D41/><U14/><REACH who="1" step="1"/><E45/><REACH who="1" ten="185,72,475,258" step="2"/><V122/><F122/><W85/><G109/><T96/><D110/><U67/><E67/><V99/><F99/><W38/><G65/><T12/><D3/><U30/><E30/><V19/><F29/><W70/><G1/><T88/><D0/><U47/><E47/><V64/><F19/><W50/><G133/><T49/><D18/><U117/><E117/><V57/><F57/><W94/><G70/><T40/><D17/><U21/><E21/><V80/><AGARI ba="0,1" hai="24,25,58,61,64,76,79,80,81,84,86,92,93,95" machi="80" ten="30,8000,1" yaku="0,1,9,1,8,1,52,2" doraHai="73" who="2" fromWho="2" sc="185,-20,72,-20,475,90,258,-40" /><INIT seed="4,0,0,0,4,21" ten="165,52,565,218" oya="0" hai0="22,40,32,85,55,17,74,100,65,5,3,87,101" hai1="44,83,7,90,104,46,43,19,33,34,71,4,8" hai2="1,60,108,20,117,92,79,135,77,120,113,14,116" hai3="115,67,31,48,84,106,37,23,119,76,35,58,109"/><T57/><D74/><U11/><E104/><V111/><F1/><W38/><G109/><T86/><D32/><U29/><E71/><V13/><F60/><W36/><G119/><N who="2" m="45641" /><F120/><W10/><G106/><T52/><D3/><U124/><E124/><V102/><F113/><W93/><G35/><T95/><D5/><U62/><E62/><V39/><F39/><W61/><G10/><T53/><D40/><U82/><E29/><V47/><F47/><W112/><G48/><T121/><D121/><U128/><E19/><N who="2" m="10351" /><F14/><W133/><G133/><T130/><D130/><U134/><E43/><V129/><F135/><W68/><G68/><T122/><D122/><U125/><E90/><V89/><F102/><N who="0" m="39530" /><D65/><U28/><E28/><V132/><F129/><W18/><G31/><T51/><D95/><U63/><E63/><V70/><F70/><W56/><G93/><T80/><D80/><U25/><E125/><V72/><F132/><W45/><G112/><T26/><AGARI ba="0,0" hai="17,22,26,51,52,53,55,57,85,86,87" m="39530" machi="26" ten="30,6000,0" yaku="8,1,52,1,54,1" doraHai="21" who="0" fromWho="0" sc="165,60,52,-20,565,-20,218,-20" /><INIT seed="4,1,0,5,0,30" ten="225,32,545,198" oya="0" hai0="14,31,55,43,72,38,48,135,36,70,94,84,54" hai1="74,119,133,35,96,128,25,44,83,53,78,1,15" hai2="112,122,23,113,33,127,75,131,29,45,13,95,16" hai3="114,100,105,63,40,66,88,62,22,4,21,37,69"/><T85/><D72/><U5/><E119/><V129/><F75/><W9/><G114/><N who="2" m="44137" /><F122/><W17/><G22/><T108/><D70/><U90/><E1/><V125/><F95/><W134/><G134/><T124/><D135/><U3/><E133/><V97/><F97/><W118/><G100/><T6/><D124/><N who="2" m="47690" /><F45/><W91/><G105/><T12/><D31/><U46/><E128/><V71/><F71/><W77/><G69/><T103/><D6/><U27/><E3/><V107/><F107/><W10/><G4/><T64/><D94/><U102/><E90/><V51/><F51/><W98/><G88/><T115/><D115/><U67/><E67/><V101/><F101/><W39/><G91/><T41/><D48/><U110/><E110/><V73/><F73/><W59/><G66/><T89/><D103/><U81/><E81/><V2/><F2/><W76/><G98/><T0/><D0/><U18/><E53/><V104/><F104/><W132/><G77/><T106/><D89/><U49/><E44/><V42/><F42/><W47/><G40/><T60/><D64/><U82/><E82/><V7/><F7/><W19/><G76/><T109/><REACH who="0" step="1"/><D106/><REACH who="0" ten="215,32,545,198" step="2"/><N who="1" m="63815" /><E5/><V57/><F131/><W86/><G132/><T120/><D120/><U50/><E50/><V8/><F129/><W126/><G126/><T34/><D34/><U80/><E80/><V79/><F79/><W61/><G37/><T87/><D87/><U93/><E93/><V65/><F33/><W123/><G123/><T99/><D99/><U32/><E32/><V117/><F65/><N who="3" m="39103" /><G39/><T26/><D26/><RYUUKYOKU ba="1,1" sc="215,30,32,-10,545,-10,198,-10" hai0="12,14,36,38,41,43,54,55,60,84,85,108,109" /><INIT seed="4,2,1,1,3,55" ten="245,22,535,188" oya="0" hai0="15,132,95,123,50,85,104,25,71,41,83,133,17" hai1="113,58,102,87,115,35,110,105,63,129,45,119,72" hai2="68,37,108,3,69,112,125,70,16,109,20,38,126" hai3="82,48,135,100,30,114,22,64,81,128,44,124,77"/><T4/><D123/><U52/><E119/><V39/><F3/><W26/><G114/><N who="1" m="43530" /><E110/><V107/><F107/><W96/><G128/><T98/><D71/><U91/><E129/><V23/><F112/><W62/><G135/><N who="0" m="51787" /><D104/><U122/><E122/><V34/><F34/><W93/><G124/><N who="2" m="47721" /><F20/><W75/><G75/><T21/><D41/><U11/><E72/><V65/><F65/><W29/><G29/><T97/><D50/><N who="1" m="28751" /><E35/><V53/><F53/><W36/><G36/><T1/><D1/><U134/><E134/><V86/><F86/><W120/><G77/><N who="0" m="46319" /><D95/><N who="1" m="54783" /><E11/><AGARI ba="2,1" hai="4,11,15,17,21,25,97,98" m="46319,51787" machi="11" ten="30,1500,0" yaku="20,1" doraHai="55" who="0" fromWho="1" sc="245,31,22,-21,535,0,188,0" /><INIT seed="4,3,0,5,1,28" ten="276,1,535,188" oya="0" hai0="76,72,56,61,81,118,116,15,70,63,110,106,33" hai1="65,73,98,27,120,3,82,119,108,121,35,62,93" hai2="132,50,115,46,75,112,83,68,30,22,66,43,21" hai3="25,100,102,40,85,11,37,101,4,90,103,105,67"/><T24/><D106/><U58/><E119/><V128/><F132/><W2/><G67/><T8/><D110/><U134/><E134/><V79/><F128/><W38/><G40/><T86/><D70/><U135/><E108/><V111/><F111/><W77/><G105/><T44/><D44/><U52/><E135/><V29/><F66/><W42/><G42/><T107/><D107/><U131/><E131/><V96/><F96/><W13/><G77/><T91/><D24/><U95/><E3/><V109/><F68/><W78/><G78/><T34/><D116/><U88/><E73/><V23/><F109/><W104/><G104/><T14/><D118/><U19/><E82/><V49/><F49/><W80/><N who="3" m="25600" /><DORA hai="59" /><W92/><G80/><T129/><D129/><U12/><E93/><V20/><F20/><W97/><G97/><T1/><D1/><U94/><E94/><V113/><AGARI ba="3,0" hai="21,22,23,29,30,43,46,50,75,79,83,112,113,115" machi="113" ten="40,2700,0" yaku="0,1,15,1" doraHai="28,59" who="2" fromWho="2" sc="276,-16,1,-10,535,36,188,-10" owari="260,6.0,-9,-50.9,571,67.1,178,-22.2" /></mjloggm>