<mjloggm ver="2.3"><GO type="169" lobby="0"/><UN n0="%E9%BB%92%E6%B2%A2%E7%BE%A9%E6%98%8E" n1="%74%73%75%6B%69%31" n2="%73%79%75%70%6F%6E" n3="%E3%81%94%E3%82%8B%E3%81%AF%E3%82%80%33%30" dan="17,16,17,17" rate="2195.92,2167.03,2201.32,2198.18" sx="M,M,M,F"/><TAIKYOKU oya="0"/><INIT seed="0,0,0,3,1,23" ten="250,250,250,250" oya="0" hai0="70,33,91,18,103,49,95,81,112,48,134,58,85" hai1="43,28,90,7,102,56,20,113,96,116,39,64,4" hai2="79,107,60,42,22,133,127,98,13,124,5,67,10" hai3="27,128,109,74,14,119,46,135,88,104,117,17,73"/><T65/><D112/><U50/><E116/><V8/><F133/><W57/><G135/><T76/><D134/><U72/><E72/><V15/><F79/><W121/><G104/><T105/><D70/><U101/><E90/><V59/><F42/><W2/><G2/><T99/><D33/><U82/><E82/><V36/><F36/><W122/><G109/><T106/><D106/><U131/><E39/><V125/><F22/><W12/><G128/><T126/><D126/><U19/><E28/><V63/><F63/><W69/><G69/><T44/><D18/><U114/><E131/><V111/><F111/><W94/><G57/><T130/><D130/><U80/><E80/><V100/><REACH who="2" step="1"/><F8/><REACH who="2" ten="250,250,240,250" step="2"/><W61/><G61/><T118/><D118/><U38/><E38/><V97/><F97/><W31/><G117/><T83/><D76/><U92/><E114/><V0/><AGARI ba="0,1" hai="0,5,10,13,15,59,60,67,98,100,107,124,125,127" machi="0" ten="30,4000,0" yaku="1,1,0,1,18,1,53,0" doraHai="23" doraHaiUra="84" who="2" fromWho="2" sc="250,-20,250,-10,240,50,250,-10" /><INIT seed="1,0,0,4,1,127" ten="230,240,290,240" oya="1" hai0="96,109,89,22,134,88,56,117,115,99,52,64,3" hai1="116,111,110,105,124,68,74,129,113,94,126,107,70" hai2="93,9,46,62,21,120,97,103,122,12,95,39,28" hai3="0,61,51,90,10,92,4,50,80,16,32,123,41"/><U44/><E44/><V114/><F114/><W79/><G32/><T15/><D117/><U1/><E1/><V100/><F62/><W2/><G123/><T108/><D3/><U13/><E113/><V72/><F72/><W55/><G41/><T59/><D115/><U45/><E116/><V67/><F67/><W27/><G0/><T24/><D15/><U135/><E74/><V60/><F60/><W112/><G61/><N who="0" m="37927" /><D134/><U131/><E45/><V40/><F28/><W98/><G112/><T73/><D73/><U71/><E13/><V82/><F82/><W125/><G125/><N who="1" m="48234" /><E94/><V38/><F21/><W5/><G5/><T58/><D58/><U54/><E54/><V76/><F76/><W57/><G57/><T86/><D109/><N who="1" m="41483" /><E135/><V66/><F66/><W77/><G55/><T132/><D132/><U128/><AGARI ba="0,0" hai="68,70,71,105,107,128,129,131" m="41483,48234" machi="128" ten="50,36000,4" yaku="28,2,19,1,18,1,14,1,10,1,31,2,52,3" doraHai="127" who="1" fromWho="1" sc="230,-120,240,360,290,-120,240,-120" /><INIT seed="1,1,0,2,1,26" ten="110,600,170,120" oya="1" hai0="42,15,86,114,6,109,52,49,102,135,10,54,71" hai1="55,66,104,72,122,108,98,67,131,19,116,107,78" hai2="130,64,73,126,94,56,51,40,127,47,97,103,82" hai3="3,41,28,106,85,29,70,1,53,112,11,63,45"/><U46/><E116/><V59/><F130/><W37/><G112/><T31/><D114/><U123/><E131/><V117/><F117/><W79/><G106/><T76/><D71/><U125/><E72/><V38/><F64/><W17/><G3/><T7/><D109/><U115/><E78/><N who="2" m="44367" /><F38/><W0/><G0/><T65/><D135/><U83/><E83/><V81/><F81/><W75/><G75/><T92/><D65/><U60/><E125/><AGARI ba="1,0" hai="40,47,51,56,59,94,97,103,125,126,127" m="44367" machi="125" ten="30,1000,0" yaku="18,1" doraHai="26" who="2" fromWho="1" sc="110,0,600,-13,170,13,120,0" /><INIT seed="2,0,0,5,4,32" ten="110,587,183,120" oya="2" hai0="93,44,102,111,53,105,73,103,69,11,56,41,3" hai1="45,113,20,19,33,24,86,7,79,133,54,100,58" hai2="112,96,74,119,14,23,18,55,0,59,21,50,72" hai3="48,40,92,63,132,116,125,89,76,135,127,71,126"/><V77/><F112/><W1/><G76/><T25/><D69/><U10/><E133/><N who="3" m="51274" /><G116/><T4/><D105/><U67/><E33/><V49/><F119/><W84/><G1/><T17/><D73/><U117/><E117/><V29/><F77/><W118/><G118/><T26/><D111/><U95/><E113/><V64/><F64/><N who="3" m="41375" /><G48/><T90/><D103/><U37/><E67/><V115/><F0/><W87/><G40/><T52/><D102/><U104/><E104/><V30/><F115/><W57/><G57/><T46/><D46/><U16/><E45/><V8/><F59/><W123/><G123/><T94/><D94/><U31/><E37/><V35/><F50/><W68/><G68/><T36/><D17/><U109/><E100/><V75/><F18/><W81/><G81/><T78/><D78/><U82/><E95/><V99/><F49/><W51/><G51/><T108/><D108/><U88/><E109/><V80/><F80/><W60/><G60/><T83/><D83/><U27/><E79/><V110/><F110/><W107/><G107/><T129/><D129/><U5/><E19/><V70/><F70/><W128/><G128/><T106/><D106/><U28/><E58/><V98/><F55/><N who="0" m="21066" /><D56/><U43/><E43/><V131/><F131/><W34/><G34/><T65/><D65/><U47/><E54/><V38/><F38/><W61/><G61/><T13/><D3/><U9/><E82/><V6/><REACH who="2" step="1"/><F35/><REACH who="2" ten="110,587,173,120" step="2"/><W15/><G125/><T130/><D130/><U122/><E16/><V85/><F85/><W62/><G126/><T91/><D91/><RYUUKYOKU ba="0,1" sc="110,15,587,-15,173,15,120,-15" hai0="4,11,13,25,26,36,41,44,90,93" hai2="6,8,14,21,23,29,30,72,74,75,96,98,99" /><INIT seed="2,1,1,5,1,48" ten="125,572,188,105" oya="2" hai0="99,83,23,88,79,46,59,106,17,111,41,5,81" hai1="31,118,104,62,6,22,38,60,10,92,20,42,15" hai2="52,100,71,75,8,97,43,78,116,114,65,120,117" hai3="4,68,35,76,58,94,112,82,87,126,45,103,74"/><V27/><F114/><W110/><G68/><T128/><D111/><U125/><E104/><V16/><F120/><W54/><G110/><T24/><D128/><U36/><E118/><V130/><F43/><W40/><G112/><T37/><D5/><U89/><E125/><V72/><F130/><W91/><G126/><T109/><D109/><U96/><E42/><V30/><F65/><W21/><G35/><T132/><D132/><U70/><E70/><V105/><F71/><W14/><G103/><T13/><D106/><U129/><E129/><V119/><F78/><W90/><G90/><T98/><D13/><U57/><E62/><V63/><F8/><W1/><G1/><T12/><D12/><U131/><E22/><V51/><F63/><W55/><G58/><T29/><D29/><U85/><E131/><V11/><F11/><W123/><G123/><T3/><D3/><U122/><E122/><V28/><F28/><W67/><G67/><T133/><D133/><U39/><E31/><V19/><F72/><W25/><G14/><T113/><D113/><U124/><E20/><V101/><F75/><W73/><G73/><T7/><D7/><U26/><E124/><V9/><F9/><W77/><G77/><T49/><D79/><U33/><E33/><V2/><F2/><W86/><G74/><T93/><REACH who="0" step="1"/><D99/><REACH who="0" ten="115,572,188,105" step="2"/><U56/><E96/><N who="2" m="61575" /><F30/><N who="3" m="17711" /><G4/><T66/><D66/><U44/><E6/><V95/><F27/><W135/><G135/><T121/><D121/><U84/><E26/><V127/><F127/><W64/><G64/><T53/><AGARI ba="1,2" hai="17,23,24,37,41,46,49,53,59,81,83,88,93,98" machi="53" ten="30,8000,1" yaku="1,1,0,1,52,1,54,1,53,1" doraHai="48" doraHaiUra="18" who="0" fromWho="0" sc="115,103,572,-21,188,-41,105,-21" /><INIT seed="3,0,0,4,4,82" ten="218,551,147,84" oya="3" hai0="6,107,120,2,65,92,111,67,118,126,15,71,101" hai1="70,26,24,44,83,62,73,10,103,95,55,51,32" hai2="39,45,116,43,104,57,77,17,93,74,36,81,75" hai3="131,50,106,76,121,0,87,91,99,135,3,11,37"/><W28/><G37/><T29/><D118/><U13/><E32/><V78/><F104/><W124/><G121/><T69/><D2/><U9/><E9/><V30/><F116/><W46/><G131/><T20/><D107/><U97/><E73/><V4/><F4/><W47/><G135/><T66/><D120/><U85/><E62/><V79/><F30/><W132/><G132/><T33/><D33/><U90/><E70/><V1/><F1/><W16/><G28/><T60/><D111/><U98/><E98/><V35/><F35/><W54/><G47/><T109/><D109/><U41/><E41/><V21/><F36/><W133/><G124/><T53/><D126/><U114/><E114/><V72/><F93/><W64/><G64/><T14/><D6/><AGARI ba="0,0" hai="6,10,13,24,26,44,51,55,83,85,90,95,97,103" machi="6" ten="30,3900,0" yaku="7,1,8,1,52,1" doraHai="82" who="1" fromWho="0" sc="218,-39,551,39,147,0,84,0" /><INIT seed="4,0,0,2,5,12" ten="179,590,147,84" oya="0" hai0="30,90,33,61,15,50,106,134,47,132,70,27,22" hai1="20,68,17,18,53,87,38,125,128,19,96,13,108" hai2="25,29,34,79,44,41,115,109,111,121,60,129,21" hai3="97,66,71,62,9,8,122,56,105,49,82,42,83"/><T94/><D106/><U84/><E68/><V123/><F79/><W28/><G122/><T135/><D70/><U76/><E38/><V74/><F74/><W102/><G28/><T14/><D61/><U58/><E108/><V110/><F60/><W2/><G2/><T130/><D130/><U65/><E65/><V7/><F44/><W35/><G35/><T101/><D101/><U85/><E128/><V48/><F48/><W127/><G127/><T89/><D33/><U54/><E125/><V3/><F41/><W93/><G105/><T6/><D6/><U120/><E120/><N who="2" m="46155" /><F129/><W23/><G23/><T126/><D126/><U133/><E133/><V107/><F107/><W88/><G71/><T81/><D81/><N who="3" m="30729" /><G102/><T124/><D124/><U51/><E76/><V112/><F21/><W10/><G49/><T1/><D1/><U73/><E73/><V92/><F92/><W36/><G36/><T119/><D119/><U64/><E64/><V46/><F46/><W32/><G32/><T52/><REACH who="0" step="1"/><D89/><REACH who="0" ten="169,590,147,84" step="2"/><U31/><E13/><V75/><F75/><W91/><G91/><T63/><D63/><U4/><E4/><V39/><F7/><W118/><G118/><T116/><D116/><U113/><E113/><N who="2" m="43595" /><F3/><W117/><G117/><T24/><D24/><N who="1" m="16775" /><E53/><V43/><F110/><W67/><G67/><T59/><D59/><U99/><AGARI ba="0,1" hai="17,18,19,51,54,58,84,85,87,96,99" m="16775" machi="99" ten="40,8000,1" yaku="8,1,52,3" doraHai="12" who="1" fromWho="1" sc="169,-40,590,90,147,-20,84,-20" /><INIT seed="5,0,0,5,5,78" ten="129,680,127,64" oya="1" hai0="76,2,15,114,18,25,35,108,43,87,130,34,74" hai1="63,83,69,88,7,49,31,55,109,67,104,68,91" hai2="133,48,71,33,16,39,28,23,10,26,42,115,3" hai3="1,131,60,46,127,12,118,27,57,5,54,82,8"/><U72/><E104/><V124/><F71/><W0/><G131/><T100/><D108/><U97/><E69/><V20/><F39/><W37/><G127/><T53/><D2/><U59/><E109/><V58/><F124/><W106/><G106/><T77/><D74/><U41/><E7/><N who="2" m="1407" /><F58/><W89/><G118/><T75/><D75/><U47/><E31/><N who="2" m="19703" /><F48/><W56/><G27/><T81/><D76/><U40/><E97/><V85/><F85/><W45/><G57/><T73/><D130/><U51/><E40/><V94/><F94/><W125/><G125/><T22/><D73/><U80/><REACH who="1" step="1"/><E72/><REACH who="1" ten="129,670,127,64" step="2"/><V119/><F42/><W110/><G110/><T93/><D43/><U112/><E112/><V36/><F28/><W134/><G5/><T11/><D114/><U107/><E107/><V64/><F115/><W102/><G0/><T66/><D18/><U126/><E126/><V4/><F4/><W9/><G1/><T21/><D87/><U99/><E99/><V50/><F16/><W135/><G135/><T62/><D100/><U105/><E105/><V17/><F17/><W90/><G102/><T14/><D14/><U132/><E132/><V117/><F133/><W123/><G12/><T13/><D15/><U103/><E103/><V38/><F119/><W128/><G134/><T32/><D13/><U70/><E70/><V24/><F117/><W116/><G116/><T19/><D19/><U29/><E29/><V92/><F24/><W111/><G128/><T95/><D25/><U6/><E6/><V121/><F20/><W122/><G111/><T120/><D22/><RYUUKYOKU ba="0,1" sc="129,-10,670,30,127,-10,64,-10" hai1="41,47,49,51,55,59,63,67,68,80,83,88,91" /><INIT seed="5,1,1,1,4,39" ten="119,700,117,54" oya="1" hai0="129,50,11,56,63,131,4,122,41,68,23,116,130" hai1="132,115,99,66,28,55,86,33,118,79,36,123,76" hai2="89,1,47,37,35,92,70,107,126,128,67,121,106" hai3="15,16,112,85,7,88,127,53,25,34,78,24,94"/><U81/><E118/><V77/><F121/><W104/><G104/><T73/><D116/><U32/><E123/><V38/><F35/><W84/><G112/><T3/><D122/><U27/><E115/><V21/><F128/><W109/><G109/><T29/><D73/><U102/><E132/><V135/><F1/><W69/><G69/><T59/><D68/><U72/><E36/><V91/><F126/><W5/><G127/><T51/><D56/><U30/><E66/><V9/><F77/><W58/><G34/><T20/><D29/><U103/><E55/><V49/><F9/><W111/><G111/><T60/><D60/><U110/><E110/><V6/><F6/><N who="3" m="2059" /><G84/><T44/><REACH who="0" step="1"/><D51/><REACH who="0" ten="109,700,117,54" step="2"/><U64/><E72/><V26/><F49/><N who="3" m="31023" /><G78/><T75/><D75/><U117/><E117/><V114/><F37/><W87/><G87/><T108/><D108/><U113/><E113/><V74/><F38/><W71/><G71/><T40/><D40/><U13/><E86/><V57/><F70/><W83/><G83/><T54/><AGARI ba="1,2" hai="3,4,11,20,23,41,44,50,54,59,63,129,130,131" machi="54" ten="30,7900,0" yaku="1,1,0,1,19,1,52,1,53,0" doraHai="39" doraHaiUra="134" who="0" fromWho="0" sc="109,102,700,-40,117,-21,54,-21" /><INIT seed="6,0,0,4,0,101" ten="211,660,96,33" oya="2" hai0="122,109,94,110,33,68,127,128,87,55,12,18,30" hai1="67,31,124,4,23,116,2,20,3,123,96,76,58" hai2="115,9,97,26,37,84,15,44,36,103,19,104,71" hai3="121,27,88,105,72,81,60,57,6,86,85,42,108"/><V48/><F71/><W13/><G108/><T11/><D122/><U95/><E116/><V62/><F115/><W125/><G121/><T118/><D68/><U90/><E123/><V92/><F62/><W35/><G72/><T46/><D118/><U119/><E119/><V93/><F26/><W64/><G125/><T117/><D117/><U49/><E124/><V40/><REACH who="2" step="1"/><F84/><REACH who="2" ten="211,660,86,33" step="2"/><W8/><G85/><T28/><D87/><U79/><E76/><V5/><F5/><W17/><G6/><T43/><D127/><U32/><E79/><V80/><F80/><W1/><G1/><T59/><D109/><U70/><E4/><V54/><F54/><W102/><G42/><T24/><D24/><U65/><E70/><V130/><F130/><W25/><REACH who="3" step="1"/><G35/><REACH who="3" ten="211,660,86,23" step="2"/><T10/><D33/><U112/><E32/><V132/><F132/><W82/><G82/><T63/><D43/><U91/><E112/><V29/><F29/><W39/><G39/><AGARI ba="0,2" hai="9,15,19,36,37,39,40,44,48,92,93,97,103,104" machi="39" ten="40,7700,0" yaku="1,1,52,1,53,1" doraHai="101" doraHaiUra="14" who="2" fromWho="3" sc="211,0,660,0,86,97,23,-77" owari="211,1.1,660,76.0,183,-21.7,-54,-55.4" /></mjloggm>