<mjloggm ver="2.3"><GO type="169" lobby="0"/><UN n0="%43%65%6C%65%73%54%65" n1="%E7%89%A7%E5%A0%B4%E3%81%AE%E5%B0%8F%E5%A5%B3" n2="%6F%74%79%6D%32%34" n3="%41%6C%6C%2D%4C%75%63%6B" dan="16,17,16,16" rate="2112.13,2182.31,2065.74,2090.19" sx="M,F,M,M"/><TAIKYOKU oya="0"/><INIT seed="0,0,0,3,3,20" ten="250,250,250,250" oya="0" hai0="113,125,68,40,29,116,52,95,57,39,109,97,99" hai1="101,14,53,7,74,37,89,119,18,16,131,93,5" hai2="75,83,25,107,135,54,77,6,110,11,81,66,79" hai3="71,46,86,85,123,10,13,72,96,41,1,15,76"/><T49/><D113/><U56/><E131/><V82/><F110/><W69/><G123/><T67/><D116/><U94/><E74/><V30/><F135/><W27/><G96/><T26/><D125/><U120/><E37/><V0/><F107/><W23/><G13/><T106/><D109/><U31/><E119/><V17/><F66/><W132/><G132/><T38/><D106/><U62/><E120/><V114/><F114/><W22/><G22/><T61/><D40/><U129/><E129/><V34/><F79/><W105/><G105/><T112/><D112/><U127/><E127/><V43/><F43/><W80/><G86/><T84/><D84/><U73/><E73/><V87/><F75/><W90/><G1/><T32/><REACH who="0" step="1"/><D97/><REACH who="0" ten="240,250,250,250" step="2"/><N who="1" m="59575" /><E5/><V133/><F133/><W51/><G72/><T102/><AGARI ba="0,1" hai="26,29,32,38,39,49,52,57,61,67,68,95,99,102" machi="102" ten="20,12000,1" yaku="1,1,0,1,7,1,52,1,54,1,53,0" doraHai="20" doraHaiUra="130" who="0" fromWho="0" sc="240,130,250,-40,250,-40,250,-40" /><INIT seed="0,1,0,3,0,55" ten="370,210,210,210" oya="0" hai0="73,23,86,84,0,46,107,108,19,38,120,97,5" hai1="76,7,131,17,49,6,123,12,63,61,117,112,14" hai2="110,20,106,34,66,13,70,11,72,51,16,78,101" hai3="99,74,3,79,56,57,83,59,100,10,64,65,42"/><T133/><D120/><U81/><E117/><V88/><F34/><W43/><G3/><T8/><D133/><U89/><E123/><V124/><F110/><W39/><G10/><T90/><D73/><U94/><E131/><V92/><F124/><W113/><G113/><T128/><D128/><U87/><E112/><V41/><F11/><W58/><N who="3" m="14336" /><DORA hai="40" /><W126/><G126/><T116/><D116/><U29/><E29/><V134/><F134/><W4/><G4/><N who="1" m="1578" /><E49/><V102/><F106/><W105/><REACH who="3" step="1"/><G39/><REACH who="3" ten="370,210,210,200" step="2"/><T75/><D38/><U98/><E14/><V45/><F66/><AGARI ba="1,1" hai="42,43,64,65,66,74,79,83,99,100,105" m="14336" machi="66" ten="50,16000,3" yaku="1,1,2,1,52,4,53,4" doraHai="55,40" doraHaiUra="91,52" who="3" fromWho="2" sc="370,0,210,0,210,-163,200,173" /><INIT seed="1,0,0,0,1,52" ten="370,210,47,373" oya="1" hai0="19,67,1,11,45,94,124,38,59,21,25,2,69" hai1="96,3,77,103,46,134,71,13,47,135,128,109,79" hai2="106,118,130,100,37,132,7,72,89,12,35,27,15" hai3="39,34,60,86,51,9,42,61,88,98,113,116,117"/><U112/><E3/><V115/><F118/><N who="3" m="45675" /><G34/><T129/><D124/><U90/><E71/><V120/><F120/><W57/><G39/><T18/><D129/><U28/><E112/><V53/><F37/><W8/><G98/><T14/><D69/><U119/><E119/><V49/><F130/><W126/><G126/><T33/><D33/><U63/><E90/><V48/><F72/><W131/><G113/><T22/><D94/><U101/><E128/><V92/><F115/><W80/><G131/><T76/><D76/><U36/><E109/><V91/><F132/><W32/><G32/><T26/><D45/><U95/><E101/><V97/><F49/><W78/><G78/><N who="1" m="29706" /><E36/><V110/><F110/><W111/><G111/><T73/><D73/><U16/><E28/><V17/><F7/><W44/><G61/><T87/><D38/><U50/><E63/><V56/><F35/><W41/><G41/><T6/><D87/><U105/><E105/><V5/><F5/><W62/><G62/><AGARI ba="0,0" hai="1,2,6,11,14,18,19,21,22,25,26,59,62,67" machi="62" ten="40,2600,0" yaku="9,1,52,1" doraHai="52" who="0" fromWho="3" sc="370,26,210,0,47,0,373,-26" /><INIT seed="2,0,0,2,5,82" ten="396,210,47,347" oya="2" hai0="93,77,14,87,42,24,126,18,44,62,61,104,52" hai1="40,53,100,121,13,102,134,50,107,75,15,119,74" hai2="80,55,37,49,124,16,92,90,32,76,108,73,3" hai3="131,56,38,135,19,71,109,17,130,43,10,127,51"/><V28/><F3/><W69/><G109/><T118/><D104/><U123/><E40/><V20/><F37/><W39/><G10/><T101/><D126/><U66/><E50/><V116/><F116/><W115/><G127/><T110/><D110/><U133/><E53/><V98/><F108/><W6/><G6/><T9/><D118/><U59/><E59/><V26/><F124/><W70/><G135/><N who="1" m="51722" /><E66/><V4/><F4/><W117/><G117/><T128/><D128/><N who="3" m="49193" /><G115/><T21/><D101/><N who="1" m="39019" /><E107/><V65/><F65/><W72/><G72/><N who="1" m="27690" /><E119/><V23/><REACH who="2" step="1"/><F16/><REACH who="2" ten="396,210,37,347" step="2"/><N who="3" m="6219" /><G43/><T112/><D18/><U122/><AGARI ba="0,1" hai="13,15,121,122,123" m="27690,39019,51722" machi="122" ten="40,8000,1" yaku="28,2,13,1,20,1" doraHai="82" who="1" fromWho="1" sc="396,-20,210,90,37,-40,347,-20" owari="376,47.6,300,-10.0,-3,-50.3,327,12.7" /></mjloggm>