<mjloggm ver="2.3"><GO type="225" lobby="0"/><UN n0="%E6%98%93%E5%88%A9%E8%96%A9%E4%BC%AF" n1="%E8%B5%A4%E3%81%84%E8%9B%99%31%31" n2="%6C%61%6D%62" n3="%E3%82%A2%E3%83%9E%E3%83%9D%EF%BD%9E%EF%BD%9E%E3%83%A9" dan="17,16,16,17" rate="2189.39,2076.38,2258.80,2140.86" sx="F,M,M,M"/><TAIKYOKU oya="0"/><INIT seed="0,0,0,3,2,54" ten="250,250,250,250" oya="0" hai0="51,85,74,111,89,62,26,125,30,5,134,107,78" hai1="50,12,63,48,9,121,72,70,97,57,21,16,83" hai2="43,133,115,135,128,116,46,126,76,3,14,75,8" hai3="130,33,2,31,41,102,1,132,4,131,69,90,52"/><T40/><D107/><U79/><E121/><V29/><F115/><W6/><G102/><T11/><D134/><N who="2" m="51210" /><F128/><N who="3" m="49195" /><G132/><T53/><D125/><U93/><E70/><V24/><F126/><W129/><G41/><T66/><D40/><U7/><E97/><V110/><F110/><W49/><G69/><T34/><D74/><U20/><E93/><V127/><F127/><W67/><G67/><T19/><D78/><U108/><E108/><V27/><F3/><N who="3" m="1035" /><G90/><T32/><D32/><U117/><E117/><V96/><F96/><W101/><G101/><T68/><D19/><U55/><REACH who="1" step="1"/><E21/><REACH who="1" ten="250,240,250,250" step="2"/><V45/><F116/><W118/><G118/><T0/><D111/><U39/><E39/><V113/><F113/><W60/><G129/><T92/><D92/><U82/><E82/><N who="2" m="45343" /><F43/><W122/><G122/><T87/><REACH who="0" step="1"/><D89/><REACH who="0" ten="240,240,250,250" step="2"/><U99/><E99/><V65/><F29/><W98/><G98/><T25/><D25/><AGARI ba="0,2" hai="7,9,12,16,20,25,48,50,55,57,63,72,79,83" machi="25" ten="30,8000,1" yaku="1,1,7,1,52,1,54,1,53,1" doraHai="54" doraHaiUra="17" who="1" fromWho="0" sc="240,-80,240,100,250,0,250,0" /><INIT seed="1,0,0,2,1,108" ten="160,340,250,250" oya="1" hai0="82,78,42,104,106,110,59,39,14,34,87,62,10" hai1="103,63,71,65,15,30,2,53,100,132,22,19,27" hai2="135,20,74,90,98,40,13,84,38,64,117,46,6" hai3="130,121,88,89,96,81,37,11,123,57,21,112,92"/><U12/><E132/><V49/><F117/><W122/><G37/><T105/><D110/><U23/><E2/><V25/><F74/><W26/><G130/><T86/><D34/><U41/><E41/><V5/><F135/><W66/><G11/><T67/><D39/><U56/><REACH who="1" step="1"/><E15/><REACH who="1" ten="160,330,250,250" step="2"/><V32/><F13/><W129/><G122/><T120/><D42/><U45/><E45/><V76/><F40/><W43/><G43/><T109/><D120/><U54/><E54/><V75/><F38/><W91/><G123/><T9/><D109/><U29/><E29/><V72/><F46/><W8/><G121/><T68/><D14/><U95/><E95/><V70/><F64/><W44/><G92/><T31/><D31/><U17/><E17/><V0/><F0/><W134/><G66/><T28/><D28/><U4/><E4/><V51/><F5/><W16/><G44/><T52/><REACH who="0" step="1"/><D87/><REACH who="0" ten="150,330,250,250" step="2"/><U85/><E85/><V79/><F84/><W126/><G134/><T97/><D97/><U114/><E114/><V99/><F99/><W7/><G112/><T48/><AGARI ba="0,2" hai="9,10,48,52,59,62,67,68,78,82,86,104,105,106" machi="48" ten="30,4000,0" yaku="1,1,0,1,54,1,53,0" doraHai="108" doraHaiUra="107" who="0" fromWho="0" sc="150,60,330,-20,250,-10,250,-10" /><INIT seed="2,0,0,1,2,26" ten="210,310,240,240" oya="2" hai0="105,74,127,32,76,53,123,90,2,125,94,37,118" hai1="124,17,135,112,68,78,91,110,18,83,58,66,56" hai2="98,71,72,45,99,61,44,109,8,69,134,20,10" hai3="121,129,27,30,88,36,35,16,28,3,133,67,64"/><V130/><F72/><W116/><G116/><T104/><D37/><U75/><E112/><V128/><F134/><W59/><G121/><T106/><D2/><U96/><E96/><N who="2" m="36907" /><F20/><N who="3" m="13703" /><G35/><T111/><D32/><U11/><E68/><N who="2" m="26187" /><F61/><N who="3" m="37951" /><G36/><T97/><D53/><U119/><E119/><V13/><F13/><W131/><G3/><T31/><D118/><U100/><E75/><V102/><F102/><W39/><G39/><T48/><D48/><U34/><E100/><V43/><F43/><W107/><G107/><T22/><D123/><U29/><E34/><V79/><F79/><W47/><G67/><T12/><D12/><U63/><E78/><V51/><F51/><W122/><G122/><T108/><D76/><U5/><E66/><V50/><F50/><W117/><G133/><T60/><D60/><U6/><E63/><V40/><F40/><W23/><G117/><T19/><D74/><U93/><E135/><V46/><F109/><N who="0" m="42058" /><D19/><U24/><E18/><V38/><F38/><W77/><G77/><T42/><D42/><U92/><E17/><V115/><F115/><W85/><G23/><T1/><D1/><U25/><E110/><V33/><F33/><W114/><G114/><T89/><D89/><U101/><E91/><V120/><F120/><W7/><G47/><N who="2" m="12033" /><V21/><DORA hai="52" /><F21/><W126/><G88/><T41/><D41/><U14/><E101/><V9/><AGARI ba="0,0" hai="8,9,10,128,130" m="12033,26187,36907" machi="9" ten="50,4800,0" yaku="28,2" doraHai="26,52" who="2" fromWho="2" sc="210,-16,310,-16,240,48,240,-16" /><INIT seed="2,1,0,1,5,1" ten="194,294,288,224" oya="2" hai0="14,76,37,126,74,46,107,50,67,58,125,68,100" hai1="33,93,123,110,22,78,61,124,0,97,122,131,84" hai2="109,85,90,113,120,16,63,71,5,80,115,36,64" hai3="12,116,19,11,119,81,40,127,48,114,88,24,35"/><V94/><F120/><N who="1" m="46121" /><E33/><V106/><F106/><W26/><G127/><N who="0" m="48651" /><D74/><U30/><E124/><V15/><F36/><W132/><G132/><T17/><D76/><U92/><E131/><V108/><F5/><W10/><G114/><T73/><D73/><U44/><E0/><V104/><F104/><W128/><G128/><T101/><D107/><U65/><E44/><V54/><F54/><W28/><G26/><T66/><D68/><N who="1" m="42031" /><E110/><N who="2" m="42603" /><F80/><W41/><G41/><N who="0" m="24911" /><D37/><U7/><E7/><V83/><F83/><W34/><G40/><T53/><D101/><U98/><E84/><V62/><F62/><W105/><G105/><T45/><D100/><U2/><E78/><V6/><F6/><N who="3" m="3159" /><G48/><N who="0" m="31015" /><D45/><U18/><E2/><V42/><F42/><W118/><G81/><T59/><D59/><U21/><E92/><V130/><F130/><W23/><G88/><T79/><D79/><U112/><E93/><V75/><F75/><W77/><G77/><T51/><D51/><U91/><E91/><V49/><F49/><W43/><G43/><T111/><D111/><U82/><E82/><V102/><F102/><W96/><G118/><T20/><AGARI ba="1,0" hai="14,17,20,66,67" m="31015,24911,48651" machi="20" ten="30,1100,0" yaku="18,1" doraHai="1" who="0" fromWho="0" sc="194,14,294,-4,288,-6,224,-4" /><INIT seed="3,0,0,4,4,2" ten="208,290,282,220" oya="3" hai0="108,112,49,89,53,37,106,14,79,126,20,6,61" hai1="56,123,63,110,46,10,52,5,85,70,7,24,23" hai2="120,102,98,76,134,27,84,97,11,105,64,17,55" hai3="78,60,43,58,42,92,68,50,3,113,74,67,72"/><W125/><G113/><T127/><D37/><U19/><E123/><V133/><F64/><W30/><G125/><N who="0" m="47627" /><D106/><U38/><E110/><V22/><F120/><W96/><G3/><T59/><D108/><U44/><E70/><V69/><F69/><W129/><G129/><T94/><D112/><U48/><E85/><V77/><F97/><W90/><G30/><T28/><D79/><U122/><E122/><V132/><F55/><W71/><G71/><T25/><D61/><U12/><E38/><V80/><F11/><W57/><G68/><T31/><D14/><U18/><E46/><V128/><REACH who="2" step="1"/><F77/><REACH who="2" ten="208,290,272,220" step="2"/><W101/><G78/><T47/><D59/><U111/><E111/><V39/><F39/><W135/><G42/><AGARI ba="0,1" hai="5,7,10,12,18,19,23,24,42,44,48,52,56,63" machi="42" ten="30,8000,1" yaku="7,1,8,1,52,2,54,1" doraHai="2" who="1" fromWho="3" sc="208,0,290,90,272,0,220,-80" owari="208,-19.2,380,48.0,272,7.2,140,-36.0" /></mjloggm>