<mjloggm ver="2.3"><GO type="225" lobby="0"/><UN n0="%E5%8D%A0%E3%81%84%E5%B8%AB%E8%A3%8F%E3%81%AA%E3%81%84%E3%81%97" n1="%E3%81%AF%E3%82%88%E3%81%8A%E3%81%98%E3%81%95%E3%82%93" n2="%70%6F%69%73%6F%6E%30%32" n3="%E3%82%BC%E3%83%AB%E3%83%80%E3%81%AE%E4%BC%9D%E8%AA%AC" dan="17,16,16,17" rate="2200.16,2216.36,2129.79,2173.08" sx="M,M,M,M"/><TAIKYOKU oya="0"/><INIT seed="0,0,0,4,5,114" ten="250,250,250,250" oya="0" hai0="21,105,28,57,124,56,76,47,27,79,9,3,36" hai1="25,54,52,14,68,61,81,60,133,1,35,88,0" hai2="41,113,51,58,127,11,17,110,92,24,109,90,129" hai3="94,120,4,53,6,42,67,118,59,16,116,43,5"/><T134/><D105/><U62/><E68/><V64/><F113/><W38/><G120/><T20/><D134/><U99/><E133/><V66/><F129/><W75/><G75/><T49/><D124/><U119/><E119/><V95/><F95/><W48/><G67/><T80/><D36/><U84/><E14/><V70/><F70/><W77/><G77/><T50/><D20/><U102/><E0/><V10/><F10/><W65/><G65/><T115/><D115/><U103/><E1/><V29/><F127/><W18/><G94/><T89/><D89/><U34/><E102/><V55/><F41/><W63/><G38/><T45/><D9/><U69/><E69/><V72/><F72/><W122/><G122/><T46/><D3/><U126/><E126/><V33/><F17/><W74/><G74/><T135/><D135/><U93/><REACH who="1" step="1"/><E35/><REACH who="1" ten="250,240,250,250" step="2"/><V87/><F11/><W40/><REACH who="3" step="1"/><G48/><REACH who="3" ten="250,240,250,240" step="2"/><T101/><D49/><U112/><E112/><V108/><AGARI ba="0,2" hai="24,29,33,51,55,58,64,66,87,90,92,108,109,110" machi="108" ten="30,2000,0" yaku="0,1,14,1" doraHai="114" who="2" fromWho="2" sc="250,-10,240,-5,250,40,240,-5" /><INIT seed="1,0,0,0,3,34" ten="240,235,290,235" oya="1" hai0="78,105,14,26,63,108,97,123,22,133,95,127,38" hai1="53,125,1,90,102,9,59,111,49,12,75,58,70" hai2="64,36,126,65,5,46,32,25,98,33,40,112,135" hai3="99,86,121,68,37,52,118,109,81,101,39,130,54"/><U44/><E70/><V94/><F135/><W19/><G121/><T4/><D108/><U93/><E111/><V80/><F126/><W69/><G109/><T91/><D133/><U129/><E125/><V51/><F112/><W15/><G130/><T42/><D127/><U47/><E129/><V116/><F116/><W113/><G113/><T87/><D123/><U11/><E75/><V67/><F5/><W85/><G118/><T57/><D38/><U20/><E102/><V28/><F80/><W60/><G39/><T74/><D42/><U29/><E58/><V43/><F33/><W120/><G37/><T132/><D132/><U18/><E1/><V27/><F27/><W31/><G31/><T24/><D74/><U83/><E83/><V79/><F79/><W10/><G120/><T106/><D106/><U134/><E134/><V35/><F35/><W62/><G62/><T110/><D110/><U21/><E21/><V114/><F114/><W122/><G122/><T8/><D22/><U119/><E119/><V66/><F66/><N who="3" m="41031" /><G85/><T2/><D14/><U3/><E3/><V103/><REACH who="2" step="1"/><F36/><REACH who="2" ten="240,235,280,235" step="2"/><W77/><G77/><T56/><D78/><U73/><E73/><V88/><F88/><W50/><G81/><T30/><D24/><U107/><E29/><V104/><F104/><W45/><G101/><N who="0" m="62639" /><D26/><U17/><E107/><V100/><F100/><W128/><G128/><T71/><D30/><U16/><E18/><V72/><F72/><W84/><G19/><T117/><D117/><U41/><E17/><V13/><F13/><W61/><G15/><T124/><D124/><RYUUKYOKU ba="0,1" sc="240,15,235,-15,280,15,235,-15" hai0="2,4,8,56,57,63,71,87,91,95" hai2="25,28,32,40,43,46,51,64,65,67,94,98,103" /><INIT seed="2,1,1,5,2,8" ten="255,220,295,220" oya="2" hai0="43,132,82,119,127,101,45,36,107,35,103,125,53" hai1="34,85,87,106,83,54,69,115,63,44,91,46,92" hai2="27,56,121,20,78,61,131,18,21,135,38,81,108" hai3="68,19,50,124,116,117,75,22,71,0,123,93,41"/><V128/><F38/><W102/><G123/><T76/><D35/><U31/><E115/><V13/><F121/><W109/><G0/><T11/><D132/><U58/><E106/><V48/><F135/><W47/><G75/><T64/><D64/><U126/><E126/><N who="0" m="48137" /><D119/><U3/><E3/><V55/><F61/><W104/><G104/><T99/><D53/><U25/><REACH who="1" step="1"/><E69/><REACH who="1" ten="255,210,295,220" step="2"/><V33/><F108/><W6/><G124/><T5/><D107/><U16/><E16/><V90/><F131/><W95/><G68/><T52/><D101/><U62/><E62/><V97/><F128/><W72/><G71/><T60/><D103/><U79/><AGARI ba="1,2" hai="25,31,34,44,46,54,58,63,79,83,85,87,91,92" machi="79" ten="20,2700,0" yaku="1,1,0,1,7,1,53,0" doraHai="8" doraHaiUra="14" who="1" fromWho="1" sc="255,-8,210,50,295,-14,220,-8" /><INIT seed="3,0,0,5,2,100" ten="247,260,281,212" oya="3" hai0="40,59,8,29,74,97,113,66,41,90,105,80,42" hai1="83,9,99,72,128,109,54,126,18,132,2,76,57" hai2="75,11,50,111,43,49,77,55,4,89,28,33,79" hai3="23,14,119,20,108,106,118,21,122,16,81,121,73"/><W34/><G73/><T78/><D113/><U71/><E71/><V10/><F111/><W67/><G67/><T112/><D112/><U88/><E109/><V120/><F28/><W45/><G108/><T22/><D8/><U84/><E126/><V5/><F33/><W98/><G81/><T107/><D97/><U27/><E128/><V129/><F129/><W19/><G45/><T24/><REACH who="0" step="1"/><D90/><REACH who="0" ten="237,260,281,212" step="2"/><U134/><E99/><V32/><F89/><W101/><G34/><T95/><D95/><U86/><E88/><V38/><F32/><W110/><G110/><T36/><D36/><U94/><E9/><V123/><F38/><W0/><G0/><T102/><D102/><U48/><E94/><V82/><F11/><W37/><G37/><T130/><D130/><U30/><E2/><V39/><F10/><W104/><G104/><T91/><D91/><U17/><E132/><V51/><F39/><W47/><G47/><T56/><D56/><U117/><E134/><V12/><F5/><W69/><G69/><T62/><AGARI ba="0,1" hai="22,24,29,40,41,42,59,62,66,74,78,80,105,107" machi="62" ten="30,7900,0" yaku="1,1,0,1,52,2,53,0" doraHai="100" doraHaiUra="125" who="0" fromWho="0" sc="237,89,260,-20,281,-20,212,-39" owari="326,42.6,240,-16.0,261,6.1,173,-32.7" /></mjloggm>