<mjloggm ver="2.3"><GO type="169" lobby="0"/><UN n0="%E3%82%B1%E3%83%AB%E3%83%B4%E3%82%A3%E3%83%B3" n1="%E3%81%97%E3%82%82%E3%82%93%E3%81%AC" n2="%68%69%74%6F%6D%69" n3="%57%44%44%69%65" dan="16,16,16,16" rate="2138.24,2185.65,2102.65,2092.77" sx="M,M,F,M"/><TAIKYOKU oya="0"/><INIT seed="0,0,0,3,4,69" ten="250,250,250,250" oya="0" hai0="114,39,130,54,129,86,8,4,104,125,2,90,116" hai1="23,132,57,63,17,70,25,89,101,3,60,1,26" hai2="22,131,34,64,73,31,52,100,6,103,78,28,16" hai3="96,58,20,108,112,48,13,119,33,55,62,120,134"/><T32/><D32/><U7/><BYE who="0" /><E132/><UN n0="%E3%82%B1%E3%83%AB%E3%83%B4%E3%82%A3%E3%83%B3" /><V124/><F124/><W30/><G112/><T74/><D74/><U121/><E121/><V77/><F131/><W127/><G119/><T65/><D114/><U105/><E7/><V83/><F64/><W21/><G108/><T123/><D104/><U53/><E105/><V27/><F6/><W126/><G134/><T36/><D116/><U111/><E101/><V43/><F43/><W102/><G120/><T11/><D123/><U47/><E111/><V118/><F118/><W68/><G13/><T38/><D125/><U84/><E25/><V72/><F31/><W66/><G127/><T45/><D11/><U49/><E70/><V94/><F94/><W133/><G126/><T15/><D2/><U80/><REACH who="1" step="1"/><E63/><REACH who="1" ten="250,240,250,250" step="2"/><V117/><F117/><W35/><G133/><T24/><D24/><U110/><E110/><V46/><F103/><W61/><G61/><T56/><D65/><AGARI ba="0,1" hai="1,3,17,23,26,47,49,53,57,60,65,80,84,89" machi="65" ten="30,2000,0" yaku="1,1,7,1,53,0" doraHai="69" doraHaiUra="71" who="1" fromWho="0" sc="250,-20,240,30,250,0,250,0" /><INIT seed="1,0,0,5,5,105" ten="230,270,250,250" oya="1" hai0="116,3,111,104,100,91,83,103,134,18,88,70,1" hai1="51,97,54,5,80,122,118,41,53,65,4,99,0" hai2="82,69,36,43,60,15,7,27,77,74,121,108,76" hai3="93,131,56,113,46,68,85,34,87,115,49,133,50"/><U102/><E118/><V48/><F108/><W42/><G34/><T73/><D111/><U22/><E122/><V55/><F121/><W107/><G107/><T59/><D116/><U35/><E35/><V23/><F77/><W110/><G110/><T8/><D70/><U33/><E33/><V19/><F36/><W101/><G68/><T78/><D134/><U129/><E129/><V117/><F43/><W20/><G133/><T120/><D120/><U40/><E65/><V37/><F37/><W45/><G131/><T72/><D59/><U30/><E80/><V32/><F117/><W21/><G56/><T109/><D109/><U126/><E126/><V17/><F7/><N who="1" m="2633" /><E0/><V123/><F32/><W9/><G9/><T31/><D31/><U61/><E61/><V125/><F125/><W29/><G29/><T11/><D104/><U81/><E81/><V26/><F123/><W28/><G28/><T90/><D18/><U63/><E63/><V66/><REACH who="2" step="1"/><F19/><REACH who="2" ten="230,270,240,250" step="2"/><W14/><G42/><T47/><D47/><AGARI ba="0,1" hai="15,17,23,26,27,47,48,55,60,66,69,74,76,82" machi="47" ten="30,8000,1" yaku="1,1,2,1,7,1,52,1,53,1" doraHai="105" doraHaiUra="67" who="2" fromWho="0" sc="230,-80,270,0,240,90,250,0" /><INIT seed="2,0,0,3,1,95" ten="150,270,330,250" oya="2" hai0="71,14,73,18,98,63,11,90,25,24,52,54,30" hai1="22,88,51,68,120,31,109,67,130,131,118,83,3" hai2="127,124,12,48,27,6,59,81,78,80,62,65,76" hai3="102,41,21,116,17,113,112,129,87,133,50,4,110"/><V13/><F27/><W40/><G116/><T8/><D73/><U104/><E118/><V46/><F6/><W99/><G133/><T44/><D11/><U77/><E3/><V132/><F132/><W32/><G32/><T82/><D25/><U23/><E109/><V121/><F121/><W49/><G110/><T39/><D71/><U33/><E120/><V7/><F7/><W103/><G87/><T58/><D39/><U56/><E68/><V97/><F97/><W19/><G4/><T91/><D82/><U0/><E104/><V135/><F135/><W115/><G129/><T75/><D75/><U108/><E0/><V119/><F119/><W93/><G103/><T134/><D134/><U60/><E51/><N who="3" m="19466" /><G19/><T1/><D1/><U79/><E108/><V57/><F81/><W128/><G128/><N who="1" m="49194" /><E33/><V105/><F105/><W26/><AGARI ba="0,0" hai="17,21,26,40,41,93,99,102,112,113,115" m="19466" machi="26" ten="40,2700,0" yaku="11,1,52,1" doraHai="95" who="3" fromWho="3" sc="150,-7,270,-7,330,-13,250,27" /><INIT seed="3,0,0,5,0,116" ten="143,263,317,277" oya="3" hai0="25,103,74,68,134,36,10,9,51,35,113,34,40" hai1="87,110,41,105,125,49,13,102,115,99,29,78,47" hai2="95,12,67,98,72,64,126,44,0,129,61,97,21" hai3="33,81,5,32,83,84,89,114,20,24,27,45,11"/><W63/><G114/><T59/><D113/><U92/><E115/><V93/><F0/><W131/><G131/><T48/><D68/><U6/><E110/><V108/><F108/><W130/><G130/><T82/><D103/><U53/><E125/><V109/><F109/><W55/><G83/><T7/><D134/><U127/><E127/><V19/><F72/><W43/><G63/><T66/><D66/><U23/><E29/><V86/><F126/><W73/><G55/><T133/><D133/><U122/><E122/><V30/><F129/><W60/><G60/><T132/><D132/><U2/><E2/><V71/><F67/><W14/><G73/><T17/><D59/><U62/><E62/><V107/><F30/><W65/><G65/><T104/><D104/><U26/><E105/><V31/><F31/><W56/><G56/><T112/><D112/><U70/><E70/><V120/><F44/><W76/><G89/><T8/><D51/><U135/><E135/><V28/><F86/><W85/><G84/><T96/><D48/><U124/><E124/><V75/><F107/><W79/><G79/><T58/><D58/><U106/><E106/><V121/><F75/><W38/><REACH who="3" step="1"/><G27/><REACH who="3" ten="143,263,317,267" step="2"/><T128/><D128/><U3/><E26/><N who="2" m="16463" /><F98/><W119/><G119/><T101/><D82/><U69/><E87/><V52/><F52/><W50/><G50/><T94/><D74/><U42/><E78/><V18/><F97/><W57/><G57/><T15/><D25/><U54/><E54/><V88/><F88/><W77/><G77/><T111/><D111/><U123/><E99/><RYUUKYOKU ba="0,1" sc="143,-10,263,-10,317,-10,267,30" hai3="5,11,14,20,24,32,33,38,43,45,76,81,85" /><INIT seed="3,1,1,4,4,11" ten="133,253,307,297" oya="3" hai0="98,123,32,88,71,94,109,122,42,5,25,126,65" hai1="41,46,55,69,56,97,89,90,84,27,52,61,76" hai2="110,16,7,4,19,50,12,17,96,31,44,66,127" hai3="60,1,3,87,99,59,74,49,125,102,0,78,8"/><W133/><G74/><T34/><D109/><U121/><E121/><V91/><F110/><W67/><G133/><T124/><D42/><U129/><E129/><V134/><F127/><N who="0" m="48682" /><D5/><N who="2" m="2122" /><F66/><W68/><G125/><T33/><D25/><U130/><E130/><V70/><F31/><W21/><G8/><T101/><D101/><U92/><E69/><V75/><F75/><W104/><G21/><T13/><D13/><U117/><E117/><V37/><F37/><W35/><G35/><T80/><D80/><U6/><E6/><V103/><F70/><W47/><G68/><T118/><D118/><U119/><E119/><V131/><F103/><W86/><REACH who="3" step="1"/><G78/><REACH who="3" ten="133,253,307,287" step="2"/><T64/><D71/><U108/><E76/><V20/><F131/><W58/><G58/><T51/><D122/><U15/><E108/><V26/><F134/><W114/><G114/><T93/><D123/><U2/><E56/><V81/><F20/><W105/><G105/><T54/><D94/><U29/><E92/><V45/><F81/><W95/><G95/><T77/><D77/><U100/><E2/><V106/><F106/><W57/><G57/><AGARI ba="1,2" hai="32,33,34,51,54,57,64,65,88,93,98" m="48682" machi="57" ten="40,2600,0" yaku="18,1,54,1" doraHai="11" who="0" fromWho="3" sc="133,49,253,0,307,0,287,-29" /><INIT seed="4,0,0,3,0,89" ten="182,253,307,258" oya="0" hai0="25,80,129,40,126,119,112,72,56,94,132,121,104" hai1="42,8,9,125,77,33,43,38,16,45,85,102,120" hai2="87,90,75,30,66,105,59,108,130,11,86,2,116" hai3="28,73,35,29,20,99,26,57,135,17,31,117,67"/><T78/><D119/><U113/><E120/><V131/><F108/><W93/><G73/><T110/><D121/><U36/><E125/><V84/><F75/><W51/><G135/><T60/><D132/><U107/><E33/><V123/><F105/><W58/><G117/><T74/><D126/><U19/><E113/><V97/><F123/><W124/><G124/><T133/><D112/><U0/><E107/><V14/><F30/><W12/><G58/><T63/><D104/><U41/><E102/><V50/><F2/><W98/><G98/><T106/><D106/><U109/><E109/><V79/><F79/><W118/><G118/><T65/><D110/><U52/><E0/><V44/><F116/><W71/><G71/><T92/><D74/><U76/><E85/><V134/><F134/><W88/><REACH who="3" step="1"/><G51/><REACH who="3" ten="182,253,307,248" step="2"/><T111/><D133/><U39/><E45/><V53/><F97/><W5/><G5/><T82/><D111/><U91/><E36/><V95/><F59/><W6/><G6/><T101/><D56/><U122/><E122/><V15/><F66/><W100/><G100/><T61/><D65/><U27/><E38/><V68/><F68/><W64/><G64/><T4/><D101/><U21/><E39/><V46/><F46/><W32/><G32/><T81/><D4/><U18/><E76/><V23/><F90/><W37/><G37/><T55/><D72/><U3/><E77/><V128/><F50/><W7/><G7/><T24/><D78/><U69/><E91/><V49/><F44/><W34/><G34/><T62/><N who="0" m="15360" /><DORA hai="47" /><T96/><D96/><RYUUKYOKU ba="0,1" sc="182,-10,253,-10,307,-10,248,30" hai3="12,17,20,26,28,29,31,35,57,67,88,93,99" /><INIT seed="5,1,1,5,1,15" ten="172,243,297,278" oya="1" hai0="64,35,79,9,25,49,99,128,87,91,66,56,97" hai1="111,114,6,101,63,89,78,117,67,70,81,133,17" hai2="45,11,46,61,75,36,131,120,103,10,109,108,48" hai3="8,71,44,40,53,2,105,123,65,51,129,24,112"/><U38/><E117/><V124/><F120/><W54/><G123/><T92/><D128/><U59/><E114/><V102/><F75/><W98/><G129/><T58/><D35/><U127/><E133/><V85/><F131/><W52/><G24/><T126/><D126/><U121/><E121/><V73/><F73/><W41/><G112/><T77/><D25/><U18/><E38/><V86/><F61/><W116/><G116/><T69/><D69/><U0/><E127/><V95/><F124/><W94/><G105/><T122/><D122/><U21/><E101/><V1/><F1/><W83/><G83/><T16/><D49/><U100/><E100/><V72/><F72/><W34/><G34/><T74/><D74/><U76/><E111/><V29/><F29/><W107/><G107/><T93/><D87/><N who="1" m="50415" /><E70/><V26/><F26/><W37/><G41/><T106/><D106/><U57/><E0/><V62/><F62/><N who="3" m="40375" /><G2/><T30/><D30/><U28/><E6/><V12/><F36/><W55/><G8/><T84/><D84/><U32/><E32/><V82/><F82/><W113/><G113/><T22/><D9/><U88/><E57/><N who="0" m="22121" /><D64/><U42/><E42/><V96/><F108/><W23/><G23/><T13/><D66/><U33/><E33/><V135/><F11/><W132/><G132/><T5/><D5/><U104/><E104/><V7/><F135/><W119/><G119/><T115/><D115/><U43/><E43/><N who="2" m="24639" /><F109/><W4/><G4/><T68/><D68/><U39/><E39/><V14/><F86/><W50/><G55/><T60/><D60/><RYUUKYOKU ba="1,1" sc="172,15,243,-15,297,-15,278,15" hai0="13,16,22,77,79,91,92,93,97,99" hai3="37,40,44,50,51,52,53,54,94,98" /><INIT seed="6,2,1,2,3,77" ten="187,228,282,293" oya="2" hai0="117,23,65,43,54,51,131,22,53,104,124,49,132" hai1="12,21,52,85,112,10,57,15,60,14,55,73,6" hai2="76,80,67,75,24,4,34,3,111,97,1,56,63" hai3="127,129,83,100,37,48,102,94,38,121,30,128,33"/><V61/><F111/><W107/><G121/><T93/><D104/><U115/><E73/><V69/><F4/><W47/><G127/><T20/><D124/><U64/><E115/><V40/><F40/><W106/><G94/><T39/><D131/><N who="3" m="50249" /><G83/><T89/><D132/><U130/><E112/><V66/><REACH who="2" step="1"/><F97/><REACH who="2" ten="187,228,272,293" step="2"/><W31/><G38/><T71/><D43/><U18/><E130/><V133/><F133/><W26/><G37/><T126/><D39/><U28/><E28/><AGARI ba="2,2" hai="1,3,24,28,34,56,61,63,66,67,69,75,76,80" machi="28" ten="40,3900,0" yaku="1,1,52,1,53,0" doraHai="77" doraHaiUra="90" who="2" fromWho="1" sc="187,0,228,-45,272,65,293,0" /><INIT seed="6,3,0,0,5,30" ten="187,183,337,293" oya="2" hai0="83,29,22,27,25,77,92,79,3,55,45,109,70" hai1="98,10,90,42,74,91,17,130,16,112,2,125,121" hai2="75,93,26,120,105,1,72,9,68,12,46,54,48" hai3="44,53,33,34,132,51,84,52,82,115,59,50,5"/><V122/><F105/><W87/><G132/><T102/><D109/><U118/><E118/><V99/><F68/><W89/><G115/><T69/><D3/><U47/><E112/><V110/><F1/><W108/><G108/><T41/><D55/><U56/><E125/><V114/><F110/><W64/><G5/><T63/><D77/><U19/><E130/><V20/><F114/><W61/><G87/><T62/><D70/><AGARI ba="3,0" hai="33,34,44,50,51,52,53,59,61,64,70,82,84,89" machi="70" ten="30,7700,0" yaku="7,1,52,2,54,1" doraHai="30" who="3" fromWho="0" sc="187,-86,183,0,337,0,293,86" /><INIT seed="7,0,0,0,2,46" ten="101,183,337,379" oya="3" hai0="84,1,132,13,21,99,113,22,134,103,127,65,15" hai1="100,85,93,72,30,86,95,66,83,125,122,10,67" hai2="64,110,82,126,90,2,23,128,133,18,135,105,80" hai3="4,20,51,56,77,17,88,41,118,112,111,11,54"/><W123/><G123/><T45/><D65/><U25/><E122/><V97/><F2/><W7/><G118/><T28/><D84/><U63/><E125/><V26/><F110/><W104/><G104/><T5/><D99/><U117/><E117/><V109/><F109/><W57/><G111/><T108/><D103/><U70/><E66/><V40/><F126/><W6/><G112/><T24/><D45/><U39/><E39/><V120/><F120/><W94/><G77/><T52/><D52/><U129/><E129/><V58/><F128/><W47/><G11/><T76/><D76/><U89/><E10/><V50/><F64/><W92/><G92/><T68/><D68/><U3/><E3/><V8/><F8/><W55/><G55/><T29/><D108/><U61/><E61/><V130/><F130/><W96/><G54/><T107/><D107/><U42/><E42/><V87/><F82/><W48/><G48/><T14/><D127/><U119/><E119/><V124/><F124/><W79/><G79/><T19/><D113/><U35/><E72/><V12/><F26/><AGARI ba="0,0" hai="4,6,7,17,20,26,41,47,51,56,57,88,94,96" machi="26" ten="40,7700,0" yaku="8,1,52,1,54,1" doraHai="46" who="3" fromWho="2" sc="101,0,183,0,337,-77,379,77" owari="101,-39.9,183,-21.7,260,6.0,456,55.6" /></mjloggm>