<mjloggm ver="2.3"><GO type="169" lobby="0"/><UN n0="%E3%81%AB%E3%81%97%E3%81%8B%E3%81%9F" n1="%E3%81%B1%E3%82%93%E3%81%AA%E3%81%93%E3%81%BE%E3%81%A3%E3%81%9F" n2="%70%6F%6E%2D%65%6E" n3="%31%32%33%35%37%38%35" dan="16,18,16,16" rate="2119.05,2239.53,2186.22,2049.98" sx="M,M,F,M"/><TAIKYOKU oya="0"/><INIT seed="0,0,0,5,5,79" ten="250,250,250,250" oya="0" hai0="105,46,111,95,135,75,76,86,8,17,74,21,37" hai1="125,97,51,67,55,48,118,116,18,31,49,134,131" hai2="87,42,122,121,88,40,132,99,124,52,128,65,91" hai3="123,26,27,106,100,101,53,11,13,4,130,59,98"/><T57/><D105/><U85/><E31/><V38/><F124/><W107/><G130/><T64/><D135/><U71/><E97/><V63/><F132/><W0/><G123/><T92/><D8/><U82/><E134/><V77/><F128/><W72/><G72/><T60/><D95/><U39/><E131/><V25/><F77/><W2/><G101/><T10/><D10/><U24/><E39/><V1/><F1/><W35/><G107/><T114/><D114/><U115/><E115/><V90/><F99/><W28/><REACH who="3" step="1"/><G26/><REACH who="3" ten="250,250,250,240" step="2"/><T68/><D74/><U119/><E125/><V113/><F25/><W112/><G112/><T23/><D75/><U20/><E71/><V73/><F113/><W32/><G32/><T102/><D68/><U7/><E7/><V41/><F73/><W109/><G109/><T89/><D102/><U110/><E110/><V126/><F126/><W103/><G103/><T30/><D111/><U81/><E67/><V34/><F34/><W61/><AGARI ba="0,1" hai="0,2,4,11,13,27,28,35,53,59,61,98,100,106" machi="61" ten="20,2700,0" yaku="1,1,0,1,7,1,53,0" doraHai="79" doraHaiUra="36" who="3" fromWho="3" sc="250,-13,250,-7,250,-7,240,37" /><INIT seed="1,0,0,1,3,72" ten="237,243,243,277" oya="1" hai0="98,61,43,106,135,107,112,132,25,122,41,81,95" hai1="77,82,65,13,91,134,89,63,59,105,125,48,58" hai2="34,111,119,109,73,19,110,118,93,68,7,23,94" hai3="74,70,127,29,126,47,96,18,120,17,51,123,26"/><U101/><E125/><N who="3" m="47626" /><G70/><T53/><D112/><U113/><E134/><N who="0" m="51241" /><D122/><N who="3" m="46633" /><G96/><T36/><D25/><U10/><E113/><V92/><F34/><N who="3" m="20791" /><G74/><T4/><D4/><U131/><E131/><V56/><F68/><W8/><G8/><T54/><D81/><U0/><E0/><V28/><F28/><W88/><G88/><N who="0" m="55655" /><D36/><U64/><E101/><V71/><F7/><W44/><G44/><T9/><D9/><U84/><E105/><N who="0" m="39945" /><D53/><AGARI ba="0,0" hai="17,18,47,51,53" m="20791,46633,47626" machi="53" ten="30,1000,0" yaku="18,1" doraHai="72" who="3" fromWho="0" sc="237,-10,243,0,243,0,277,10" /><INIT seed="2,0,0,1,3,17" ten="227,243,243,287" oya="2" hai0="118,99,56,10,20,29,80,19,55,49,11,103,100" hai1="130,113,15,70,124,90,46,36,50,1,8,122,71" hai2="62,13,65,69,126,26,83,25,64,4,134,30,47" hai3="40,78,133,114,88,42,16,111,38,74,3,110,96"/><V39/><F134/><W125/><G3/><T6/><D118/><U121/><E113/><V112/><F126/><W93/><G133/><T132/><D132/><U14/><E124/><V82/><F112/><W37/><G125/><T79/><D29/><U59/><E130/><V51/><F39/><W66/><G66/><T92/><D103/><U73/><E73/><V63/><F13/><N who="1" m="4617" /><E36/><V31/><F4/><W87/><G74/><T81/><D79/><U129/><E59/><V102/><F102/><W76/><G114/><T85/><D85/><U7/><E90/><V32/><F51/><W117/><G117/><T67/><D67/><U107/><E107/><V72/><F72/><W101/><G38/><T23/><D19/><U44/><E44/><V12/><F12/><W52/><G16/><T120/><D120/><N who="1" m="46187" /><E129/><V68/><REACH who="2" step="1"/><F47/><REACH who="2" ten="227,243,233,287" step="2"/><W135/><G37/><T54/><D6/><U33/><E33/><AGARI ba="0,1" hai="25,26,30,31,32,33,62,63,64,65,68,69,82,83" machi="33" ten="30,18000,2" yaku="1,1,2,1,7,1,32,3,53,0" doraHai="17" doraHaiUra="115" who="2" fromWho="1" sc="227,0,243,-180,233,190,287,0" /><INIT seed="2,1,0,4,2,34" ten="227,63,423,287" oya="2" hai0="67,92,5,13,51,29,112,39,130,12,87,71,4" hai1="128,122,117,11,41,133,35,61,26,70,107,121,108" hai2="135,33,88,18,82,64,10,77,58,110,19,24,134" hai3="20,118,132,21,72,48,50,27,42,66,100,120,45"/><V14/><F110/><W124/><G118/><T55/><D39/><U109/><E107/><V127/><F127/><W80/><G120/><N who="1" m="46186" /><E41/><V2/><F2/><W93/><G132/><T0/><D112/><U52/><E52/><V90/><F33/><W96/><G124/><T15/><D130/><U36/><E36/><V53/><F24/><W98/><G66/><T104/><D104/><U115/><E61/><V7/><F64/><W17/><G21/><T59/><D29/><N who="1" m="19895" /><E70/><V25/><F25/><W103/><G72/><T28/><D28/><U113/><E133/><N who="2" m="50699" /><F19/><W105/><G80/><T101/><D71/><U46/><E46/><V69/><F18/><W97/><G97/><T30/><D30/><U106/><E106/><V63/><F69/><W54/><G54/><T125/><D67/><U85/><E85/><AGARI ba="1,0" hai="7,10,14,53,58,63,77,82,85,88,90" m="50699" machi="85" ten="30,2900,0" yaku="20,1,54,1" doraHai="34" who="2" fromWho="1" sc="227,0,63,-32,423,32,287,0" /><INIT seed="2,2,0,4,4,116" ten="227,31,455,287" oya="2" hai0="124,42,80,34,96,38,22,84,13,36,101,71,113" hai1="112,127,10,85,69,118,115,30,32,41,47,43,50" hai2="109,2,53,91,28,110,82,21,24,61,3,33,6" hai3="54,46,89,16,40,67,62,39,129,48,59,9,111"/><V123/><F123/><W119/><G111/><N who="2" m="42505" /><F6/><W31/><G31/><T57/><D34/><U103/><E118/><V122/><F122/><W100/><G119/><T117/><D71/><U75/><E75/><V88/><F33/><W134/><G100/><T125/><D117/><U29/><E127/><N who="0" m="48713" /><D113/><U52/><E69/><V79/><F53/><W77/><G77/><N who="0" m="46095" /><D42/><U18/><E103/><V97/><F61/><W98/><G134/><T72/><D72/><U63/><E32/><V7/><F7/><W94/><G129/><T58/><D22/><U55/><E115/><V132/><F132/><W108/><G108/><T17/><D17/><U14/><E112/><V64/><F64/><W66/><G39/><N who="0" m="14891" /><D13/><AGARI ba="2,0" hai="9,13,16,40,46,48,54,59,62,66,67,89,94,98" machi="13" ten="40,2600,0" yaku="8,1,54,1" doraHai="116" who="3" fromWho="0" sc="227,-32,31,0,455,0,287,32" /><INIT seed="3,0,0,5,2,9" ten="195,31,455,319" oya="3" hai0="123,6,129,110,32,83,78,66,0,122,113,11,1" hai1="20,109,38,13,45,94,55,25,107,7,53,68,35" hai2="102,22,128,125,101,36,59,76,43,19,89,117,51" hai3="135,88,71,14,104,127,82,118,28,85,44,52,16"/><W124/><G118/><T74/><D66/><U96/><E109/><V63/><F117/><W26/><G71/><T60/><D110/><U47/><E68/><V18/><F128/><W95/><G104/><T84/><D129/><U39/><E107/><V92/><F125/><N who="3" m="48203" /><G135/><T90/><D32/><U40/><E35/><V34/><F34/><N who="3" m="20759" /><G44/><T86/><D60/><U23/><E7/><V130/><F36/><W50/><G50/><T103/><D0/><U29/><E39/><V73/><F76/><W65/><G65/><T105/><D84/><U75/><E75/><V80/><F80/><W134/><G52/><T133/><D133/><U91/><REACH who="1" step="1"/><E47/><REACH who="1" ten="195,21,455,319" step="2"/><V132/><F73/><W49/><G134/><T57/><D113/><U108/><E108/><V69/><F132/><W12/><G49/><T119/><D119/><U24/><E24/><V115/><F130/><W131/><G131/><T3/><D105/><U5/><E5/><V87/><F115/><W97/><G16/><AGARI ba="0,1" hai="13,16,20,23,25,29,38,40,45,53,55,91,94,96" machi="16" ten="40,5200,0" yaku="1,1,52,1,54,1,53,0" doraHai="9" doraHaiUra="72" who="1" fromWho="3" sc="195,0,21,62,455,0,319,-52" /><INIT seed="4,0,0,3,1,63" ten="195,83,455,267" oya="0" hai0="42,56,125,101,41,85,113,10,60,108,8,132,46" hai1="99,55,88,126,103,134,43,109,9,19,100,30,87" hai2="96,114,91,98,25,38,128,119,14,106,29,102,34" hai3="75,54,67,37,21,18,118,5,65,31,52,107,121"/><T130/><D113/><U57/><E109/><V117/><F38/><W0/><G75/><T76/><D108/><U53/><E126/><V51/><F114/><W82/><G107/><T72/><D125/><U20/><E134/><V90/><F128/><W89/><G118/><N who="2" m="45065" /><F98/><W39/><G0/><T123/><D123/><U62/><E43/><V17/><F51/><W47/><G5/><T80/><D132/><U44/><E30/><V97/><F97/><W24/><G121/><T36/><D101/><U15/><E99/><V115/><F115/><W122/><G122/><T81/><D41/><U71/><E71/><V73/><F73/><W7/><G7/><T33/><D33/><U86/><E86/><V4/><F4/><W94/><G82/><T131/><D131/><U35/><E35/><V26/><F26/><W69/><G69/><T110/><D110/><U27/><E44/><V12/><F12/><W28/><G39/><T50/><D36/><U23/><E23/><AGARI ba="0,0" hai="14,17,23,25,29,34,90,91,96,102,106" m="45065" machi="23" ten="30,1000,0" yaku="12,1" doraHai="63" who="2" fromWho="1" sc="195,0,83,-10,455,10,267,0" /><INIT seed="5,0,0,5,3,81" ten="195,73,465,267" oya="1" hai0="82,20,96,42,94,121,88,67,57,113,49,48,77" hai1="15,110,2,84,74,58,76,70,123,8,103,40,68" hai2="52,38,12,114,122,36,120,10,50,87,22,25,100" hai3="66,31,1,134,34,106,47,9,105,51,53,45,97"/><U54/><E123/><V98/><F120/><W69/><G134/><T41/><D121/><U21/><E110/><V116/><F116/><W24/><G47/><T85/><D113/><U128/><E128/><V37/><F122/><W17/><G17/><T119/><D119/><U14/><E103/><V125/><F125/><W111/><G111/><T86/><D96/><U29/><E2/><V59/><F114/><W46/><G46/><T39/><D39/><U126/><E74/><V131/><F131/><W75/><G75/><T99/><D99/><U23/><E40/><N who="0" m="15465" /><D20/><U11/><E126/><V7/><F87/><W62/><G106/><T16/><D16/><N who="1" m="8263" /><E70/><V18/><REACH who="2" step="1"/><F37/><REACH who="2" ten="195,73,455,267" step="2"/><W91/><G97/><T92/><D92/><AGARI ba="0,1" hai="7,10,12,18,22,25,36,38,50,52,59,92,98,100" machi="92" ten="30,7700,0" yaku="1,1,2,1,7,1,54,1,53,0" doraHai="81" doraHaiUra="108" who="2" fromWho="0" sc="195,-77,73,0,455,87,267,0" /><INIT seed="6,0,0,5,2,102" ten="118,73,542,267" oya="2" hai0="68,100,36,132,130,88,32,4,50,120,66,85,17" hai1="99,57,29,20,41,43,59,51,47,48,44,107,106" hai2="72,67,131,16,30,92,94,38,49,77,39,35,63" hai3="135,40,52,126,84,129,45,133,108,109,110,58,76"/><V60/><F131/><W114/><G76/><T37/><D130/><U61/><E99/><V0/><F0/><W7/><G129/><T105/><D32/><U115/><E115/><V78/><F49/><W26/><G7/><T64/><D120/><U19/><E29/><V71/><F30/><W33/><G84/><T96/><D4/><U62/><E20/><V28/><F28/><W12/><G12/><T89/><D132/><U73/><E19/><V11/><F35/><W87/><G87/><T69/><D17/><U86/><E86/><V15/><F60/><W112/><G26/><T31/><D31/><U118/><E73/><V21/><F21/><W53/><G126/><T119/><D119/><AGARI ba="0,0" hai="41,43,44,47,48,51,57,59,61,62,106,107,118,119" machi="119" ten="25,6400,0" yaku="22,2,52,2" doraHai="102" who="1" fromWho="0" sc="118,-64,73,64,542,0,267,0" /><INIT seed="7,0,0,1,4,131" ten="54,137,542,267" oya="3" hai0="97,85,89,59,123,84,99,120,70,47,67,105,101" hai1="44,8,115,77,90,104,87,78,72,75,128,106,32" hai2="56,7,60,6,46,124,57,83,53,130,82,37,31" hai3="108,29,42,54,3,100,61,110,76,121,127,122,50"/><W109/><G3/><T74/><D70/><U52/><E32/><V111/><F111/><W22/><G76/><N who="1" m="29290" /><E44/><V24/><F124/><W80/><G80/><T12/><D47/><U10/><E52/><V0/><F130/><W49/><G100/><T55/><D67/><U33/><E33/><V69/><F69/><W26/><G127/><T4/><D4/><U134/><E128/><V102/><F102/><W116/><G116/><T45/><D45/><U93/><E10/><V48/><F37/><W16/><G42/><T95/><D12/><U68/><E8/><V113/><F113/><W129/><G129/><T64/><D64/><U92/><E68/><V107/><F107/><N who="1" m="41001" /><E115/><V133/><F57/><W114/><G114/><T119/><D59/><U23/><E23/><V30/><F30/><W40/><G40/><T11/><D11/><U51/><E51/><V98/><F6/><W43/><G43/><T66/><D66/><U81/><E134/><V9/><F133/><W65/><G54/><T125/><D125/><U2/><E2/><V94/><F24/><W35/><G61/><T86/><D55/><U71/><E71/><V112/><F112/><W132/><G65/><T27/><D27/><U79/><N who="1" m="29298" /><U58/><DORA hai="135" /><E58/><V14/><F31/><W20/><G132/><T39/><D39/><U62/><E62/><V103/><F0/><W41/><G41/><AGARI ba="0,0" hai="7,9,14,41,46,48,53,56,60,82,83,94,98,103" machi="41" ten="30,2000,0" yaku="7,1,8,1" doraHai="131,135" who="2" fromWho="3" sc="54,0,137,0,542,20,267,-20" owari="54,-44.6,137,-26.3,562,66.2,247,4.7" /></mjloggm>