<mjloggm ver="2.3"><GO type="169" lobby="0"/><UN n0="%E5%A7%AB%E7%95%99" n1="%E3%83%91%E3%83%BC%E3%83%A9%E3%83%A1%E3%83%B3%E3%83%88" n2="%E8%B4%88%E4%BA%BA%E8%A9%A9%E6%96%BC%E5%A4%A2" n3="%74%73%75%6B%69%31" dan="16,16,17,16" rate="2123.77,2190.14,2206.60,2134.88" sx="M,M,M,M"/><TAIKYOKU oya="0"/><INIT seed="0,0,0,4,2,75" ten="250,250,250,250" oya="0" hai0="99,134,0,103,10,44,124,46,117,126,122,33,102" hai1="9,107,45,71,5,20,108,93,89,83,113,76,28" hai2="41,86,100,12,110,65,63,48,69,8,27,132,4" hai3="94,84,14,105,127,130,60,70,68,91,56,98,82"/><T81/><D117/><U31/><E107/><V90/><F110/><W101/><G130/><T96/><D122/><U47/><E71/><V11/><F100/><W24/><G127/><N who="0" m="48683" /><D33/><U64/><E108/><V57/><F27/><W123/><G123/><T135/><D81/><U80/><E64/><V128/><F132/><N who="0" m="50730" /><D10/><U7/><E113/><V42/><F128/><W66/><G14/><T109/><D0/><U119/><E119/><V16/><F69/><W77/><REACH who="3" step="1"/><G24/><REACH who="3" ten="250,250,250,240" step="2"/><T62/><D109/><U118/><E118/><V3/><REACH who="2" step="1"/><F48/><REACH who="2" ten="250,250,240,240" step="2"/><W111/><G111/><T36/><D36/><U125/><E125/><V85/><F85/><AGARI ba="0,2" hai="56,60,66,68,70,77,82,84,85,91,94,98,101,105" machi="85" ten="30,3900,0" yaku="1,1,7,1,52,1,53,0" doraHai="75" doraHaiUra="26" who="3" fromWho="2" sc="250,0,250,0,240,-39,240,59" /><INIT seed="1,0,0,5,4,64" ten="250,250,201,299" oya="1" hai0="49,21,36,58,15,77,3,126,10,45,59,35,16" hai1="124,75,9,27,113,72,99,23,106,98,39,69,0" hai2="28,52,57,42,84,121,80,134,76,38,26,91,102" hai3="34,22,68,31,85,73,29,117,129,63,101,82,78"/><U18/><E113/><V20/><F121/><W135/><G129/><T133/><D133/><U14/><E39/><V13/><F134/><W88/><G135/><T89/><D36/><U6/><E124/><V41/><F102/><W128/><G128/><T104/><D104/><U5/><E5/><V93/><F13/><W119/><G34/><T11/><D126/><U4/><E4/><V111/><F111/><W109/><G101/><T60/><D35/><U7/><E7/><V110/><F110/><W62/><G62/><T2/><D77/><U108/><E108/><V50/><REACH who="2" step="1"/><F38/><REACH who="2" ten="250,250,191,299" step="2"/><W51/><G109/><T94/><D3/><U71/><E106/><V131/><F131/><W32/><G119/><T66/><D2/><U83/><E0/><V100/><F100/><W40/><G117/><T54/><REACH who="0" step="1"/><D45/><REACH who="0" ten="240,250,191,299" step="2"/><U1/><E1/><V127/><F127/><W8/><G32/><T37/><D37/><U96/><REACH who="1" step="1"/><E83/><REACH who="1" ten="240,240,191,299" step="2"/><V123/><F123/><W115/><G82/><T43/><D43/><U103/><E103/><V30/><F30/><W65/><G29/><T47/><D47/><U105/><E105/><V118/><F118/><W130/><G31/><T70/><D70/><AGARI ba="0,3" hai="6,9,14,18,23,27,69,70,71,72,75,96,98,99" machi="70" ten="40,12000,1" yaku="1,1,52,3,53,0" doraHai="64" doraHaiUra="33" who="1" fromWho="0" sc="240,-120,240,150,191,0,299,0" /><INIT seed="1,1,0,3,4,64" ten="120,390,191,299" oya="1" hai0="48,129,135,102,88,31,76,49,15,62,28,120,10" hai1="118,26,68,81,119,56,122,106,83,101,65,110,113" hai2="100,54,86,50,69,3,42,121,116,89,80,84,132" hai3="12,104,72,16,11,22,99,52,20,98,111,25,79"/><U51/><E113/><V126/><F3/><W29/><G111/><T109/><D109/><U105/><E110/><V92/><F116/><W71/><G71/><T74/><D129/><U85/><E122/><V0/><F0/><W97/><G72/><T91/><D120/><U66/><E101/><V128/><F121/><W33/><G79/><T34/><D135/><U37/><E85/><V4/><F4/><W131/><G104/><T24/><D31/><U58/><E51/><V70/><F126/><W1/><G131/><T82/><D102/><U103/><E103/><V61/><F128/><W35/><G35/><T46/><D62/><U18/><E26/><V19/><F42/><W30/><G30/><T96/><D96/><U133/><E18/><V108/><F132/><W93/><G22/><T134/><D134/><U47/><E133/><V38/><F38/><W43/><G43/><T95/><D95/><U112/><E47/><V67/><F19/><W8/><G1/><T7/><REACH who="0" step="1"/><D48/><REACH who="0" ten="110,390,191,299" step="2"/><U39/><E112/><V6/><F108/><W94/><G93/><T21/><D21/><U59/><E119/><V114/><F114/><W9/><G94/><T63/><D63/><U117/><E118/><V130/><F130/><W87/><G33/><T2/><D2/><U55/><E117/><V60/><F61/><W27/><G29/><T53/><AGARI ba="1,1" hai="7,10,15,24,28,34,46,49,53,74,76,82,88,91" machi="53" ten="20,8000,1" yaku="1,1,0,1,7,1,54,1,53,1" doraHai="64" doraHaiUra="40" who="0" fromWho="0" sc="110,93,390,-41,191,-21,299,-21" /><INIT seed="2,0,0,2,5,91" ten="203,349,170,278" oya="2" hai0="85,7,42,108,98,127,57,81,41,13,20,68,14" hai1="11,73,133,54,93,38,110,37,88,116,103,18,25" hai2="50,106,49,4,80,2,27,92,34,16,101,58,123" hai3="113,61,53,15,46,28,79,19,6,62,59,94,135"/><V130/><F106/><W77/><G135/><T132/><D68/><U121/><E116/><V105/><F105/><W97/><G28/><T90/><D132/><U69/><E69/><V74/><F123/><W82/><G6/><T117/><D117/><U40/><E73/><V96/><F130/><W125/><G125/><T65/><D127/><U47/><E133/><V66/><F4/><W8/><G113/><T120/><D108/><U26/><E103/><V70/><F2/><W78/><G46/><T43/><D120/><U76/><E76/><V32/><F70/><W39/><G39/><T63/><D7/><U115/><E115/><V111/><F111/><W5/><G5/><T99/><D20/><U22/><E37/><V83/><F74/><W24/><G24/><T104/><D104/><U126/><E126/><V35/><F49/><W75/><REACH who="3" step="1"/><G61/><REACH who="3" ten="203,349,170,268" step="2"/><T114/><D114/><U55/><E110/><V48/><F50/><W100/><AGARI ba="0,1" hai="8,15,19,53,59,62,75,77,78,79,82,94,97,100" machi="100" ten="20,12000,2" yaku="1,1,2,1,0,1,7,1,52,1,53,1" doraHai="91" doraHaiUra="89" who="3" fromWho="3" sc="203,-30,349,-30,170,-60,268,130" /><INIT seed="3,0,0,5,5,119" ten="173,319,110,398" oya="3" hai0="51,63,7,39,128,98,123,53,59,13,8,111,106" hai1="93,40,41,96,9,12,30,113,23,87,114,64,17" hai2="135,31,56,107,5,33,69,120,100,52,4,82,25" hai3="62,126,15,16,55,74,66,50,127,105,116,61,86"/><W88/><G74/><T42/><D111/><U14/><E114/><V6/><F135/><W21/><G105/><T48/><D128/><U133/><E113/><V34/><F69/><W84/><G84/><T89/><D123/><U104/><E104/><V26/><F100/><W108/><G116/><T102/><D39/><U18/><E87/><V37/><F37/><W57/><G108/><T44/><D89/><U36/><E36/><V47/><F47/><W32/><G32/><T38/><AGARI ba="0,0" hai="7,8,13,38,42,44,48,51,53,59,63,98,102,106" machi="38" ten="20,1500,0" yaku="0,1,7,1" doraHai="119" who="0" fromWho="0" sc="173,15,319,-4,110,-4,398,-7" /><INIT seed="4,0,0,3,5,135" ten="188,315,106,391" oya="0" hai0="0,118,99,57,93,77,32,31,90,64,81,12,48" hai1="91,89,108,73,97,2,79,80,101,30,13,126,23" hai2="56,35,106,68,33,37,38,60,86,125,5,114,102" hai3="115,4,94,74,55,41,6,69,116,65,52,84,40"/><T62/><D118/><U9/><E108/><V117/><F114/><W134/><G74/><T78/><D0/><U92/><E2/><V130/><F130/><W22/><G116/><T83/><D31/><U11/><E11/><V27/><F117/><W112/><G134/><T59/><D32/><U3/><E3/><V26/><F5/><W39/><G65/><T50/><D12/><U98/><E126/><V17/><F68/><W42/><G69/><T70/><D70/><U16/><REACH who="1" step="1"/><E98/><REACH who="1" ten="188,305,106,391" step="2"/><V15/><F125/><W10/><G10/><T1/><D1/><U20/><E20/><V63/><F33/><W129/><G22/><T66/><D66/><U103/><E103/><V120/><F35/><W21/><G21/><T95/><D64/><U67/><E67/><V122/><F102/><W113/><G129/><T121/><D99/><U46/><E46/><V25/><F120/><W133/><G133/><T29/><D121/><U131/><E131/><V49/><F122/><W110/><G113/><T119/><D119/><U128/><E128/><V44/><F44/><W24/><G115/><T71/><D71/><U8/><E8/><V43/><F106/><W18/><G112/><T28/><D62/><U7/><E7/><V132/><F60/><W96/><G4/><T87/><D57/><U61/><E61/><V34/><F34/><W100/><G6/><T58/><D58/><U127/><E127/><V123/><F123/><W47/><G100/><T51/><D59/><U53/><E53/><N who="3" m="20554" /><G96/><T72/><D90/><U45/><E45/><V109/><F56/><W82/><G47/><RYUUKYOKU ba="0,1" sc="188,15,305,15,106,-15,391,-15" hai0="28,29,48,50,51,72,77,78,81,83,87,93,95" hai1="9,13,16,23,30,73,79,80,89,91,92,97,101" /><INIT seed="4,1,1,4,4,22" ten="203,320,91,376" oya="0" hai0="21,48,120,27,15,130,40,103,57,61,35,64,124" hai1="76,73,47,37,14,41,62,10,56,128,1,5,24" hai2="53,82,101,134,25,26,96,52,119,89,88,65,51" hai3="110,106,112,85,131,91,4,75,70,29,17,19,123"/><T94/><D120/><U97/><E128/><V98/><F134/><W72/><G106/><T60/><D130/><U71/><E71/><V113/><F113/><W115/><G131/><T2/><D2/><U116/><E116/><V67/><F119/><W30/><G123/><T9/><D124/><U0/><E97/><N who="2" m="37483" /><F101/><W33/><G70/><T20/><D35/><U102/><E102/><V59/><F53/><W127/><G4/><T16/><D60/><U23/><E76/><V107/><F107/><W45/><G45/><N who="0" m="25639" /><D103/><U129/><E73/><V7/><F7/><W18/><G110/><T69/><D69/><U90/><E90/><N who="2" m="34923" /><F82/><W28/><G33/><T54/><D94/><U135/><E135/><V84/><F84/><W125/><G72/><T93/><D93/><U118/><E129/><V12/><F12/><W77/><G77/><T117/><D117/><U126/><E118/><V92/><F92/><N who="3" m="54383" /><G75/><T78/><D78/><U13/><E126/><AGARI ba="1,1" hai="17,18,19,28,29,30,112,115,125,126,127" m="54383" machi="126" ten="40,1300,0" yaku="18,1" doraHai="22" who="3" fromWho="1" sc="203,0,320,-16,91,0,376,26" /><INIT seed="5,0,0,1,5,119" ten="203,304,91,402" oya="1" hai0="73,72,64,84,96,134,92,128,97,53,63,17,58" hai1="38,5,115,34,18,57,117,67,46,120,41,56,3" hai2="8,36,74,129,70,131,20,0,66,94,62,22,52" hai3="88,82,37,7,95,50,40,98,126,132,76,13,68"/><U133/><E117/><V79/><F36/><W16/><G68/><T78/><D134/><U106/><E106/><V81/><F94/><W2/><G132/><T104/><D128/><U124/><E34/><V60/><F0/><W11/><G126/><T9/><D97/><U93/><E133/><V39/><F39/><W85/><G37/><T130/><D130/><U121/><E124/><V12/><F129/><W103/><G2/><T54/><D104/><U26/><E5/><V48/><F62/><W107/><G40/><T49/><D84/><U45/><E3/><V91/><F91/><W24/><G50/><T80/><D73/><U110/><E93/><V23/><F131/><W113/><G113/><T59/><D9/><U86/><E86/><V112/><F112/><W31/><G7/><T25/><D25/><U111/><E18/><V101/><F101/><W42/><G42/><T116/><D17/><U47/><E26/><V55/><REACH who="2" step="1"/><F48/><REACH who="2" ten="203,304,81,402" step="2"/><W135/><G135/><T27/><D116/><U1/><E1/><V33/><F33/><W99/><G107/><T105/><D105/><U43/><E115/><V19/><AGARI ba="0,1" hai="8,12,19,20,22,23,52,55,60,66,70,74,79,81" machi="19" ten="30,7900,0" yaku="1,1,0,1,54,1,53,1" doraHai="119" doraHaiUra="10" who="2" fromWho="2" sc="203,-20,304,-39,81,89,402,-20" /><INIT seed="6,0,0,5,3,7" ten="183,265,170,382" oya="2" hai0="113,57,72,62,91,28,35,79,85,110,84,86,5" hai1="108,55,60,64,135,29,30,13,81,22,41,121,10" hai2="104,96,0,23,128,56,94,95,43,132,99,39,24" hai3="70,127,118,44,92,126,100,8,32,2,93,88,63"/><V71/><F71/><W123/><G123/><T49/><D110/><U27/><E108/><V101/><F128/><W65/><G118/><T124/><D49/><U89/><E135/><V133/><F0/><W97/><G32/><T98/><D113/><U11/><E121/><V82/><F82/><W77/><G77/><T17/><D17/><U48/><E41/><V52/><F43/><W46/><G8/><N who="1" m="3114" /><E13/><V37/><F39/><W34/><G34/><T61/><D61/><U20/><E60/><N who="2" m="35847" /><F37/><W114/><G2/><T50/><D72/><U80/><E64/><V78/><F78/><W66/><G66/><T119/><D79/><U53/><E53/><V129/><F129/><W15/><G15/><T112/><D62/><U120/><E120/><V134/><F99/><N who="3" m="57735" /><G114/><T103/><D98/><U59/><E89/><V12/><F12/><W38/><G38/><T109/><D91/><U16/><E22/><V74/><F74/><W45/><G70/><T58/><D112/><U31/><AGARI ba="0,0" hai="16,20,27,29,30,31,48,55,59,80,81" m="3114" machi="31" ten="30,8000,1" yaku="8,1,52,3,54,1" doraHai="7" who="1" fromWho="1" sc="183,-20,265,80,170,-40,382,-20" /><INIT seed="7,0,0,2,5,127" ten="163,345,130,362" oya="3" hai0="122,48,110,112,17,81,23,105,116,35,93,85,71" hai1="79,24,52,26,72,6,25,47,130,30,50,59,125" hai2="126,77,101,124,68,95,3,115,62,53,36,5,43" hai3="13,14,100,76,129,64,55,78,11,44,92,119,134"/><W29/><G129/><T15/><D105/><U69/><E125/><N who="2" m="48235" /><F95/><W83/><G119/><T57/><D110/><U90/><E130/><V27/><F27/><W51/><G134/><T38/><D71/><U54/><E69/><V21/><F21/><W98/><G64/><T114/><D38/><U20/><E6/><V33/><F33/><W10/><G29/><T96/><D122/><U86/><E79/><V135/><F101/><W40/><G40/><T117/><D35/><U63/><E72/><V133/><F77/><N who="3" m="29803" /><G83/><AGARI ba="0,0" hai="20,24,25,26,30,47,50,52,54,59,63,83,86,90" machi="83" ten="30,3900,0" yaku="7,1,8,1,54,1" doraHai="127" who="1" fromWho="3" sc="163,0,345,39,130,0,362,-39" owari="163,-23.7,384,48.4,130,-37.0,323,12.3" /></mjloggm>