<mjloggm ver="2.3"><GO type="169" lobby="0"/><UN n0="%E3%81%B1%E3%82%93%E3%81%AA%E3%81%93%E3%81%BE%E3%81%A3%E3%81%9F" n1="%E6%95%97%E5%8C%97%E8%80%85%E3%81%AD%E3%82%8B" n2="%6C%6E%61%69" n3="%E5%8D%97%E5%B8%9D%E5%8D%97%E6%B5%A6" dan="17,17,16,17" rate="2237.78,2187.15,2059.60,2215.96" sx="M,F,M,M"/><TAIKYOKU oya="0"/><INIT seed="0,0,0,1,0,70" ten="250,250,250,250" oya="0" hai0="42,8,90,126,117,120,134,41,106,49,111,89,128" hai1="31,5,132,78,33,52,2,133,74,135,35,21,56" hai2="39,65,75,55,7,48,4,9,16,68,24,88,36" hai3="26,50,91,102,12,100,19,47,94,105,112,71,129"/><T97/><D117/><U86/><E74/><V27/><F75/><W122/><G112/><T18/><D120/><U82/><E5/><V43/><F43/><W107/><G129/><T38/><D128/><U25/><REACH who="1" step="1"/><E2/><REACH who="1" ten="250,240,250,250" step="2"/><V44/><F4/><W6/><G6/><T34/><D134/><U125/><E125/><V58/><F7/><W60/><G122/><T45/><D126/><U67/><E67/><V1/><F1/><W23/><G107/><T121/><D121/><U29/><E29/><V20/><F65/><W51/><G105/><T131/><D131/><U123/><E123/><V92/><F68/><W116/><G71/><T22/><D106/><U96/><E96/><V84/><F58/><W69/><G69/><T127/><D97/><U72/><E72/><V101/><F101/><W80/><G116/><T73/><D73/><U57/><E57/><V66/><F66/><W113/><G102/><T87/><D127/><U99/><E99/><V32/><REACH who="2" step="1"/><F9/><REACH who="2" ten="250,240,240,250" step="2"/><N who="3" m="6543" /><G100/><T118/><D8/><U124/><E124/><V15/><F15/><W11/><G11/><T81/><D118/><U46/><E46/><V10/><F10/><W0/><G47/><T104/><D45/><U109/><E109/><V108/><F108/><W17/><G0/><T59/><D59/><U63/><AGARI ba="0,2" hai="21,25,31,33,35,52,56,63,78,82,86,132,133,135" machi="63" ten="30,7900,0" yaku="1,1,0,1,20,1,54,1,53,0" doraHai="70" doraHaiUra="119" who="1" fromWho="1" sc="250,-39,240,99,240,-20,250,-20" /><INIT seed="1,0,0,5,3,114" ten="211,339,220,230" oya="1" hai0="45,102,123,41,76,24,21,126,37,93,113,51,79" hai1="98,77,3,30,106,75,124,86,117,0,131,40,87" hai2="133,122,118,130,53,29,14,107,12,65,54,22,52" hai3="61,67,23,109,18,95,104,6,13,90,11,94,92"/><U108/><E117/><V5/><F122/><W8/><G109/><T112/><D123/><U100/><E131/><V135/><F107/><W119/><G104/><T96/><D126/><U81/><E124/><V9/><F130/><W127/><G127/><T25/><D25/><U60/><E108/><V99/><F99/><W31/><G31/><T80/><D37/><U33/><E40/><V27/><F65/><W62/><G119/><T74/><REACH who="0" step="1"/><D79/><REACH who="0" ten="201,339,220,230" step="2"/><U132/><E132/><N who="2" m="50763" /><F118/><W72/><G72/><T34/><D34/><U19/><E33/><V26/><F27/><W84/><G11/><T101/><D101/><U110/><E110/><V121/><F121/><W39/><G39/><T36/><D36/><U83/><E30/><AGARI ba="0,1" hai="21,24,30,41,45,51,74,76,80,93,96,102,112,113" machi="30" ten="30,3900,0" yaku="1,1,7,1,53,1" doraHai="114" doraHaiUra="88" who="0" fromWho="1" sc="201,49,339,-39,220,0,230,0" /><INIT seed="2,0,0,1,3,78" ten="250,300,220,230" oya="2" hai0="30,16,133,87,48,110,80,118,117,17,29,9,2" hai1="56,14,88,121,107,46,25,128,76,94,3,7,130" hai2="125,135,67,114,85,90,119,123,124,129,49,44,5" hai3="33,41,54,47,71,24,45,34,98,63,53,12,96"/><V10/><F114/><W0/><G12/><N who="0" m="7183" /><D2/><U127/><E107/><V97/><F119/><N who="0" m="45578" /><D110/><U23/><E121/><V93/><F123/><W39/><G24/><T91/><D133/><U26/><E127/><N who="2" m="48715" /><F67/><W4/><G71/><T115/><D115/><U60/><E46/><V131/><F97/><W83/><G63/><T104/><D104/><U6/><E3/><N who="2" m="319" /><F135/><W105/><G4/><T81/><D17/><N who="1" m="10679" /><E76/><V106/><F106/><W38/><G0/><T82/><D48/><U109/><E109/><V22/><F22/><W92/><G105/><T15/><D15/><U28/><E6/><V73/><F73/><W69/><G69/><T132/><BYE who="3" /><D132/><U68/><E7/><V111/><F111/><W50/><G50/><T35/><D35/><U79/><E68/><V58/><F58/><W72/><G72/><T31/><AGARI ba="0,0" hai="29,30,31,80,81,82,87,91" m="45578,7183" machi="31" ten="30,8000,1" yaku="12,1,52,3,54,1" doraHai="78" who="0" fromWho="0" sc="250,80,300,-20,220,-40,230,-20" /><INIT seed="3,0,0,1,3,82" ten="330,280,180,210" oya="3" hai0="88,32,33,56,40,28,41,128,116,129,3,15,12" hai1="110,118,84,107,62,125,131,65,109,68,9,105,70" hai2="4,132,55,45,112,87,108,89,99,36,31,90,106" hai3="60,77,34,6,10,7,18,42,69,35,59,21,57"/><W127/><G127/><T47/><D116/><U29/><E125/><V103/><F112/><UN n3="%E5%8D%97%E5%B8%9D%E5%8D%97%E6%B5%A6" /><W51/><G77/><T0/><D56/><U14/><E118/><V92/><F108/><N who="1" m="41577" /><E70/><V48/><F132/><W126/><G126/><T8/><D8/><U81/><E29/><V80/><F36/><W134/><G69/><T5/><D28/><U64/><E64/><V26/><F4/><W71/><G71/><T17/><D17/><N who="1" m="8399" /><E131/><V117/><F117/><W85/><G35/><T124/><D124/><U63/><E63/><V102/><REACH who="2" step="1"/><F106/><REACH who="2" ten="330,280,170,210" step="2"/><W91/><G134/><T20/><D5/><U111/><E111/><V67/><F67/><N who="3" m="39311" /><G34/><AGARI ba="0,1" hai="26,31,34,45,48,55,80,87,89,90,92,99,102,103" machi="34" ten="30,3900,0" yaku="1,1,7,1,52,1,53,0" doraHai="82" doraHaiUra="52" who="2" fromWho="3" sc="330,0,280,0,170,49,210,-39" /><INIT seed="4,0,0,3,3,4" ten="330,280,219,171" oya="0" hai0="112,84,41,69,13,56,50,73,79,37,129,52,68" hai1="9,119,121,34,77,126,63,85,32,105,115,26,57" hai2="125,92,96,100,61,48,70,10,22,46,2,27,99" hai3="43,117,82,8,81,39,54,75,24,21,97,94,76"/><T49/><D73/><U134/><E119/><V89/><F125/><W107/><G117/><T35/><D35/><U67/><E121/><V135/><F135/><W130/><G130/><T3/><D3/><U36/><E36/><V106/><F70/><N who="0" m="27242" /><D13/><U0/><E105/><V123/><F61/><W15/><G107/><T102/><D102/><U25/><E126/><V114/><F114/><W16/><G81/><T120/><D84/><U110/><E134/><V58/><F58/><W93/><G54/><N who="0" m="31823" /><D79/><U59/><E110/><V19/><F123/><W18/><REACH who="3" step="1"/><G97/><REACH who="3" ten="330,280,219,161" step="2"/><T31/><D120/><U90/><E115/><V111/><F111/><W12/><G12/><T64/><D112/><U7/><E25/><V127/><F127/><W86/><G86/><T29/><D64/><U17/><E26/><V6/><F106/><W47/><AGARI ba="0,1" hai="8,15,16,18,21,24,39,43,47,75,76,82,93,94" machi="47" ten="30,8000,1" yaku="1,1,0,1,52,1,54,1,53,1" doraHai="4" doraHaiUra="23" who="3" fromWho="3" sc="330,-40,280,-20,219,-20,161,90" /><INIT seed="5,0,0,5,4,109" ten="290,260,199,251" oya="1" hai0="76,128,19,122,61,77,68,108,95,59,103,129,82" hai1="26,36,64,88,80,85,38,49,96,112,115,131,48" hai2="39,119,22,100,102,111,89,50,44,24,52,8,104" hai3="34,47,90,51,134,30,133,66,27,125,123,43,83"/><U105/><E131/><N who="0" m="50249" /><D108/><U13/><E64/><V120/><F111/><W31/><G123/><T121/><D68/><U41/><E26/><V37/><F119/><W16/><G125/><T14/><D95/><U33/><E33/><V20/><F120/><N who="0" m="46186" /><D103/><N who="1" m="62695" /><E13/><V53/><F8/><W124/><G124/><T2/><D82/><U78/><E78/><V132/><F132/><N who="3" m="50795" /><G66/><N who="0" m="39231" /><D2/><U12/><E12/><V58/><F89/><W65/><G65/><T107/><D107/><U3/><E3/><V127/><F127/><W101/><G101/><T29/><D29/><U45/><E36/><V87/><F102/><W135/><N who="3" m="50803" /><W75/><DORA hai="92" /><G31/><T110/><D110/><U116/><E116/><V99/><F87/><N who="3" m="50559" /><G16/><T21/><AGARI ba="0,0" hai="14,19,21,76,77" m="39231,46186,50249" machi="21" ten="30,2000,0" yaku="19,1,13,1" doraHai="109,92" who="0" fromWho="0" sc="290,20,260,-10,199,-5,251,-5" /><INIT seed="6,0,0,5,4,130" ten="310,250,194,246" oya="2" hai0="43,54,65,31,101,92,46,81,99,11,35,98,6" hai1="86,119,82,27,44,5,60,113,41,67,22,18,118" hai2="73,33,103,79,80,53,32,3,78,56,111,88,102" hai3="15,51,71,10,70,85,7,83,96,38,28,116,50"/><V30/><F3/><W24/><G116/><T106/><D65/><U133/><E113/><V114/><F114/><W68/><G38/><T55/><D81/><U40/><E5/><V124/><F79/><W77/><REACH who="3" step="1"/><G96/><REACH who="3" ten="310,250,194,236" step="2"/><T117/><D99/><U2/><E119/><V89/><F111/><W100/><G100/><T14/><D117/><U36/><E118/><V90/><F124/><W19/><G19/><T126/><D126/><U23/><E18/><V45/><F45/><W74/><G74/><T135/><D98/><U75/><E36/><V13/><F30/><W49/><G49/><T127/><D101/><U128/><E44/><V110/><F110/><W20/><AGARI ba="0,1" hai="7,10,15,20,24,28,50,51,68,70,71,77,83,85" machi="20" ten="30,2000,0" yaku="1,1,0,1,53,0" doraHai="130" doraHaiUra="94" who="3" fromWho="3" sc="310,-5,250,-5,194,-10,236,30" /><INIT seed="7,0,0,2,3,80" ten="305,245,184,266" oya="3" hai0="67,30,0,36,99,13,84,33,27,56,97,52,47" hai1="131,42,23,132,19,14,15,112,110,83,77,134,11" hai2="31,37,54,72,129,64,79,109,82,10,12,85,104" hai3="108,66,86,35,113,9,95,89,17,60,7,124,4"/><W2/><G113/><T38/><D0/><U78/><E110/><V92/><F109/><W58/><G108/><T90/><D67/><U40/><E112/><V76/><F37/><W94/><G124/><T53/><D13/><U93/><E131/><V59/><F104/><W114/><G114/><T101/><D47/><U116/><E116/><V119/><F129/><W68/><G35/><T91/><D91/><U62/><E62/><V45/><F31/><W87/><G7/><T73/><D73/><U71/><E71/><V100/><F119/><W55/><G17/><T8/><D8/><U41/><E93/><V74/><F64/><W43/><G43/><T130/><D53/><U51/><E51/><V29/><F29/><W3/><G3/><T120/><D99/><U34/><E34/><V123/><F45/><W26/><G26/><T126/><D120/><U25/><E15/><V44/><F44/><W28/><G28/><T121/><D121/><U117/><E117/><V102/><F123/><W57/><G55/><T96/><D96/><U50/><E50/><V135/><F135/><N who="1" m="51753" /><E83/><V122/><F122/><W70/><G70/><T118/><D126/><U69/><E69/><V127/><F127/><W107/><G107/><N who="0" m="63919" /><D118/><U98/><E98/><N who="2" m="59463" /><F76/><W128/><G128/><T18/><D130/><U65/><E65/><V81/><F81/><W6/><G6/><AGARI ba="0,0" hai="6,11,14,19,23,25,40,41,42,77,78" m="51753" machi="6" ten="30,1000,0" yaku="20,1" doraHai="80" who="1" fromWho="3" sc="305,0,245,10,184,0,266,-10" owari="305,40.5,255,-14.5,184,-31.6,256,5.6" /></mjloggm>