<mjloggm ver="2.3"><GO type="225" lobby="0"/><UN n0="%72%61%6B%33" n1="%E5%B0%8F%E9%B3%A5%E9%81%8A%E7%B7%B4%E7%84%A1%32%31%E6%AD%B3" n2="%E7%B4%94%E6%BD%94%E3%83%94%E3%83%A9%E3%83%8B%E3%82%A2" n3="%E3%81%82%E3%81%97%E3%82%85%E3%82%8A%E3%82%93" dan="16,16,16,16" rate="2096.58,2155.34,2196.47,2136.72" sx="M,F,M,M"/><TAIKYOKU oya="0"/><INIT seed="0,0,0,1,0,102" ten="250,250,250,250" oya="0" hai0="60,104,12,75,79,125,32,24,101,85,15,135,36" hai1="93,54,25,120,45,95,65,111,97,122,128,63,44" hai2="98,78,76,18,17,16,105,83,119,107,8,133,0" hai3="116,11,55,33,9,68,117,50,87,13,27,23,94"/><T21/><D21/><U2/><E2/><V66/><F133/><W108/><G68/><T31/><D135/><U71/><E111/><V53/><F119/><W103/><G108/><T121/><D121/><U64/><E128/><V84/><F66/><W74/><G74/><T48/><D36/><U82/><E65/><V61/><F98/><W81/><G33/><T40/><D125/><U41/><E54/><V96/><F96/><N who="3" m="59799" /><G13/><T1/><D75/><U49/><E82/><V3/><F76/><N who="3" m="46503" /><G117/><T115/><D1/><U77/><E77/><V86/><F86/><W90/><G90/><T43/><D115/><U46/><E95/><V34/><F34/><W37/><G37/><T51/><D60/><U118/><E118/><V58/><REACH who="2" step="1"/><F0/><REACH who="2" ten="250,250,240,250" step="2"/><W5/><G116/><T80/><D32/><U126/><E122/><V106/><F106/><W22/><G22/><N who="0" m="15767" /><D104/><U30/><E120/><V109/><F109/><W89/><G89/><T70/><D101/><U92/><E126/><V56/><F56/><N who="3" m="32887" /><G5/><AGARI ba="0,1" hai="3,5,8,16,17,18,53,58,61,78,83,84,105,107" machi="5" ten="40,8000,1" yaku="1,1,52,2,54,1,53,0" doraHai="102" doraHaiUra="129" who="2" fromWho="3" sc="250,0,250,0,240,90,250,-80" /><INIT seed="1,0,0,5,1,87" ten="250,250,330,170" oya="1" hai0="128,59,56,52,100,30,79,92,32,27,33,50,126" hai1="19,47,25,16,35,20,80,62,90,65,11,123,109" hai2="54,107,18,111,28,72,95,104,122,38,0,101,7" hai3="94,97,67,99,42,116,127,130,85,37,39,41,70"/><U81/><E123/><V98/><F122/><W63/><G127/><T89/><D126/><U103/><E103/><V121/><F121/><W69/><G130/><T135/><D128/><U6/><E35/><V125/><F28/><W75/><G75/><T64/><D135/><U8/><E47/><V2/><F72/><W78/><G116/><T113/><D113/><U58/><E109/><V120/><F120/><W21/><G70/><T17/><D79/><U61/><E61/><V83/><F83/><W110/><G110/><T57/><D100/><U129/><E129/><V1/><F7/><W44/><G21/><T106/><D106/><U114/><E114/><V51/><F38/><W96/><G78/><T88/><D32/><U93/><E19/><V134/><F125/><W49/><REACH who="3" step="1"/><G42/><REACH who="3" ten="250,250,330,160" step="2"/><T124/><D124/><U73/><E73/><V119/><F119/><W12/><G12/><T74/><D74/><U132/><E132/><V26/><F134/><W43/><G43/><T77/><D77/><U34/><E34/><V53/><F111/><W45/><G45/><T55/><D59/><U91/><E11/><V82/><F1/><W15/><G15/><T14/><D64/><U9/><E9/><V46/><F2/><W10/><G10/><T84/><D57/><U131/><E131/><V86/><F0/><W5/><G5/><T29/><D55/><U4/><E8/><V68/><F54/><W117/><G117/><T22/><D29/><U102/><E4/><V76/><F68/><W60/><G60/><T112/><D112/><U13/><E6/><V40/><F53/><RYUUKYOKU ba="0,1" sc="250,10,250,-30,330,10,160,10" hai0="14,17,22,27,30,33,50,52,56,84,88,89,92" hai2="18,26,40,46,51,76,82,86,95,98,101,104,107" hai3="37,39,41,44,49,63,67,69,85,94,96,97,99" /><INIT seed="2,1,1,5,0,48" ten="260,220,340,170" oya="2" hai0="19,5,27,120,2,12,14,86,84,77,109,40,28" hai1="45,1,104,16,34,47,62,126,6,53,56,69,36" hai2="11,49,114,100,106,134,46,29,135,68,52,90,110" hai3="111,107,57,87,10,83,23,116,128,20,124,113,43"/><V98/><F114/><W38/><G116/><T105/><D120/><U4/><E34/><V31/><F68/><W81/><G107/><T17/><D105/><U78/><E104/><V65/><F65/><W96/><G113/><T129/><D40/><U82/><E126/><V63/><F63/><W91/><G124/><T0/><D77/><U42/><E47/><V101/><F101/><W127/><G127/><T71/><D71/><U9/><E6/><V117/><F117/><W132/><G38/><T50/><D50/><U119/><E69/><V44/><F46/><W130/><G43/><T35/><D109/><U76/><E119/><V22/><F110/><W72/><G96/><T75/><D75/><U13/><REACH who="1" step="1"/><E82/><REACH who="1" ten="260,210,340,170" step="2"/><V15/><F134/><W99/><G132/><T80/><D80/><U67/><E67/><V102/><F135/><W93/><G111/><T133/><D5/><U32/><E32/><V24/><F102/><W108/><G108/><T66/><D66/><U26/><E26/><V70/><F70/><W79/><G57/><T58/><D58/><U51/><E51/><V7/><F90/><W92/><G83/><T37/><D133/><U112/><E112/><V85/><F85/><W97/><G97/><T54/><D86/><U88/><E88/><V41/><F41/><W33/><G33/><T125/><D84/><U30/><E30/><AGARI ba="1,2" hai="7,11,15,22,24,29,30,31,44,49,52,98,100,106" machi="30" ten="30,5800,0" yaku="7,1,52,1,54,1" doraHai="48" who="2" fromWho="1" sc="260,0,210,-61,340,81,170,0" /><INIT seed="2,2,0,1,3,124" ten="260,149,421,170" oya="2" hai0="46,27,118,117,131,74,28,73,130,18,60,94,86" hai1="97,68,62,47,50,76,63,58,53,78,128,31,127" hai2="85,69,12,30,8,100,87,9,92,121,32,6,90" hai3="24,5,42,57,122,108,105,84,11,65,70,98,125"/><V52/><F69/><W101/><G122/><T15/><D60/><U49/><E127/><V59/><F121/><W37/><G125/><T83/><D46/><U13/><E31/><V123/><F123/><W48/><G84/><T112/><D94/><U113/><E113/><V61/><F100/><W75/><G108/><T21/><D112/><U3/><E3/><V2/><F30/><W114/><G114/><T134/><D134/><U56/><E13/><V54/><F32/><W20/><G75/><T66/><D66/><N who="1" m="41047" /><E97/><V17/><F54/><W1/><G70/><T93/><D93/><U120/><E78/><V39/><F39/><W34/><G34/><T126/><D126/><U89/><E89/><V71/><F71/><W77/><G77/><N who="0" m="46447" /><D73/><U116/><E76/><V64/><F64/><W25/><G65/><T44/><D44/><U79/><E79/><V96/><AGARI ba="2,0" hai="2,6,8,9,12,17,52,59,61,85,87,90,92,96" machi="96" ten="20,3900,0" yaku="0,1,7,1,54,1" doraHai="124" who="2" fromWho="2" sc="260,-15,149,-15,421,45,170,-15" /><INIT seed="2,3,0,2,4,66" ten="245,134,466,155" oya="2" hai0="72,18,71,60,3,73,100,108,32,63,10,38,41" hai1="65,83,81,107,134,31,2,115,45,85,19,98,50" hai2="117,125,13,43,57,21,56,62,24,61,79,35,30" hai3="42,5,52,16,124,92,14,111,39,48,94,8,119"/><V112/><F112/><W90/><G119/><T49/><D49/><U91/><E115/><V68/><F117/><W69/><G111/><T11/><D18/><U54/><E134/><V84/><F125/><W76/><G124/><T64/><D11/><U23/><E2/><V25/><F43/><W82/><G69/><T116/><D108/><U44/><E31/><V93/><F13/><W131/><G131/><T20/><D20/><U113/><E113/><V75/><F75/><W55/><G39/><T27/><D60/><U9/><E81/><V104/><F104/><W77/><G92/><T22/><D22/><U7/><E65/><V102/><F68/><W17/><G42/><T1/><D100/><U36/><E36/><V105/><F105/><W59/><G55/><T121/><D121/><U96/><E107/><V109/><F109/><W120/><G120/><T110/><D116/><U99/><E7/><V40/><F40/><W26/><G26/><T88/><D88/><U0/><E0/><N who="0" m="73" /><D10/><U53/><E9/><V34/><F102/><W46/><G46/><N who="0" m="23863" /><D110/><U114/><E114/><V123/><F123/><W58/><G59/><T47/><D47/><U95/><E45/><V101/><F57/><W51/><G48/><T97/><D97/><U103/><REACH who="1" step="1"/><E54/><REACH who="1" ten="245,124,466,155" step="2"/><V4/><F4/><W86/><REACH who="3" step="1"/><G77/><REACH who="3" ten="245,124,466,145" step="2"/><T6/><D6/><U126/><E126/><V89/><F79/><W135/><G135/><T132/><D132/><U29/><E29/><AGARI ba="3,2" hai="27,29,32,63,64,71,72,73" m="23863,73" machi="29" ten="30,3900,0" yaku="33,2,52,1" doraHai="66" who="0" fromWho="1" sc="245,68,124,-48,466,0,145,0" /><INIT seed="3,0,0,5,3,45" ten="313,76,466,145" oya="3" hai0="75,27,127,7,42,2,29,124,9,59,107,10,33" hai1="60,76,110,73,4,12,1,15,128,35,17,56,91" hai2="30,112,87,99,58,125,117,38,80,25,8,93,121" hai3="51,36,78,101,114,119,105,21,5,13,92,57,116"/><W102/><G114/><T26/><D75/><U131/><E91/><V43/><F117/><W11/><G36/><T48/><D107/><U96/><E96/><V53/><F112/><W95/><G78/><T67/><D67/><U111/><E76/><V81/><F121/><W55/><G105/><T34/><D42/><U41/><E73/><V50/><F125/><W132/><G132/><T123/><D59/><U126/><E41/><V122/><F122/><W97/><G21/><T108/><D48/><U28/><E56/><V98/><F8/><W89/><REACH who="3" step="1"/><G102/><REACH who="3" ten="313,76,466,135" step="2"/><T65/><D123/><U74/><E126/><V18/><F38/><W6/><G6/><T94/><D7/><U88/><E74/><V130/><F130/><N who="1" m="49705" /><E88/><V64/><F18/><W19/><G19/><T63/><D127/><U44/><E17/><V120/><F120/><W86/><AGARI ba="0,1" hai="5,11,13,51,55,57,86,89,92,95,97,101,116,119" machi="86" ten="20,18000,2" yaku="1,1,0,1,7,1,52,1,53,2" doraHai="45" doraHaiUra="113" who="3" fromWho="3" sc="313,-60,76,-60,466,-60,135,190" /><INIT seed="3,1,0,3,0,106" ten="253,16,406,325" oya="3" hai0="30,14,113,61,83,84,74,2,109,86,119,21,41" hai1="118,53,38,19,15,72,120,27,23,50,29,126,54" hai2="123,78,79,17,25,55,40,35,13,128,97,88,71" hai3="108,129,91,68,114,107,124,39,4,47,10,110,81"/><W92/><G114/><T75/><D113/><U59/><E38/><V32/><F71/><W104/><G68/><T82/><D2/><U69/><E69/><V11/><F40/><N who="3" m="22943" /><G129/><T49/><D119/><U24/><E126/><V20/><F128/><W26/><G26/><T37/><D37/><U64/><E64/><V121/><F55/><W18/><G18/><T99/><D99/><U100/><E100/><V117/><F117/><W5/><G5/><T22/><D61/><U0/><E0/><V134/><F88/><W85/><G92/><T34/><D34/><N who="2" m="12842" /><F97/><W46/><G46/><T132/><D30/><U77/><E120/><N who="2" m="46155" /><F134/><W105/><G124/><T28/><D132/><U1/><E1/><V67/><F67/><W90/><G81/><T70/><D70/><U9/><E27/><V127/><F127/><W16/><G85/><T135/><D135/><U45/><E77/><V31/><AGARI ba="1,0" hai="11,13,17,20,25,31,78,79" m="46155,12842" machi="31" ten="30,1100,0" yaku="13,1" doraHai="106" who="2" fromWho="2" sc="253,-4,16,-4,406,14,325,-6" owari="249,-15.1,12,-48.8,420,52.0,319,11.9" /></mjloggm>