<mjloggm ver="2.3"><GO type="169" lobby="0"/><UN n0="%61%6B%69%62%61%62%61%6E" n1="%4D%41%43%4F%54%4F" n2="%E3%83%8D%E3%82%AA%E3%81%92%E3%82%8D%E3%81%A3%E3%81%B4" n3="%70%6F%6E%2D%65%6E" dan="17,16,16,16" rate="2175.52,2063.22,2133.02,2164.71" sx="M,F,M,F"/><TAIKYOKU oya="0"/><INIT seed="0,0,0,2,3,72" ten="250,250,250,250" oya="0" hai0="122,107,77,121,13,59,17,46,56,133,19,49,29" hai1="66,15,112,79,43,85,110,27,97,82,119,39,33" hai2="105,51,116,41,37,114,8,74,25,55,68,28,127" hai3="86,9,115,87,125,23,16,42,64,34,132,118,128"/><T135/><D107/><U113/><E119/><V6/><F105/><W48/><G115/><N who="1" m="44106" /><E66/><V11/><F114/><W60/><G34/><T32/><D32/><U69/><E69/><V104/><F104/><W101/><G101/><T88/><D29/><N who="1" m="19647" /><E97/><V80/><F68/><W103/><G103/><T21/><D88/><U57/><E57/><N who="0" m="22089" /><D17/><U117/><E117/><V2/><F28/><W124/><G16/><T89/><D89/><U108/><E15/><V96/><F96/><W73/><G86/><T131/><D131/><U84/><E84/><V1/><F116/><W123/><G87/><T76/><D121/><U4/><E4/><V12/><F6/><W78/><G64/><T26/><D122/><U24/><E24/><V109/><F25/><W94/><G94/><T20/><D20/><U54/><E54/><V67/><F55/><W130/><G23/><T129/><D129/><U100/><E100/><V83/><F67/><W38/><G118/><T18/><D18/><U31/><E31/><V90/><F1/><W22/><G123/><T36/><D26/><U91/><E91/><V52/><F2/><W3/><G3/><T47/><D36/><U92/><E92/><V93/><F37/><W98/><G38/><T95/><D95/><U81/><E81/><V111/><F83/><W75/><G98/><T65/><D65/><U126/><E126/><V102/><F80/><W14/><G125/><T35/><D35/><U10/><E10/><V70/><F8/><W106/><G124/><T45/><D49/><U134/><E39/><V99/><F127/><W61/><G128/><RYUUKYOKU ba="0,0" sc="250,30,250,-10,250,-10,250,-10" hai0="13,19,21,45,46,47,76,77,133,135" /><INIT seed="0,1,0,0,2,10" ten="280,240,240,240" oya="0" hai0="9,30,41,54,124,1,25,93,50,115,47,95,119" hai1="71,4,113,68,18,84,48,40,107,63,55,128,114" hai2="35,32,120,5,104,106,78,29,13,3,57,39,97" hai3="111,101,89,133,19,129,22,130,103,36,85,82,79"/><T127/><D115/><N who="1" m="44043" /><E107/><V33/><F120/><W38/><G111/><T131/><D119/><U112/><E4/><V116/><F116/><W96/><G133/><T23/><D131/><N who="3" m="50185" /><G89/><T14/><D1/><U46/><E128/><V121/><F39/><N who="3" m="14891" /><G96/><T83/><D41/><U21/><N who="1" m="44051" /><U2/><DORA hai="135" /><E84/><V110/><F3/><W88/><G79/><T43/><D43/><U126/><E2/><V92/><F78/><W60/><G60/><T11/><D11/><U76/><E76/><V44/><F110/><W58/><G58/><T81/><D81/><U109/><E109/><V65/><F44/><W100/><G100/><T87/><D83/><U56/><E126/><N who="0" m="48169" /><D87/><U51/><E63/><V75/><F121/><W77/><G77/><T67/><D67/><U6/><E6/><AGARI ba="1,0" hai="6,9,14,23,25,30,47,50,54,93,95" m="48169" machi="6" ten="30,12000,1" yaku="18,1,52,4" doraHai="10,135" who="0" fromWho="1" sc="280,123,240,-123,240,0,240,0" /><INIT seed="0,2,0,0,4,78" ten="403,117,240,240" oya="0" hai0="41,47,127,55,0,103,11,6,12,117,121,1,87" hai1="118,62,14,18,129,112,17,5,2,92,124,51,104" hai2="22,67,77,16,69,34,53,133,20,32,33,25,93" hai3="80,75,3,110,19,9,94,45,13,128,58,44,114"/><T115/><D117/><U123/><E118/><V28/><F133/><W100/><G110/><T125/><D115/><U90/><E104/><V65/><F69/><W111/><G111/><T98/><D121/><U57/><E123/><V95/><F53/><W132/><G132/><T88/><D55/><U42/><E129/><V81/><F95/><W134/><G128/><T74/><D74/><U83/><E2/><V101/><F93/><W8/><G114/><T56/><D56/><U31/><E31/><V135/><F101/><W109/><G58/><T15/><D15/><U85/><E124/><N who="0" m="47689" /><D98/><U63/><E112/><V96/><F96/><W39/><G13/><T46/><D103/><U105/><E105/><V126/><F126/><W99/><G99/><T72/><D72/><U76/><E5/><V43/><F43/><W26/><G75/><T60/><D60/><U91/><E57/><V68/><F68/><W40/><G40/><T7/><D7/><U119/><E119/><V38/><F38/><W50/><G3/><N who="0" m="1099" /><D41/><U23/><E18/><V24/><REACH who="2" step="1"/><F135/><REACH who="2" ten="403,117,230,240" step="2"/><W27/><G134/><T130/><D130/><U30/><E42/><V84/><AGARI ba="2,1" hai="16,20,22,24,25,28,32,33,34,65,67,77,81,84" machi="84" ten="30,8000,1" yaku="1,1,2,1,0,1,52,1,54,1,53,0" doraHai="78" doraHaiUra="102" who="2" fromWho="2" sc="403,-42,117,-22,230,96,240,-22" /><INIT seed="1,0,0,2,2,70" ten="361,95,326,218" oya="1" hai0="32,65,108,48,62,116,52,44,7,26,39,83,53" hai1="58,46,2,126,5,68,97,130,128,38,17,98,3" hai2="134,86,13,125,113,4,30,133,51,8,47,95,100" hai3="9,77,59,85,19,109,115,89,73,45,75,84,80"/><U34/><E68/><V37/><F125/><W114/><G109/><T104/><D108/><U81/><E34/><V94/><F113/><W131/><G131/><N who="1" m="50218" /><E126/><V124/><F124/><W135/><G135/><N who="2" m="51721" /><F30/><W112/><G59/><T27/><D116/><U88/><E58/><V22/><F22/><W78/><G19/><T63/><D104/><U91/><E17/><V16/><F4/><W87/><G45/><T15/><D39/><U31/><E31/><V35/><F35/><W118/><G9/><N who="0" m="4543" /><D32/><U50/><E5/><V54/><F100/><W43/><G43/><T107/><D107/><U42/><E50/><V119/><F119/><W79/><REACH who="3" step="1"/><G118/><REACH who="3" ten="361,95,326,208" step="2"/><T71/><D44/><U92/><E81/><V127/><F127/><W96/><G96/><T93/><D83/><U129/><E129/><V69/><F69/><W90/><G90/><T20/><D71/><U106/><E91/><V29/><F29/><W49/><G49/><T40/><D48/><U74/><E74/><AGARI ba="0,1" hai="73,74,75,77,78,79,80,84,85,87,89,112,114,115" machi="74" ten="50,8000,1" yaku="1,1,34,3,53,0" doraHai="70" doraHaiUra="102" who="3" fromWho="1" sc="361,0,95,-80,326,0,208,90" /><INIT seed="2,0,0,3,4,104" ten="361,15,326,298" oya="2" hai0="95,83,5,73,78,58,120,126,134,22,50,54,74" hai1="1,2,38,115,89,31,80,106,68,132,100,96,116" hai2="32,37,6,105,66,130,87,131,20,41,27,81,121" hai3="26,10,59,91,124,133,103,114,97,11,70,56,64"/><V85/><F121/><W129/><G124/><T3/><D120/><U135/><E115/><V82/><F32/><W29/><G129/><N who="2" m="49161" /><F105/><W25/><G133/><T8/><D134/><N who="1" m="51243" /><E68/><V23/><F6/><W14/><G91/><T40/><D126/><U71/><E71/><V111/><F111/><W117/><G117/><T52/><D40/><U92/><E38/><V28/><F66/><W13/><G70/><T90/><D22/><U60/><E60/><V113/><F113/><W86/><G86/><N who="2" m="32777" /><F20/><W15/><G114/><T99/><D54/><U35/><E116/><V62/><F62/><W12/><G64/><T34/><D34/><U0/><E80/><V112/><F112/><W79/><G10/><T42/><D42/><U101/><E106/><V65/><F65/><W33/><G33/><T122/><D122/><U46/><E46/><AGARI ba="0,0" hai="23,27,28,37,41,46,81,82" m="32777,49161" machi="46" ten="30,1500,0" yaku="19,1" doraHai="104" who="2" fromWho="1" sc="361,0,15,-15,326,15,298,0" /><INIT seed="2,1,0,4,2,17" ten="361,0,341,298" oya="2" hai0="103,43,55,69,108,106,109,76,30,58,23,15,38" hai1="47,98,39,32,72,126,36,82,92,31,41,130,70" hai2="16,0,61,64,18,124,37,27,95,88,63,89,122" hai3="77,85,3,81,87,113,129,13,21,34,117,97,90"/><V119/><F119/><W28/><G117/><T83/><D69/><U102/><E70/><V10/><F122/><W94/><G3/><T105/><D43/><U60/><E60/><V12/><F37/><W127/><G127/><T107/><D38/><U51/><E126/><V71/><F124/><W65/><G129/><T128/><D128/><U68/><E68/><V125/><F125/><W133/><G133/><T33/><D33/><U79/><E130/><V78/><F78/><W121/><G121/><T45/><D45/><U75/><E75/><V54/><F0/><W86/><G113/><T35/><D35/><U57/><E57/><V123/><F123/><W135/><G135/><T131/><D131/><U25/><AGARI ba="1,0" hai="25,31,32,36,39,41,47,51,72,79,82,92,98,102" machi="25" ten="30,1100,0" yaku="0,1" doraHai="17" who="1" fromWho="1" sc="361,-4,0,14,341,-6,298,-4" /><INIT seed="3,0,0,0,2,55" ten="357,14,335,294" oya="3" hai0="34,111,135,10,3,132,121,9,88,16,71,50,125" hai1="30,117,93,122,107,54,59,38,42,22,97,100,80" hai2="106,109,131,25,73,70,124,43,53,116,51,48,12" hai3="1,13,17,74,95,65,66,113,81,24,36,134,99"/><W15/><G1/><T41/><D121/><U46/><E122/><V5/><F70/><W85/><G74/><T31/><D71/><U14/><E117/><V90/><F73/><W89/><G134/><N who="0" m="51243" /><D111/><U67/><E67/><V2/><F2/><W130/><G130/><T110/><D110/><U19/><E80/><V94/><F106/><W0/><G0/><T6/><D125/><U119/><E119/><V29/><F116/><W35/><G36/><T40/><D88/><U11/><E107/><V20/><F131/><W32/><G113/><T91/><D91/><U21/><REACH who="1" step="1"/><E30/><REACH who="1" ten="357,4,335,294" step="2"/><V82/><F29/><W58/><G65/><T37/><D31/><U45/><E45/><V84/><F82/><W101/><G81/><T133/><D133/><U39/><E39/><V44/><F109/><W112/><G66/><T62/><D37/><U47/><E47/><V57/><F124/><W61/><G112/><T127/><D127/><U18/><E18/><N who="2" m="12439" /><F5/><W96/><G17/><T56/><D16/><U49/><AGARI ba="0,1" hai="11,14,19,21,22,38,42,46,49,54,59,93,97,100" machi="49" ten="20,5200,0" yaku="1,1,0,1,7,1,52,1,53,0" doraHai="55" doraHaiUra="26" who="1" fromWho="1" sc="357,-13,4,62,335,-13,294,-26" /><INIT seed="4,0,0,2,0,48" ten="344,66,322,268" oya="0" hai0="58,34,80,50,32,25,119,120,24,107,4,93,72" hai1="123,11,63,35,7,21,79,97,44,62,90,95,70" hai2="71,86,101,9,18,2,40,68,46,111,14,39,127" hai3="96,36,65,134,89,43,118,37,124,19,13,66,45"/><T103/><D119/><U133/><E35/><V1/><F111/><W104/><G118/><T51/><D107/><U116/><E133/><V29/><F127/><W99/><G37/><T22/><D4/><U110/><E110/><V98/><F29/><W100/><G124/><T3/><D3/><U0/><E123/><V112/><F112/><W81/><G134/><T131/><D120/><U60/><E116/><V38/><F38/><W87/><REACH who="3" step="1"/><G96/><REACH who="3" ten="344,66,322,258" step="2"/><T75/><D131/><U129/><E129/><V73/><F98/><W102/><G102/><T17/><D103/><U106/><E106/><V42/><F101/><W53/><G53/><T47/><D32/><U76/><E70/><V8/><F39/><W91/><G91/><T15/><D34/><U109/><E109/><V84/><F68/><W114/><G114/><T78/><D75/><U12/><E0/><V130/><F71/><W16/><G16/><T69/><D69/><U49/><REACH who="1" step="1"/><E21/><AGARI ba="0,1" hai="13,19,21,36,43,45,65,66,81,87,89,99,100,104" machi="21" ten="30,2000,0" yaku="1,1,7,1,53,0" doraHai="48" doraHaiUra="30" who="3" fromWho="1" sc="344,0,66,-20,322,0,258,30" /><INIT seed="5,0,0,1,1,130" ten="344,46,322,288" oya="1" hai0="60,26,83,89,52,58,87,23,44,42,1,126,18" hai1="15,78,65,21,7,97,96,105,128,101,80,116,25" hai2="91,37,8,64,36,30,88,98,24,14,104,99,86" hai3="32,2,131,31,22,125,114,66,17,53,127,13,108"/><U46/><E116/><V106/><F64/><W92/><G108/><T119/><D119/><U10/><E128/><V62/><F62/><W122/><G122/><T103/><D1/><U72/><E65/><V11/><F14/><W118/><G114/><T43/><D126/><U95/><E46/><V34/><F86/><W77/><G77/><T40/><REACH who="0" step="1"/><D103/><REACH who="0" ten="334,46,322,288" step="2"/><U12/><E12/><V85/><F24/><W93/><G127/><T5/><D5/><U28/><REACH who="1" step="1"/><E97/><REACH who="1" ten="334,36,322,288" step="2"/><V70/><F98/><W68/><G13/><T109/><D109/><U51/><E51/><AGARI ba="0,2" hai="18,23,26,40,42,43,44,51,52,58,60,83,87,89" machi="51" ten="30,8000,1" yaku="1,1,7,1,8,1,54,1,53,1" doraHai="130" doraHaiUra="45" who="0" fromWho="1" sc="334,100,36,-80,322,0,288,0" owari="434,53.4,-44,-54.4,322,12.2,288,-11.2" /></mjloggm>