<mjloggm ver="2.3"><GO type="169" lobby="0"/><UN n0="%45%72%77%69%6E%52%64" n1="%67%78%7A" n2="%E6%84%9B%E3%81%AF%E6%AD%A3%E7%BE%A9" n3="%E9%81%A0%E8%BF%91%E9%99%B0%E6%99%B4%E7%9A%86%E5%85%A5%E5%BF%83" dan="16,17,16,17" rate="2144.44,2171.77,2098.02,2194.99" sx="M,F,F,F"/><TAIKYOKU oya="0"/><INIT seed="0,0,0,3,5,88" ten="250,250,250,250" oya="0" hai0="63,59,119,1,11,111,57,48,10,114,60,18,77" hai1="123,52,68,72,110,31,42,82,64,3,102,127,90" hai2="55,13,109,34,98,20,75,95,5,129,46,130,93" hai3="106,50,118,96,128,22,66,81,78,45,40,69,44"/><T62/><D114/><U89/><E123/><V61/><F34/><W101/><G128/><N who="2" m="49257" /><F75/><W25/><G118/><T91/><D119/><U36/><E3/><V8/><F109/><W71/><G66/><T120/><D120/><U41/><E110/><V16/><F98/><W113/><G45/><T2/><D111/><U24/><E127/><V7/><F7/><W107/><G106/><T86/><D77/><U17/><E102/><V29/><F29/><W94/><G107/><T32/><D32/><U23/><E72/><V47/><F61/><W112/><G69/><T125/><D125/><U70/><E36/><V15/><F55/><W134/><G71/><T124/><D124/><U37/><E37/><V103/><F103/><W51/><G51/><T76/><D76/><U27/><E64/><V12/><F12/><W79/><G79/><T53/><D59/><U100/><E100/><V108/><F108/><W105/><G105/><T73/><D73/><U97/><E68/><V43/><F47/><W85/><REACH who="3" step="1"/><G134/><REACH who="3" ten="250,250,250,240" step="2"/><T54/><D53/><U122/><E52/><V121/><F121/><W6/><G6/><T87/><D48/><AGARI ba="0,1" hai="5,8,13,15,16,20,43,46,48,93,95" m="49257" machi="48" ten="30,7700,0" yaku="19,1,52,2,54,1" doraHai="88" who="2" fromWho="0" sc="250,-77,250,0,250,87,240,0" /><INIT seed="1,0,0,5,2,12" ten="173,250,337,240" oya="1" hai0="18,93,65,102,72,83,24,70,36,131,133,50,92" hai1="43,74,38,6,14,46,91,45,69,60,134,59,10" hai2="13,44,114,48,95,89,85,49,29,117,20,1,101" hai3="16,124,81,62,17,64,5,122,128,82,66,32,105"/><U104/><E74/><V57/><F117/><W112/><G122/><T80/><D36/><U67/><E104/><V100/><F1/><W108/><G32/><T73/><D131/><U130/><E130/><V132/><F114/><W7/><G112/><T55/><D133/><U41/><E134/><V113/><F113/><W63/><G105/><T31/><D72/><U71/><REACH who="1" step="1"/><E91/><REACH who="1" ten="173,240,337,240" step="2"/><V28/><F132/><W27/><G128/><T97/><D73/><U84/><E84/><V120/><F120/><W68/><G124/><T123/><D123/><U8/><E8/><V90/><F90/><W42/><G108/><T15/><D93/><U75/><E75/><V88/><F89/><W33/><G42/><T135/><D135/><U127/><E127/><V51/><F101/><W99/><G99/><T22/><D70/><U126/><E126/><V37/><F100/><W35/><G27/><T118/><D118/><U53/><E53/><V129/><F129/><W115/><G115/><T26/><D26/><U25/><E25/><V121/><F121/><W0/><G0/><T4/><D65/><U119/><E119/><V125/><F125/><W78/><G78/><T111/><D111/><U58/><E58/><V19/><F57/><W23/><G23/><N who="0" m="15775" /><D4/><U11/><E11/><V3/><F3/><W76/><G76/><T87/><D87/><U61/><E61/><V40/><AGARI ba="0,1" hai="13,19,20,28,29,37,40,44,48,49,51,85,88,95" machi="40" ten="30,4000,0" yaku="0,1,52,1,54,1" doraHai="12" who="2" fromWho="2" sc="173,-10,240,-20,337,50,240,-10" /><INIT seed="2,0,0,2,4,81" ten="163,220,387,230" oya="2" hai0="69,110,33,103,37,124,5,64,23,54,13,48,30" hai1="49,133,7,125,8,39,1,34,74,99,92,45,41" hai2="84,94,44,117,18,57,111,65,112,98,115,122,129" hai3="19,11,104,9,29,71,105,78,50,121,73,10,89"/><V53/><F122/><W113/><G121/><T91/><D37/><U4/><E34/><V95/><F117/><W59/><G71/><T132/><D124/><U70/><E70/><V108/><F65/><W130/><G130/><T12/><D110/><N who="2" m="42026" /><F44/><W42/><G113/><N who="2" m="43593" /><F129/><W123/><G123/><T87/><D64/><U51/><E125/><V80/><F18/><W31/><G73/><T24/><D69/><U22/><E4/><V16/><F16/><W106/><G78/><T36/><D36/><U3/><E3/><V40/><F40/><W82/><G19/><T28/><D5/><U2/><E2/><V56/><F98/><W119/><G119/><T135/><D28/><U83/><E99/><V96/><F96/><W79/><G79/><T35/><D12/><U55/><E41/><V126/><F126/><W38/><G38/><T72/><D13/><U26/><E39/><V66/><F66/><W90/><G42/><T14/><D14/><U6/><E6/><V134/><F134/><W20/><G20/><T46/><D132/><U131/><E133/><V97/><F97/><W101/><G101/><T100/><D135/><U114/><E131/><V118/><F118/><W128/><G128/><T67/><D67/><U86/><E114/><V47/><F47/><W77/><G77/><T88/><D100/><U52/><E45/><V61/><F57/><W63/><G59/><T109/><D103/><U102/><E102/><V60/><F60/><W25/><G63/><T93/><D109/><U0/><E0/><V127/><F127/><W17/><G106/><T15/><D46/><RYUUKYOKU ba="0,0" sc="163,-10,220,-10,387,30,230,-10" hai2="53,56,61,80,84,94,95" /><INIT seed="2,1,0,0,5,82" ten="153,210,417,220" oya="2" hai0="131,26,54,84,99,27,30,122,133,80,123,59,58" hai1="90,85,67,2,124,53,24,81,88,120,31,12,46" hai2="34,128,98,97,55,94,102,73,51,77,6,5,35" hai3="109,86,56,4,119,72,110,68,132,130,114,108,70"/><V127/><F128/><W38/><G119/><T116/><D131/><U61/><E2/><V64/><F127/><W40/><G72/><T113/><D113/><U126/><E120/><V63/><F34/><W60/><G130/><T69/><D69/><N who="3" m="26729" /><G4/><T13/><D116/><U19/><E67/><V104/><F35/><W117/><G117/><T96/><D133/><U62/><E90/><V25/><F25/><W79/><G132/><T101/><D13/><U23/><E46/><V65/><F77/><W8/><G8/><T14/><D14/><U118/><E118/><V1/><F73/><W44/><G114/><T7/><D7/><U93/><E81/><V10/><F6/><W83/><G56/><T57/><D54/><U89/><E89/><V71/><F65/><W111/><N who="3" m="27648" /><DORA hai="103" /><W41/><G41/><T43/><D43/><U9/><REACH who="1" step="1"/><E53/><REACH who="1" ten="153,200,417,220" step="2"/><V95/><F98/><W76/><G79/><T37/><D96/><U121/><E121/><V75/><F75/><W15/><G60/><AGARI ba="1,1" hai="9,12,19,23,24,31,60,61,62,85,88,93,124,126" machi="60" ten="40,8000,1" yaku="1,1,52,1,54,1,53,2" doraHai="82,103" doraHaiUra="135,0" who="1" fromWho="3" sc="153,0,200,93,417,0,220,-83" /><INIT seed="3,0,0,3,4,10" ten="153,293,417,137" oya="3" hai0="54,124,66,86,113,97,55,13,101,127,95,112,115" hai1="85,132,77,81,104,120,50,46,7,116,27,88,118" hai2="22,62,11,94,90,114,83,64,102,79,135,37,5" hai3="103,108,0,63,84,129,61,75,28,78,126,53,35"/><W26/><G129/><T69/><D86/><U92/><E120/><V43/><F114/><W52/><G126/><N who="0" m="48171" /><D66/><U39/><E39/><V4/><F135/><W6/><G103/><T57/><D69/><U74/><E132/><V91/><F102/><W24/><G108/><T19/><D57/><U56/><E104/><V15/><F37/><W128/><G128/><T134/><D134/><U70/><E70/><V71/><F43/><W119/><G119/><T9/><AGARI ba="0,0" hai="9,13,19,54,55,95,97,101,112,113,115" m="48171" machi="9" ten="40,5200,0" yaku="11,1,18,1,52,1" doraHai="10" who="0" fromWho="0" sc="153,52,293,-13,417,-13,137,-26" /><INIT seed="4,0,0,3,0,103" ten="205,280,404,111" oya="0" hai0="67,38,124,16,64,108,30,122,78,99,91,33,5" hai1="40,71,34,105,85,10,126,132,58,42,89,76,128" hai2="107,98,60,123,1,84,70,127,79,14,59,113,31" hai3="83,69,97,46,96,112,18,77,75,55,133,116,125"/><T88/><D122/><U49/><E71/><V74/><F1/><W35/><G116/><T12/><D38/><U72/><E34/><V15/><F70/><W130/><G69/><T92/><D5/><U22/><E128/><V118/><F123/><W57/><G130/><T129/><D129/><U87/><E72/><V62/><F113/><W2/><G2/><T36/><D36/><U115/><E115/><V26/><F74/><W51/><G35/><T110/><D78/><U43/><E43/><V93/><F62/><W82/><G133/><T56/><D124/><U21/><E132/><V23/><F107/><W114/><G125/><T53/><D91/><U37/><E37/><V32/><F32/><W86/><G114/><T61/><D30/><U121/><E121/><V20/><F20/><N who="1" m="7785" /><E105/><V8/><F8/><W95/><G112/><T48/><D33/><U29/><E10/><V39/><F39/><W41/><G18/><T80/><D80/><N who="1" m="47239" /><E29/><V52/><F127/><W7/><G7/><T4/><D4/><U111/><E111/><N who="0" m="42537" /><D48/><U106/><E126/><V134/><F134/><W9/><G9/><AGARI ba="0,0" hai="9,12,16,53,56,61,64,67,88,92,99" m="42537" machi="9" ten="30,5800,0" yaku="10,1,54,2" doraHai="103" who="0" fromWho="3" sc="205,58,280,0,404,0,111,-58" /><INIT seed="4,1,0,2,4,34" ten="263,280,404,53" oya="0" hai0="35,88,85,61,130,122,96,60,75,69,100,66,117" hai1="20,39,2,48,8,63,131,110,95,77,135,123,106" hai2="52,44,83,11,51,14,38,36,30,107,79,17,120" hai3="116,4,46,70,129,76,98,93,42,43,33,31,40"/><T87/><D122/><U111/><E123/><V65/><F120/><W132/><G70/><T16/><D117/><U109/><E106/><V23/><F107/><W80/><G116/><T126/><D35/><U28/><E39/><V32/><F32/><W101/><G132/><T13/><D75/><U3/><E135/><V104/><F104/><W108/><G108/><T21/><D126/><U6/><E131/><V0/><F65/><W37/><G129/><T115/><D115/><U119/><E119/><V47/><F47/><W50/><G33/><T15/><D130/><U1/><E77/><V86/><REACH who="2" step="1"/><F30/><REACH who="2" ten="263,280,394,53" step="2"/><W74/><G31/><T89/><D66/><U99/><E63/><N who="0" m="24137" /><D69/><U22/><E48/><V128/><F128/><W12/><G50/><T9/><D100/><U72/><E72/><V26/><F26/><W49/><G49/><T105/><D105/><U92/><E28/><V59/><F59/><W94/><G37/><T91/><D96/><U81/><E81/><V54/><F54/><W90/><G46/><T56/><D56/><U134/><E134/><V53/><F53/><W29/><G29/><T127/><D127/><U68/><E68/><V58/><F58/><W97/><G40/><T118/><D118/><U19/><E99/><V113/><F113/><W25/><G25/><T10/><D21/><U5/><E20/><V67/><F67/><W57/><REACH who="3" step="1"/><G57/><REACH who="3" ten="263,280,394,43" step="2"/><T41/><D41/><U78/><E109/><V114/><F114/><W71/><G71/><T45/><D45/><U27/><E110/><V73/><F73/><W7/><G7/><AGARI ba="1,2" hai="7,9,10,13,15,16,85,87,88,89,91" m="24137" machi="7" ten="30,5800,0" yaku="8,1,54,2" doraHai="34" who="0" fromWho="3" sc="263,81,280,0,394,0,43,-61" /><AGARI ba="1,0" hai="0,7,11,14,17,23,36,38,44,51,52,79,83,86" machi="7" ten="40,5200,0" yaku="1,1,52,1,54,1,53,0" doraHai="34" doraHaiUra="84" who="2" fromWho="3" sc="344,0,280,0,394,52,-18,-52" owari="344,14.4,280,-12.0,446,54.6,-70,-57.0" /></mjloggm>