<mjloggm ver="2.3"><GO type="225" lobby="0"/><UN n0="%70%6F%69%73%6F%6E%30%32" n1="%E3%81%8B%E3%82%8F%E3%81%A1%E3%82%83%E3%82%93%35%38" n2="%E3%81%A4%E3%81%A3%E3%81%B1%E3%82%8A%E3%83%9D%E3%83%BC%E3%83%AB" n3="%E7%B4%94%E6%BD%94%E3%83%94%E3%83%A9%E3%83%8B%E3%82%A2" dan="16,16,17,16" rate="2121.53,2153.79,2157.98,2186.31" sx="M,M,M,M"/><TAIKYOKU oya="0"/><INIT seed="0,0,0,4,0,131" ten="250,250,250,250" oya="0" hai0="45,118,121,69,124,62,56,30,134,64,106,79,3" hai1="55,61,23,48,46,9,1,59,75,82,132,40,60" hai2="85,73,7,19,130,119,86,71,70,113,50,105,103" hai3="122,8,54,104,4,38,129,92,76,6,115,17,41"/><T126/><D3/><U95/><E132/><V108/><F7/><W67/><G104/><T109/><D106/><U47/><E1/><V14/><F73/><W97/><G115/><T58/><D79/><U101/><E75/><V34/><F34/><W90/><G129/><T66/><D30/><U53/><E82/><V117/><F130/><W26/><G122/><T114/><D121/><U63/><E9/><V128/><F128/><W120/><G120/><T65/><D114/><U116/><E23/><V39/><F39/><W102/><G67/><N who="0" m="25675" /><D118/><N who="2" m="45066" /><F113/><W36/><G6/><T49/><D134/><U78/><E78/><V110/><F50/><W125/><G76/><T18/><D18/><U98/><REACH who="1" step="1"/><E116/><REACH who="1" ten="250,240,250,250" step="2"/><V5/><F108/><W80/><G8/><T44/><D109/><U42/><E42/><V51/><F110/><W21/><G41/><N who="0" m="24719" /><D45/><U77/><E77/><V0/><F0/><W88/><G80/><T87/><D87/><U33/><E33/><V32/><F32/><W57/><G4/><T28/><D28/><U20/><E20/><N who="2" m="11383" /><F86/><W133/><G133/><T68/><D68/><U16/><E16/><V37/><F85/><W13/><G17/><T35/><D35/><U81/><E81/><V112/><F112/><W99/><G21/><T93/><D93/><U127/><E127/><AGARI ba="0,1" hai="56,58,62,66,69,124,126,127" m="24719,25675" machi="127" ten="30,5800,0" yaku="18,1,34,2" doraHai="131" who="0" fromWho="1" sc="250,68,240,-58,250,0,250,0" /><INIT seed="0,1,0,4,3,20" ten="318,182,250,250" oya="0" hai0="94,103,131,135,33,52,32,119,100,116,96,14,29" hai1="124,89,28,112,78,12,23,16,1,57,72,114,79" hai2="85,77,8,41,61,86,56,108,81,99,19,54,34" hai3="17,39,22,45,25,82,30,49,40,36,43,102,47"/><T9/><D135/><U15/><E1/><V127/><F108/><W67/><G102/><T51/><D131/><U11/><E124/><V31/><F127/><W3/><G3/><T76/><D76/><U48/><E72/><V92/><F41/><W83/><G49/><T50/><D50/><U7/><E28/><V115/><F115/><N who="1" m="44073" /><E89/><V130/><F130/><W69/><REACH who="3" step="1"/><G30/><REACH who="3" ten="318,182,250,240" step="2"/><T59/><D103/><U126/><E126/><V117/><F31/><W95/><G95/><T24/><REACH who="0" step="1"/><D33/><REACH who="0" ten="308,182,250,240" step="2"/><U133/><E133/><V111/><F34/><W21/><G21/><T110/><D110/><U98/><E48/><V80/><F111/><W53/><G53/><T63/><D63/><AGARI ba="1,2" hai="17,22,25,36,39,40,43,45,47,63,67,69,82,83" machi="63" ten="40,8000,1" yaku="1,1,9,1,52,1,53,1" doraHai="20" doraHaiUra="18" who="3" fromWho="0" sc="308,-83,182,0,250,0,240,103" /><INIT seed="1,0,0,5,3,79" ten="225,182,250,343" oya="1" hai0="75,17,113,131,119,95,53,8,49,89,80,111,112" hai1="85,32,110,104,78,107,63,19,33,102,57,16,69" hai2="62,125,40,51,66,83,21,55,123,26,81,20,92" hai3="23,135,48,52,50,129,90,38,58,108,73,35,39"/><U46/><E69/><V122/><F125/><W133/><G35/><T0/><D119/><U68/><E68/><V115/><F115/><W121/><G121/><T134/><D111/><U14/><E110/><V116/><F116/><W44/><G108/><T25/><D134/><N who="3" m="51209" /><G73/><T105/><D105/><U59/><E46/><N who="2" m="26055" /><F123/><W124/><G90/><T11/><D131/><U45/><E45/><V9/><F122/><W72/><G72/><T15/><D25/><U60/><E78/><V128/><F128/><W5/><G129/><T10/><D75/><U22/><E85/><V114/><F114/><W24/><G5/><T93/><D0/><U2/><E2/><V18/><F66/><W94/><G94/><N who="0" m="35851" /><D113/><U29/><E29/><N who="2" m="17607" /><F9/><W109/><G124/><T61/><D61/><U132/><E132/><V7/><F92/><W84/><G84/><N who="0" m="50311" /><D112/><U76/><E76/><V43/><F43/><N who="3" m="24607" /><G109/><T86/><D86/><U1/><E1/><V103/><F103/><W34/><G34/><T3/><D3/><U70/><E70/><V82/><F7/><W126/><G126/><T118/><D118/><U77/><E77/><V56/><F83/><W74/><G74/><T88/><D88/><U71/><E71/><V120/><F120/><W12/><G12/><AGARI ba="0,0" hai="12,18,21,55,56,62,81,82" m="17607,26055" machi="12" ten="30,3900,0" yaku="8,1,52,2" doraHai="79" who="2" fromWho="3" sc="225,0,182,0,250,39,343,-39" /><INIT seed="2,0,0,4,4,20" ten="225,182,289,304" oya="2" hai0="30,98,48,15,40,34,25,58,101,119,111,18,1" hai1="67,32,91,126,59,16,96,61,79,75,129,71,130" hai2="22,4,51,11,9,54,132,60,117,122,90,112,29" hai3="66,27,6,43,94,123,19,83,35,86,135,36,53"/><V78/><F112/><W5/><G123/><T113/><D111/><U73/><E126/><V0/><F122/><W95/><G135/><T99/><D113/><U82/><E32/><V49/><F132/><W64/><G36/><T76/><D1/><U45/><E75/><V87/><F117/><W23/><G43/><T12/><D76/><U41/><E59/><N who="2" m="34935" /><F0/><W106/><G53/><T110/><D110/><U72/><E72/><V8/><F78/><N who="3" m="46455" /><G35/><T74/><D74/><U92/><REACH who="1" step="1"/><E16/><REACH who="1" ten="225,172,289,304" step="2"/><V68/><F4/><N who="3" m="1643" /><G106/><T109/><D109/><U81/><E81/><N who="2" m="49519" /><F68/><W93/><AGARI ba="0,1" hai="19,23,27,64,66,93,94,95" m="1643,46455" machi="93" ten="30,2000,0" yaku="8,1,52,1" doraHai="20" who="3" fromWho="3" sc="225,-5,172,-5,289,-10,304,30" /><INIT seed="3,0,0,5,2,98" ten="220,167,279,334" oya="3" hai0="53,2,132,110,82,86,36,81,66,121,38,83,133" hai1="32,45,11,65,115,30,22,33,6,27,28,35,50" hai2="128,76,131,37,19,7,77,112,111,103,49,90,0" hai3="93,68,34,25,54,46,57,123,125,75,47,13,118"/><W70/><G75/><T85/><D2/><N who="1" m="471" /><E65/><V56/><F37/><N who="0" m="14442" /><D121/><U106/><E50/><V23/><F90/><W16/><G46/><T96/><D66/><U55/><E55/><V41/><F49/><W14/><G47/><T114/><D110/><U108/><E106/><V20/><F41/><W109/><G14/><T119/><D119/><U117/><E45/><V44/><F23/><W63/><G125/><T8/><D114/><U116/><E115/><V100/><F56/><W42/><G42/><T97/><D8/><U43/><E43/><V24/><F111/><W4/><G118/><N who="1" m="45674" /><E108/><V105/><F105/><W89/><G34/><N who="1" m="8706" /><U130/><DORA hai="9" /><E130/><N who="2" m="49707" /><F44/><W95/><G95/><T15/><D53/><U79/><E79/><N who="2" m="30283" /><F112/><W122/><G109/><T62/><D62/><U135/><E135/><N who="0" m="51785" /><D15/><U73/><E73/><V107/><F107/><W129/><G129/><T84/><AGARI ba="0,0" hai="81,82,83,84,85,86,96,97" m="51785,14442" machi="84" ten="40,5200,0" yaku="28,2,20,1" doraHai="98,9" who="0" fromWho="0" sc="220,52,167,-13,279,-13,334,-26" owari="272,7.2,154,-34.6,266,-13.4,308,40.8" /></mjloggm>