<mjloggm ver="2.3"><GO type="169" lobby="0"/><UN n0="%E3%83%99%E3%83%A8%E3%83%B3%E3%82%B8%E3%83%A5" n1="%E3%83%A9%E3%83%B3%E3%82%B0%E3%83%A9" n2="%E5%90%83%E8%B2%A8%E5%B0%8F%E5%8C%97%E5%8C%97" n3="%E6%81%8B%E3%81%AE%E3%81%86%E3%81%9F" dan="16,16,18,17" rate="2083.45,2065.22,2287.63,2263.63" sx="M,M,M,M"/><TAIKYOKU oya="0"/><INIT seed="0,0,0,0,5,134" ten="250,250,250,250" oya="0" hai0="58,4,135,125,6,12,50,107,39,53,79,14,30" hai1="81,5,92,89,13,34,23,126,41,26,129,38,21" hai2="45,111,94,22,10,84,71,0,7,19,72,86,40" hai3="83,8,113,55,42,25,77,76,3,46,115,66,101"/><T93/><D107/><U119/><E119/><V57/><F111/><W80/><G66/><T65/><D135/><U16/><E129/><V37/><F71/><W106/><G55/><T105/><D105/><U104/><E104/><V124/><F94/><W112/><G25/><T110/><D39/><U67/><E34/><V24/><F57/><W49/><G3/><T114/><D114/><U116/><E116/><V43/><F43/><W54/><G8/><T32/><D79/><U73/><E67/><V121/><F121/><W47/><G101/><T96/><D110/><U35/><E35/><V78/><REACH who="2" step="1"/><F124/><REACH who="2" ten="250,250,240,250" step="2"/><W28/><G106/><T87/><D125/><U102/><E126/><V11/><F11/><W48/><G113/><T2/><D58/><U123/><E123/><V51/><F51/><W74/><REACH who="3" step="1"/><G28/><REACH who="3" ten="250,250,240,240" step="2"/><T108/><D30/><U20/><E41/><V90/><F90/><W97/><G97/><T64/><D96/><U31/><E89/><V52/><F52/><W1/><G1/><T62/><D2/><U99/><E31/><V128/><F128/><W85/><AGARI ba="0,2" hai="42,46,47,48,49,54,74,76,77,80,83,85,112,115" machi="85" ten="20,2700,0" yaku="1,1,0,1,7,1,53,0" doraHai="134" doraHaiUra="68" who="3" fromWho="3" sc="250,-13,250,-7,240,-7,240,47" /><INIT seed="1,0,0,0,5,40" ten="237,243,233,287" oya="1" hai0="116,112,64,39,99,115,69,74,8,18,44,77,1" hai1="16,66,32,118,41,3,94,65,97,86,11,26,76" hai2="25,108,31,130,28,75,72,104,52,79,95,17,14" hai3="114,106,46,119,47,122,124,50,54,57,4,6,29"/><U34/><E118/><V60/><F104/><W37/><G122/><T90/><D116/><U113/><E113/><V19/><F108/><W102/><G114/><T96/><D18/><U61/><E3/><V87/><F130/><W120/><G120/><T27/><D27/><U35/><E41/><V117/><F117/><W91/><G37/><T36/><D99/><U20/><E11/><V45/><F75/><W70/><G70/><T127/><D90/><U84/><E76/><V21/><F72/><W24/><G124/><T83/><D96/><U107/><E107/><V81/><F95/><W53/><G119/><T123/><D123/><U13/><E26/><V134/><F134/><W132/><G132/><T121/><D121/><U129/><E129/><V22/><REACH who="2" step="1"/><F60/><REACH who="2" ten="237,243,223,287" step="2"/><W30/><G106/><T5/><D112/><U2/><E2/><V93/><F93/><W125/><G125/><T82/><D127/><U109/><E109/><V58/><F58/><W131/><G57/><T73/><D73/><U10/><E10/><V78/><F78/><W7/><G131/><T133/><D133/><U105/><E105/><V15/><F15/><W63/><G63/><N who="0" m="40095" /><D115/><U56/><REACH who="1" step="1"/><E66/><REACH who="1" ten="237,233,223,287" step="2"/><V9/><F9/><W48/><G24/><T43/><D77/><U101/><AGARI ba="0,2" hai="13,16,20,32,34,35,56,61,65,84,86,94,97,101" machi="101" ten="30,11700,0" yaku="1,1,2,1,0,1,54,1,53,0" doraHai="40" doraHaiUra="51" who="1" fromWho="1" sc="237,-39,233,137,223,-39,287,-39" /><INIT seed="1,1,0,0,2,95" ten="198,370,184,248" oya="1" hai0="46,74,105,54,44,121,21,30,90,114,82,81,98" hai1="122,29,2,53,73,108,71,68,93,4,28,128,11" hai2="55,6,33,131,132,94,17,31,25,133,88,63,50" hai3="49,97,43,57,91,64,52,23,61,78,16,115,60"/><U127/><E122/><V65/><F6/><W22/><G115/><T47/><D114/><U107/><E73/><V58/><F17/><W130/><G130/><T37/><D121/><U106/><E128/><V67/><F131/><W102/><G78/><T101/><D37/><U59/><E127/><V83/><F83/><W99/><G23/><T89/><D54/><U36/><E36/><V12/><F12/><W120/><G120/><T24/><D74/><U3/><E3/><V32/><F32/><W51/><G91/><T56/><D56/><U62/><E108/><V14/><F14/><N who="3" m="9495" /><G102/><T35/><D35/><U113/><E113/><V84/><REACH who="2" step="1"/><F67/><REACH who="2" ten="198,370,174,248" step="2"/><W27/><G27/><T19/><D19/><U125/><E125/><V20/><F20/><W38/><G38/><T5/><D5/><U79/><E29/><V42/><F42/><W8/><G8/><T86/><REACH who="0" step="1"/><D44/><AGARI ba="1,1" hai="25,31,33,44,50,55,58,63,65,84,88,94,132,133" machi="44" ten="40,2600,0" yaku="1,1,54,1,53,0" doraHai="95" doraHaiUra="34" who="2" fromWho="0" sc="198,-29,370,0,174,39,248,0" /><INIT seed="2,0,0,0,4,110" ten="169,370,213,248" oya="2" hai0="94,21,19,73,126,22,111,99,14,13,47,120,50" hai1="34,81,12,3,92,78,11,35,2,86,51,71,115" hai2="106,0,55,74,67,52,89,29,123,30,39,128,93" hai3="109,37,134,69,72,54,125,102,95,63,132,80,41"/><V83/><F123/><W76/><G109/><T43/><D111/><U58/><E71/><V88/><F0/><W46/><G95/><T85/><D73/><U44/><E115/><V105/><F39/><W64/><G102/><T112/><D126/><U108/><E108/><V98/><F67/><W87/><G87/><T53/><D120/><U133/><E133/><V135/><F135/><W26/><G125/><T104/><D104/><U25/><E58/><V24/><F128/><W42/><G42/><T6/><D112/><U129/><E92/><V103/><F89/><W70/><G70/><T100/><D85/><U5/><E129/><V101/><F103/><W79/><G79/><T122/><D122/><U7/><E7/><V49/><F105/><W114/><G114/><T20/><D43/><N who="1" m="24991" /><E25/><V4/><F4/><W45/><G45/><T27/><D27/><U56/><E56/><V96/><F49/><W10/><G54/><T117/><D117/><U75/><E75/><V33/><REACH who="2" step="1"/><F30/><REACH who="2" ten="169,370,203,248" step="2"/><W32/><REACH who="3" step="1"/><G10/><AGARI ba="0,1" hai="6,10,13,14,19,20,21,22,47,50,53,94,99,100" machi="10" ten="40,1300,0" yaku="8,1" doraHai="110" who="0" fromWho="3" sc="169,23,370,0,203,0,248,-13" /><INIT seed="3,0,0,3,4,48" ten="192,370,203,235" oya="3" hai0="125,100,8,34,63,57,95,130,73,122,87,5,67" hai1="38,118,0,134,83,69,52,30,93,85,43,35,65" hai2="4,64,2,49,88,10,128,71,55,62,41,61,96" hai3="76,102,120,101,50,47,33,36,129,106,60,86,77"/><W91/><G120/><T111/><D122/><U3/><E38/><V59/><F128/><W80/><G36/><T20/><D34/><U107/><E107/><V37/><F62/><W27/><G129/><T115/><D73/><U105/><E105/><V51/><F49/><W126/><G126/><T133/><D130/><U70/><E43/><V9/><F9/><W15/><G33/><T54/><D125/><U68/><E65/><V6/><F6/><W103/><G106/><T78/><D133/><U26/><E93/><V39/><F96/><W132/><G132/><T46/><D111/><U82/><E134/><V72/><F72/><W90/><G27/><T104/><D104/><U58/><E118/><V75/><F75/><W32/><G32/><T108/><D108/><U13/><E13/><V25/><F25/><W31/><G31/><T28/><D20/><U53/><E83/><V29/><F29/><W97/><G60/><T81/><D28/><U19/><E19/><V1/><F1/><W7/><G76/><T79/><D78/><U98/><E98/><V119/><F119/><W135/><G97/><N who="0" m="59455" /><D115/><U24/><E24/><V94/><F41/><N who="3" m="24943" /><G135/><T21/><D21/><U22/><E35/><V113/><F113/><W44/><G44/><T109/><D109/><U131/><E131/><V123/><F123/><W12/><G12/><N who="0" m="5135" /><D46/><U124/><E124/><V89/><F89/><W18/><G7/><T56/><D56/><U114/><E114/><V74/><F74/><W17/><G17/><T14/><D14/><U127/><E127/><V92/><F88/><W117/><G117/><RYUUKYOKU ba="0,0" sc="192,10,370,-30,203,10,235,10" hai0="54,57,63,67,79,81,87" hai2="2,4,10,37,39,51,55,59,61,64,71,92,94" hai3="15,18,77,80,86,90,91,101,102,103" /><INIT seed="3,1,0,0,0,128" ten="202,340,213,245" oya="3" hai0="85,131,34,126,21,112,133,15,76,14,37,118,53" hai1="108,12,43,97,44,39,25,27,55,86,129,95,2" hai2="81,47,32,123,101,33,117,130,106,103,111,93,58" hai3="91,64,63,13,11,87,17,121,82,127,78,50,110"/><W30/><G127/><T71/><D37/><U23/><E2/><V49/><F117/><W20/><G121/><T120/><D34/><U41/><E129/><V54/><F130/><W22/><G110/><T100/><D71/><U45/><E108/><V18/><F111/><W134/><G134/><T109/><D120/><U66/><E66/><V116/><F106/><W62/><G30/><T61/><D118/><U4/><E55/><V104/><F104/><W113/><G113/><T9/><D126/><U67/><E67/><V35/><F116/><W77/><G63/><T56/><D133/><U70/><E86/><V119/><F123/><W36/><G36/><T122/><D112/><U52/><E70/><V83/><F18/><W90/><G90/><T98/><D131/><U1/><E1/><V89/><F119/><W60/><G60/><T94/><D109/><U72/><E72/><V7/><F7/><W46/><G78/><T114/><D114/><U59/><E4/><V115/><F115/><W26/><G26/><T84/><D76/><U6/><E6/><V29/><F29/><W24/><G24/><T40/><D40/><U105/><E105/><V88/><F47/><W132/><G77/><T73/><D73/><U68/><E68/><V125/><F125/><W79/><G79/><T74/><D74/><U102/><E44/><V51/><F51/><W96/><G96/><T16/><D122/><U69/><E69/><V124/><F124/><W31/><G31/><T57/><D57/><U107/><E39/><V10/><F58/><N who="3" m="36951" /><G132/><T3/><D3/><U0/><E0/><RYUUKYOKU ba="1,0" sc="202,15,340,-15,213,-15,245,15" hai0="9,14,15,16,21,53,56,61,84,85,94,98,100" hai3="11,13,17,20,22,46,50,82,87,91" /><INIT seed="3,2,0,5,4,125" ten="217,325,198,260" oya="3" hai0="76,16,51,68,112,41,5,40,66,73,79,99,34" hai1="84,25,122,103,47,101,88,46,126,26,27,110,97" hai2="86,129,50,114,80,18,92,115,118,82,105,28,89" hai3="96,57,8,117,3,15,91,53,63,83,98,31,23"/><W60/><G117/><T81/><D5/><U85/><E126/><V2/><F118/><W45/><G3/><T37/><D37/><U70/><E70/><V106/><F2/><W56/><G45/><T32/><D79/><U69/><E69/><V75/><F28/><W107/><G107/><N who="2" m="40969" /><F18/><W116/><G116/><T94/><D112/><N who="2" m="43050" /><F50/><W14/><G83/><N who="2" m="31785" /><F75/><W54/><G91/><T131/><D34/><U90/><E25/><V123/><F123/><W0/><G0/><T74/><D32/><U108/><E122/><V12/><F12/><W33/><G33/><T30/><D30/><U77/><E77/><V7/><F7/><W6/><REACH who="3" step="1"/><G15/><REACH who="3" ten="217,325,198,250" step="2"/><T111/><D74/><U22/><E46/><V24/><F24/><AGARI ba="2,1" hai="6,8,14,23,24,31,53,54,56,57,60,63,96,98" machi="24" ten="40,12000,1" yaku="1,1,2,1,9,1,8,1,53,0" doraHai="125" doraHaiUra="36" who="3" fromWho="2" sc="217,0,325,0,198,-126,250,136" /><INIT seed="3,3,0,5,4,44" ten="217,325,72,386" oya="3" hai0="89,52,37,115,92,112,132,17,66,19,54,102,63" hai1="110,96,111,75,4,94,1,129,125,77,58,35,90" hai2="105,126,36,99,55,71,22,76,120,95,45,82,8" hai3="114,49,85,62,84,79,64,78,39,40,122,119,106"/><W60/><G114/><N who="0" m="43563" /><D37/><U88/><E35/><V12/><F71/><W73/><G119/><T14/><D102/><U50/><E1/><V29/><F126/><W27/><G122/><T135/><D135/><U25/><E4/><V56/><F105/><W124/><G73/><T20/><D19/><U131/><E25/><V33/><F33/><W87/><G39/><T74/><D74/><U31/><E31/><V23/><F120/><W18/><G106/><T67/><D67/><U123/><E123/><V11/><F45/><N who="3" m="25767" /><G124/><T46/><D46/><U116/><E125/><V57/><F57/><N who="3" m="36943" /><G60/><T70/><D132/><U42/><E116/><V61/><F36/><W51/><G51/><T134/><D134/><U80/><E42/><V13/><F29/><W24/><G24/><T2/><D2/><U127/><E127/><V97/><F13/><W28/><G28/><T68/><D68/><U34/><E34/><V133/><F133/><W38/><G38/><T128/><D128/><N who="1" m="49227" /><E90/><V5/><F12/><W15/><G27/><T10/><D10/><AGARI ba="3,0" hai="10,15,18,78,79,84,85,87" m="36943,25767" machi="10" ten="30,2900,0" yaku="8,1,52,1" doraHai="44" who="3" fromWho="0" sc="217,-38,325,0,72,0,386,38" /><INIT seed="3,4,0,2,2,12" ten="179,325,72,424" oya="3" hai0="75,5,14,27,22,43,80,13,132,111,94,28,39" hai1="98,68,24,17,126,110,1,85,61,70,104,0,92" hai2="55,50,88,69,18,15,11,32,74,122,96,87,109" hai3="4,45,130,121,117,107,105,112,47,128,79,120,52"/><W40/><G79/><T108/><D39/><U102/><E110/><N who="0" m="42025" /><D43/><U25/><E126/><V84/><F69/><W95/><G95/><T99/><D132/><U7/><E7/><V10/><F74/><W73/><G4/><T124/><D124/><U29/><E85/><V41/><F32/><W83/><G112/><T44/><D44/><U46/><E46/><V77/><F109/><W101/><G117/><T93/><D93/><U65/><E70/><V60/><F122/><W34/><G34/><T48/><D48/><U81/><E81/><N who="2" m="47151" /><F60/><W8/><G107/><T53/><D53/><U51/><E92/><N who="2" m="54303" /><F41/><W19/><G121/><T3/><D3/><U76/><E76/><V59/><F96/><W133/><G120/><T103/><D5/><U23/><REACH who="1" step="1"/><E51/><REACH who="1" ten="179,315,72,424" step="2"/><V86/><F86/><W100/><G83/><T26/><D75/><U118/><E118/><V97/><F97/><W16/><G73/><T91/><D80/><U9/><E9/><AGARI ba="4,1" hai="9,10,11,15,18,50,55,59" m="54303,47151" machi="9" ten="30,3900,0" yaku="8,1,52,1,54,1" doraHai="12" who="2" fromWho="1" sc="179,0,315,-51,72,61,424,0" /><INIT seed="4,0,0,3,4,20" ten="179,264,133,424" oya="0" hai0="84,131,34,8,99,45,95,134,71,91,11,118,33" hai1="70,6,81,103,128,83,114,122,40,41,133,124,35" hai2="119,104,58,123,26,5,19,106,69,12,42,50,132" hai3="2,85,120,74,63,96,107,97,101,61,109,64,1"/><T55/><D118/><U16/><E122/><V108/><F108/><W9/><G74/><T65/><D131/><U110/><E110/><V92/><F123/><W23/><G109/><T98/><D134/><U57/><E70/><V38/><F69/><W0/><G120/><T3/><D98/><U56/><E133/><V13/><F38/><W49/><G49/><T27/><D3/><U88/><E35/><V22/><F132/><W112/><G112/><T87/><D87/><U126/><E6/><V125/><F125/><N who="1" m="48233" /><E103/><V32/><F119/><W47/><G9/><T115/><D115/><U90/><E114/><V53/><F42/><N who="1" m="16489" /><E128/><V105/><F32/><W60/><G96/><T28/><D34/><U52/><E16/><V54/><F5/><W18/><G47/><T72/><D72/><U93/><E57/><V89/><REACH who="2" step="1"/><F53/><REACH who="2" ten="179,264,123,424" step="2"/><W24/><G64/><T86/><D65/><U51/><E90/><V127/><F127/><W29/><G101/><T79/><D71/><U94/><E94/><V73/><F73/><W82/><G107/><T46/><D55/><U100/><E100/><V67/><F67/><W30/><REACH who="3" step="1"/><G97/><AGARI ba="0,1" hai="51,52,56,81,83,88,93,97" m="16489,48233" machi="97" ten="30,3900,0" yaku="18,1,54,2" doraHai="20" who="1" fromWho="3" sc="179,0,264,49,123,0,424,-39" /><AGARI ba="0,0" hai="12,13,19,22,26,50,54,58,89,92,97,104,105,106" machi="97" ten="40,2600,0" yaku="1,1,52,1,53,0" doraHai="20" doraHaiUra="68" who="2" fromWho="3" sc="179,0,313,0,123,26,385,-26" /><INIT seed="5,0,0,4,3,13" ten="179,313,149,359" oya="1" hai0="71,60,126,48,77,16,130,133,37,135,31,111,33" hai1="95,85,10,76,134,100,114,96,80,90,18,110,73" hai2="78,35,99,28,132,103,98,124,84,34,40,3,52" hai3="20,116,115,15,41,120,53,129,21,75,8,102,109"/><U36/><E36/><V26/><F3/><W91/><G109/><T50/><D111/><U119/><E110/><V23/><F132/><N who="0" m="50762" /><D37/><U4/><E134/><V72/><F72/><W11/><G120/><T1/><D1/><U57/><E114/><V65/><F40/><W62/><G8/><T22/><D126/><U44/><E119/><V12/><F124/><W123/><G129/><T67/><D130/><U17/><E57/><V63/><F98/><W70/><G123/><T46/><D77/><U118/><E44/><V128/><F128/><W27/><G116/><T101/><D101/><U54/><E54/><V74/><F74/><W9/><G75/><T88/><D46/><U32/><E32/><V81/><F12/><W45/><G15/><N who="0" m="9503" /><D88/><U43/><E43/><V108/><F108/><W68/><G91/><T55/><D55/><U93/><E118/><V30/><F52/><W14/><G102/><T69/><D69/><U122/><E122/><V66/><F28/><W106/><G70/><T125/><D125/><U49/><E49/><V19/><F30/><W82/><G68/><T86/><D86/><U25/><E25/><AGARI ba="0,0" hai="25,31,33,48,50,60,67,71" m="9503,50762" machi="25" ten="30,3900,0" yaku="20,1,52,1,54,1" doraHai="13" who="0" fromWho="1" sc="179,39,313,-39,149,0,359,0" /><INIT seed="6,0,0,0,3,49" ten="218,274,149,359" oya="2" hai0="67,135,123,18,132,5,52,79,53,24,27,25,131" hai1="38,101,78,34,72,58,10,129,104,71,98,87,70" hai2="32,108,133,106,81,65,9,69,1,100,75,33,8" hai3="74,46,89,51,13,68,76,50,112,90,41,59,99"/><V21/><F133/><N who="0" m="51274" /><D123/><U107/><E38/><V14/><F108/><W92/><G68/><T36/><D36/><U57/><E34/><V120/><F120/><W56/><G112/><T111/><D111/><U28/><E28/><V47/><F21/><W48/><G74/><T40/><D40/><U128/><E107/><V73/><F9/><W96/><G76/><T61/><D5/><U82/><E72/><N who="2" m="27723" /><F14/><W105/><G105/><T83/><D131/><N who="1" m="50251" /><E10/><V115/><F81/><W7/><G13/><T43/><D43/><U97/><E97/><N who="2" m="61711" /><F47/><W66/><G7/><T16/><D79/><U3/><E3/><V2/><F115/><W130/><G130/><T37/><D83/><U62/><E57/><N who="3" m="22090" /><G66/><AGARI ba="0,0" hai="58,62,66,70,71,78,82,87,98,101,104" m="50251" machi="66" ten="30,1000,0" yaku="19,1" doraHai="49" who="1" fromWho="3" sc="218,0,274,10,149,0,359,-10" /><INIT seed="7,0,0,2,1,102" ten="218,284,149,349" oya="3" hai0="111,114,38,65,109,21,49,36,24,105,122,0,20" hai1="96,116,33,119,87,131,28,121,134,113,100,14,107" hai2="23,7,13,128,98,93,103,12,81,34,9,92,54" hai3="117,19,85,126,115,40,69,17,57,86,72,83,110"/><W5/><G115/><T94/><D122/><U74/><E33/><V99/><F128/><W71/><G5/><T120/><D0/><U77/><E28/><V89/><F34/><W41/><G57/><T8/><D8/><U130/><E14/><V101/><F54/><W68/><G83/><T80/><D120/><U61/><E61/><V88/><F81/><W1/><G126/><T67/><D80/><N who="1" m="45111" /><E121/><V108/><F108/><W125/><G125/><T18/><D94/><U43/><E43/><V11/><F23/><W52/><G69/><T84/><D84/><U129/><E113/><V79/><F79/><W30/><G40/><T124/><D124/><U3/><E3/><V78/><F78/><W2/><G41/><T29/><D114/><U44/><E44/><V6/><AGARI ba="0,0" hai="6,7,9,11,12,13,88,89,92,93,98,99,101,103" machi="6" ten="20,12000,2" yaku="0,1,7,1,32,3,8,1,54,1" doraHai="102" who="2" fromWho="2" sc="218,-30,284,-30,149,120,349,-60" /><INIT seed="8,0,0,4,3,24" ten="188,254,269,289" oya="0" hai0="133,66,99,96,11,95,75,134,120,3,2,22,85" hai1="26,107,128,97,65,111,58,130,6,62,43,126,36" hai2="54,10,105,80,74,40,73,37,30,14,79,56,51" hai3="64,122,28,18,124,9,61,59,57,82,50,60,114"/><T81/><D120/><U39/><E111/><V123/><F105/><W131/><G114/><T23/><D75/><U109/><E109/><V1/><F123/><W87/><G131/><N who="1" m="50218" /><E6/><N who="2" m="1359" /><F73/><W31/><G50/><T72/><D72/><U5/><E5/><V33/><F14/><N who="3" m="7503" /><G124/><T68/><D68/><U67/><E126/><V125/><F125/><W17/><G17/><T49/><D66/><N who="1" m="39255" /><E26/><V13/><F13/><W102/><G102/><T4/><D2/><U0/><E0/><V84/><F84/><W29/><G122/><T53/><D99/><U115/><E115/><V77/><F77/><N who="3" m="46543" /><G61/><T25/><D23/><U113/><E113/><V76/><F76/><W93/><G59/><T16/><D85/><U117/><E117/><V78/><F78/><W88/><G28/><T110/><D81/><U47/><E36/><V38/><F38/><W8/><G8/><T118/><D118/><U42/><E42/><V44/><F33/><W94/><G94/><T98/><D110/><U27/><E27/><V63/><F63/><W46/><G46/><T116/><D116/><U101/><AGARI ba="0,0" hai="39,43,47,65,67,97,101,107" m="39255,50218" machi="101" ten="30,1100,0" yaku="19,1" doraHai="24" who="1" fromWho="1" sc="188,-5,254,11,269,-3,289,-3" /><INIT seed="9,0,0,3,1,42" ten="183,265,266,286" oya="1" hai0="61,17,106,62,79,60,110,21,82,130,90,74,73" hai1="12,34,123,102,85,129,3,10,127,53,31,121,83" hai2="4,75,24,91,78,125,46,80,55,32,126,68,48" hai3="103,25,63,43,36,122,99,47,98,111,56,115,124"/><U2/><E102/><V77/><F68/><W70/><G111/><T81/><D110/><U66/><E66/><V114/><F114/><W101/><G115/><T9/><D130/><U108/><E108/><V30/><F4/><W105/><G124/><T118/><D118/><U119/><E119/><V37/><F78/><W107/><G25/><T50/><D106/><U20/><E34/><V58/><F91/><W71/><G122/><T131/><D131/><U116/><E116/><V11/><F11/><W41/><G41/><T39/><D39/><U128/><E127/><N who="2" m="48651" /><F37/><W40/><G40/><T8/><D50/><U65/><E129/><V38/><F38/><W87/><G87/><T51/><D51/><U15/><E128/><V117/><F117/><W18/><G18/><T6/><D6/><U84/><E10/><V134/><F134/><W19/><G19/><T22/><D22/><U133/><E20/><V5/><F5/><W52/><AGARI ba="0,0" hai="36,43,47,52,56,63,70,71,98,99,101,103,105,107" machi="52" ten="20,8000,1" yaku="0,1,7,1,9,1,52,1,54,1" doraHai="42" who="3" fromWho="3" sc="183,-20,265,-40,266,-20,286,80" owari="163,-33.7,225,-17.5,246,4.6,366,46.6" /></mjloggm>