<mjloggm ver="2.3"><GO type="169" lobby="0"/><UN n0="%E6%B2%B3%E7%AB%A5%E3%81%AE%E3%83%AF%E3%82%AB%E3%83%9E%E3%83%84" n1="%E3%81%AA%E3%82%93%E3%81%93%E3%81%86" n2="%E5%8B%98%E5%BC%81%E3%81%97%E3%81%A6%E3%82%88" n3="%79%7A%68%61%6E%67" dan="17,16,17,16" rate="2200.10,2058.88,2216.18,2182.94" sx="M,M,M,M"/><TAIKYOKU oya="0"/><INIT seed="0,0,0,3,0,31" ten="250,250,250,250" oya="0" hai0="120,8,97,63,130,12,62,54,75,22,64,42,92" hai1="80,113,41,44,129,40,55,118,6,67,114,9,105" hai2="83,56,15,58,91,85,11,99,47,135,4,18,27" hai3="13,45,125,49,34,59,57,104,110,88,20,65,116"/><T10/><D120/><U16/><E105/><V28/><F135/><W53/><G116/><T98/><D75/><U94/><E118/><V68/><F68/><W128/><G104/><T0/><D130/><U23/><E129/><V30/><F30/><W78/><G128/><T66/><D42/><U82/><E67/><V35/><F99/><W46/><G110/><T127/><D127/><U101/><E55/><V1/><REACH who="2" step="1"/><F47/><REACH who="2" ten="250,250,240,250" step="2"/><W109/><G46/><T29/><D97/><N who="1" m="59575" /><E44/><V122/><F122/><W121/><G121/><T89/><D29/><U84/><E114/><V106/><F106/><W124/><G45/><T33/><D98/><U93/><E113/><V69/><F69/><W19/><G124/><T70/><D70/><U76/><E40/><V119/><F119/><W21/><G125/><T134/><D134/><U25/><E41/><V115/><F115/><W96/><G109/><T87/><D64/><U36/><E36/><V90/><F90/><W32/><G78/><T72/><D66/><U132/><E76/><V111/><F111/><W117/><G117/><T126/><D126/><U107/><E107/><V95/><F95/><W103/><G103/><T100/><D100/><U123/><E123/><V50/><F50/><W133/><G133/><T86/><D92/><U24/><E132/><V17/><F17/><W81/><G96/><T74/><D89/><N who="1" m="53415" /><E82/><V43/><F43/><W52/><G65/><T14/><D54/><U131/><E80/><V79/><F79/><W5/><G53/><T37/><D37/><U61/><E131/><V108/><F108/><W39/><G39/><RYUUKYOKU ba="0,1" sc="250,-10,250,-10,240,30,250,-10" hai2="1,4,11,15,18,27,28,35,56,58,83,85,91" /><INIT seed="1,1,1,5,2,133" ten="240,240,270,240" oya="1" hai0="114,55,89,11,38,119,73,3,112,131,76,105,72" hai1="59,17,41,125,99,130,56,83,22,30,71,5,77" hai2="95,62,80,127,110,34,91,94,96,65,85,126,54" hai3="117,2,100,45,60,35,53,109,106,28,1,68,132"/><U14/><E71/><V74/><F34/><W134/><G109/><T27/><D119/><U121/><E121/><V135/><F110/><W104/><G117/><T0/><D105/><U6/><E130/><V123/><F123/><W103/><G45/><T37/><D11/><U102/><E41/><V25/><F135/><N who="3" m="51755" /><G53/><T70/><D55/><U31/><E125/><N who="2" m="47627" /><F54/><W49/><G49/><T122/><D89/><U67/><E5/><V66/><F25/><N who="3" m="18831" /><G100/><T32/><D27/><U87/><E6/><V33/><F33/><W26/><G26/><T19/><D32/><U44/><E44/><V7/><F7/><W23/><G23/><T10/><D122/><U101/><E101/><N who="2" m="60567" /><F62/><W15/><G15/><T81/><D131/><U84/><E31/><V78/><AGARI ba="1,1" hai="65,66,74,78,80,85,91,95" m="60567,47627" machi="78" ten="30,7900,0" yaku="18,1,52,3" doraHai="133" who="2" fromWho="2" sc="240,-21,240,-40,270,92,240,-21" /><INIT seed="2,0,0,3,5,4" ten="219,200,362,219" oya="2" hai0="125,9,22,51,72,108,76,79,28,105,110,111,103" hai1="126,32,27,12,39,35,31,17,21,55,113,18,6" hai2="52,57,66,118,132,106,2,75,80,70,36,15,25" hai3="96,11,109,98,78,120,81,93,92,101,53,97,20"/><V121/><F2/><W95/><G120/><T87/><D125/><U83/><E39/><V8/><F118/><W128/><G109/><T68/><D68/><U24/><E113/><V134/><F121/><W60/><G128/><T19/><D72/><U77/><E126/><V84/><F106/><W122/><G122/><T107/><D28/><N who="1" m="19463" /><E55/><V40/><F75/><W85/><G20/><T99/><D105/><U102/><E102/><V114/><F114/><W49/><G60/><T37/><D37/><U71/><E83/><V127/><F127/><W26/><G26/><T116/><D116/><U130/><E77/><V54/><F25/><W46/><REACH who="3" step="1"/><G11/><REACH who="3" ten="219,200,362,209" step="2"/><T100/><D9/><N who="1" m="4151" /><E130/><V135/><F135/><W61/><G61/><T91/><D110/><U62/><E62/><V74/><F134/><W104/><AGARI ba="0,1" hai="46,49,53,78,81,85,92,93,95,96,97,98,101,104" machi="104" ten="30,2000,0" yaku="1,1,0,1,53,0" doraHai="4" doraHaiUra="67" who="3" fromWho="3" sc="219,-5,200,-5,362,-10,209,30" /><INIT seed="3,0,0,5,3,132" ten="214,195,352,239" oya="3" hai0="37,82,4,88,116,17,113,131,124,58,32,3,125" hai1="33,13,25,79,90,117,31,57,47,100,43,106,126" hai2="39,101,65,128,21,76,135,89,111,1,24,71,23" hai3="70,8,27,130,83,22,50,84,36,35,0,20,2"/><W93/><G36/><T104/><D116/><U109/><E109/><V66/><F39/><W87/><G70/><T56/><D104/><U15/><E117/><V42/><F1/><W108/><G130/><T72/><D37/><U129/><E129/><V59/><F111/><W127/><G108/><T29/><D131/><U105/><E79/><V121/><F135/><W107/><G107/><T112/><D17/><U28/><E28/><V123/><F71/><W92/><G35/><T12/><D3/><U10/><E100/><V95/><F42/><W38/><G38/><T122/><D122/><N who="2" m="46602" /><F23/><W97/><G50/><T81/><D29/><U110/><E110/><V60/><F76/><W19/><G0/><T74/><D32/><U30/><E30/><N who="2" m="17679" /><F101/><W114/><G22/><T45/><D12/><U73/><E13/><V51/><F51/><W52/><G20/><T77/><D77/><U61/><E43/><V102/><F102/><W64/><G27/><T91/><REACH who="0" step="1"/><D45/><REACH who="0" ten="204,195,352,239" step="2"/><U103/><E47/><V46/><F46/><W49/><G2/><T85/><D85/><U16/><E105/><V115/><F128/><W94/><G84/><T68/><D68/><U133/><E106/><V67/><F115/><W119/><G87/><AGARI ba="0,1" hai="59,60,65,66,67,87,89,95" m="17679,46602" machi="87" ten="30,1000,0" yaku="13,1" doraHai="132" who="2" fromWho="3" sc="204,0,195,0,352,20,239,-10" /><INIT seed="4,0,0,2,2,117" ten="204,195,372,229" oya="0" hai0="59,53,54,118,107,100,80,83,72,30,2,115,91" hai1="26,104,69,125,51,105,44,52,124,108,70,120,21" hai2="46,4,13,55,92,6,102,89,19,84,56,36,95" hai3="32,98,57,35,3,49,79,110,85,41,45,10,131"/><T16/><D118/><U119/><E119/><V15/><F36/><W28/><G110/><T8/><D115/><U99/><E108/><V5/><F46/><W40/><G131/><T66/><D30/><U73/><E73/><V31/><F31/><W121/><G121/><T24/><D2/><U135/><E135/><V129/><F129/><W82/><G41/><T43/><D43/><U67/><E120/><V1/><F1/><W81/><G28/><T20/><D8/><U101/><E105/><V37/><F37/><W97/><G57/><T58/><D66/><U112/><E112/><V22/><F15/><W134/><G134/><T39/><D39/><U128/><E67/><V74/><F74/><W109/><G109/><T38/><D38/><U33/><E33/><V11/><F11/><W42/><G42/><T62/><D72/><U23/><E23/><V47/><F47/><W48/><G48/><T87/><D100/><U17/><REACH who="1" step="1"/><E128/><REACH who="1" ten="204,185,372,229" step="2"/><V9/><F22/><W7/><G32/><T68/><D107/><U78/><E78/><V34/><F34/><W14/><G35/><T0/><D0/><U90/><E90/><V114/><F114/><W93/><G3/><T71/><REACH who="0" step="1"/><D83/><REACH who="0" ten="194,185,372,229" step="2"/><U75/><E75/><V65/><F65/><W77/><G93/><T132/><D132/><U126/><AGARI ba="0,2" hai="17,21,26,44,51,52,69,70,99,101,104,124,125,126" machi="126" ten="30,7900,0" yaku="1,1,0,1,18,1,54,1,53,0" doraHai="117" doraHaiUra="86" who="1" fromWho="1" sc="194,-39,185,99,372,-20,229,-20" /><INIT seed="5,0,0,3,1,117" ten="155,284,352,209" oya="1" hai0="58,6,22,63,34,90,74,51,16,121,27,18,92" hai1="47,119,35,36,134,43,46,73,93,1,102,69,131" hai2="62,48,104,29,79,111,85,105,65,97,7,3,76" hai3="50,70,120,78,66,61,71,33,12,109,132,80,106"/><U94/><E119/><V49/><F111/><W125/><G109/><T88/><D74/><U99/><E35/><V26/><F3/><W77/><G33/><T2/><D34/><U118/><E118/><V72/><F7/><W112/><G106/><T81/><D121/><U108/><E69/><V130/><F72/><W101/><G120/><T40/><D2/><U123/><E1/><V122/><F122/><W98/><G71/><T11/><D6/><U89/><E108/><V110/><F110/><W37/><G37/><T17/><D81/><U41/><E73/><V45/><F130/><W57/><G78/><T55/><D11/><U5/><E134/><V28/><F85/><W129/><G129/><T113/><D113/><U4/><E131/><V128/><F128/><W54/><G112/><T127/><D127/><U83/><E83/><V9/><F9/><W82/><G132/><T60/><D90/><U124/><E124/><V25/><F45/><W30/><G30/><T8/><D40/><U31/><E31/><V84/><F84/><W87/><G80/><T0/><D0/><U67/><E67/><V86/><F86/><W107/><G125/><T44/><D8/><U135/><E135/><V59/><F97/><W32/><G32/><T13/><D13/><U91/><E123/><V96/><F96/><W115/><G12/><T114/><D114/><U39/><E102/><V133/><F133/><W64/><G115/><T116/><D116/><U42/><E42/><V103/><F103/><W100/><G100/><T14/><D14/><U56/><E56/><V38/><F59/><RYUUKYOKU ba="0,0" sc="155,-15,284,15,352,-15,209,15" hai1="4,5,36,39,41,43,46,47,89,91,93,94,99" hai3="50,54,57,61,64,66,70,77,82,87,98,101,107" /><INIT seed="5,1,0,2,5,116" ten="140,299,337,224" oya="1" hai0="19,98,82,113,79,75,112,66,106,100,127,84,9" hai1="124,18,14,2,23,32,91,63,67,74,128,56,29" hai2="30,92,22,60,28,41,62,126,103,118,15,25,64" hai3="10,85,12,47,8,45,37,46,110,26,35,114,125"/><U36/><E74/><V17/><F118/><W6/><G110/><T132/><D66/><U105/><E36/><V131/><F126/><W59/><G125/><T13/><D127/><U33/><E124/><V40/><F131/><W77/><G114/><T104/><D132/><U16/><E105/><V119/><F119/><W109/><G109/><T4/><D104/><U42/><E42/><V44/><F30/><W48/><G37/><T53/><D53/><U81/><E2/><V120/><F120/><W83/><G35/><T80/><REACH who="0" step="1"/><D4/><REACH who="0" ten="130,299,337,224" step="2"/><U134/><E134/><V55/><F55/><N who="3" m="32231" /><G8/><T111/><D111/><U5/><E5/><V133/><F133/><W24/><AGARI ba="1,1" hai="6,10,12,24,26,45,46,47,77,83,85" m="32231" machi="24" ten="30,1100,0" yaku="8,1" doraHai="116" who="3" fromWho="3" sc="130,-4,299,-6,337,-4,224,24" /><INIT seed="6,0,0,2,0,60" ten="126,293,333,248" oya="2" hai0="11,20,130,35,69,63,67,25,96,105,84,53,64" hai1="82,76,7,134,95,1,34,29,33,112,89,101,97" hai2="32,122,17,66,13,131,70,30,125,124,57,46,92" hai3="115,3,19,86,123,23,94,119,41,129,54,117,42"/><V85/><F122/><W6/><G123/><T83/><D130/><U74/><E112/><V51/><F70/><W135/><G129/><T43/><D43/><U81/><E134/><V73/><F73/><W93/><G135/><T102/><D11/><U118/><E118/><V91/><F131/><W121/><G121/><T75/><D75/><U36/><E29/><V22/><F30/><W9/><G115/><T108/><D108/><U71/><E71/><V0/><F0/><W26/><G42/><T65/><D53/><U59/><E36/><V10/><F32/><W88/><G41/><T107/><D107/><U100/><E7/><V127/><F57/><W111/><G111/><T128/><D128/><U14/><E1/><V4/><F66/><W31/><G54/><T62/><D62/><U79/><E14/><V87/><F87/><W16/><REACH who="3" step="1"/><G94/><REACH who="3" ten="126,293,333,238" step="2"/><T8/><D8/><U80/><E95/><N who="2" m="54767" /><F127/><W72/><G72/><T61/><D69/><U48/><E74/><V47/><F125/><W109/><G109/><T40/><D40/><U133/><E133/><V44/><F92/><W99/><G99/><T56/><D56/><U126/><E97/><V68/><F68/><W45/><G45/><T132/><D132/><U110/><E59/><V12/><F124/><W50/><G50/><AGARI ba="0,1" hai="4,10,12,13,17,22,44,46,47,50,51" m="54767" machi="50" ten="30,1500,0" yaku="8,1" doraHai="60" who="2" fromWho="3" sc="126,0,293,0,333,25,238,-15" /><INIT seed="6,1,0,5,3,29" ten="126,293,358,223" oya="2" hai0="98,14,59,100,87,123,116,115,15,104,8,95,63" hai1="44,117,76,128,108,92,54,103,24,135,61,69,31" hai2="45,2,99,133,11,19,79,37,22,38,27,64,43" hai3="28,26,67,0,88,66,85,34,42,25,57,13,73"/><V36/><F133/><W113/><G0/><T120/><D115/><U105/><E108/><V112/><F112/><W96/><G113/><T126/><D126/><U71/><E117/><V80/><F64/><W102/><G73/><T62/><D116/><U84/><E128/><V49/><F99/><W131/><G131/><T46/><D15/><U111/><E111/><V72/><F49/><W83/><G42/><T60/><D46/><U39/><E105/><V53/><F53/><W109/><G109/><T101/><D101/><U118/><E39/><V3/><F3/><W106/><G26/><T33/><D59/><N who="1" m="35063" /><E44/><V89/><F89/><W41/><G41/><T10/><D10/><U7/><E7/><AGARI ba="1,0" hai="2,7,11,19,22,27,36,37,38,43,45,72,79,80" machi="7" ten="40,3900,0" yaku="25,2" doraHai="29" who="2" fromWho="1" sc="126,0,293,-42,358,42,223,0" /><INIT seed="6,2,0,3,0,118" ten="126,251,400,223" oya="2" hai0="17,52,112,104,115,62,21,38,12,60,47,61,57" hai1="63,24,39,26,66,2,80,1,134,48,15,27,72" hai2="9,113,58,82,18,46,92,125,32,50,89,120,98" hai3="44,90,88,71,108,126,19,101,102,55,70,10,122"/><V53/><F120/><W20/><G122/><T84/><D104/><U94/><E39/><V49/><F32/><W109/><G10/><T56/><D84/><U135/><E48/><V37/><F37/><W123/><G123/><T76/><D76/><N who="1" m="44039" /><E15/><V77/><F113/><W110/><G126/><T97/><D97/><U41/><E41/><V5/><F125/><W128/><G128/><T91/><D91/><U42/><E42/><V23/><F82/><W86/><G44/><T0/><D0/><U43/><E43/><V51/><F77/><W69/><G55/><T85/><D85/><U131/><E94/><V25/><F46/><W132/><G132/><N who="1" m="50730" /><E131/><V22/><F22/><W3/><G3/><AGARI ba="2,0" hai="3,5,9,18,23,25,49,50,51,53,58,89,92,98" machi="3" ten="30,1500,0" yaku="7,1" doraHai="118" who="2" fromWho="3" sc="126,0,251,0,400,21,223,-21" /><INIT seed="6,3,0,1,5,13" ten="126,251,421,202" oya="2" hai0="117,20,3,31,37,33,1,74,86,40,123,115,50" hai1="26,104,23,44,38,48,73,96,56,41,24,114,76" hai2="59,108,42,112,46,82,35,32,7,98,27,132,116" hai3="88,28,131,71,61,130,10,83,25,17,72,93,113"/><V121/><F116/><W29/><G113/><T119/><D50/><U85/><E114/><V78/><F121/><W111/><G111/><T5/><D86/><U95/><E104/><V99/><F112/><W43/><G43/><T64/><D115/><U8/><E73/><V12/><F132/><W14/><G72/><T62/><D123/><U100/><E38/><V51/><F108/><W92/><G83/><T18/><D74/><U70/><E70/><V49/><F35/><W109/><G109/><T102/><D102/><U120/><E56/><V122/><F122/><W2/><G2/><T129/><D40/><U66/><E66/><V91/><F91/><W36/><G36/><T68/><D37/><U134/><E134/><V22/><F32/><W63/><G92/><T97/><D97/><U47/><E47/><V30/><F51/><W65/><G61/><T58/><D68/><U15/><E23/><V84/><F59/><W57/><G71/><T124/><D124/><U4/><E120/><V75/><F75/><W118/><G118/><T127/><D1/><U101/><E101/><V106/><F106/><W81/><G81/><AGARI ba="3,0" hai="4,8,15,24,26,41,44,48,76,81,85,95,96,100" machi="81" ten="40,5200,0" yaku="25,2,8,1" doraHai="13" who="1" fromWho="3" sc="126,0,251,61,421,0,202,-61" /><INIT seed="7,0,0,1,4,103" ten="126,312,421,141" oya="3" hai0="69,74,75,126,134,119,23,35,47,37,93,72,114" hai1="6,95,120,7,129,33,4,17,108,77,29,105,3" hai2="66,40,65,123,92,110,94,11,50,1,12,28,112" hai3="124,96,109,117,43,0,127,38,42,49,118,32,78"/><W15/><G0/><T97/><D119/><N who="3" m="45577" /><G32/><T89/><D35/><U39/><E105/><V18/><F110/><W52/><G78/><T100/><D69/><U133/><E39/><V14/><F1/><W2/><G2/><T26/><D134/><U76/><E108/><V57/><F112/><W111/><G96/><T135/><D135/><U56/><E133/><V91/><F28/><W58/><G15/><T125/><D114/><U34/><E120/><V73/><F73/><W68/><G68/><T55/><D89/><U107/><E107/><V104/><F104/><W46/><G42/><T121/><D121/><U53/><E3/><V70/><F70/><W79/><G79/><T19/><REACH who="0" step="1"/><D37/><REACH who="0" ten="116,312,421,141" step="2"/><U84/><E34/><V130/><F91/><W82/><G82/><T13/><D13/><U48/><E33/><V132/><F123/><W101/><G101/><T62/><D62/><U30/><E77/><V45/><F12/><W51/><G38/><T24/><D24/><U131/><E76/><V98/><F132/><W8/><G8/><T116/><D116/><U27/><E27/><V59/><F11/><W31/><G31/><T83/><D83/><U88/><REACH who="1" step="1"/><E17/><REACH who="1" ten="116,302,421,141" step="2"/><V22/><F18/><W67/><G67/><T44/><D44/><U21/><E21/><V5/><F22/><W64/><G64/><T87/><D87/><U16/><E16/><V54/><F66/><W81/><G81/><T25/><D25/><U85/><E85/><V41/><F65/><W80/><G80/><T71/><D71/><U102/><E102/><V61/><F14/><W99/><G99/><RYUUKYOKU ba="0,2" sc="116,10,302,10,421,-30,141,10" hai0="19,23,26,47,55,72,74,75,93,97,100,125,126" hai1="4,6,7,29,30,48,53,56,84,88,95,129,131" hai3="43,46,49,51,52,58,109,111,124,127" /><INIT seed="7,1,2,3,3,67" ten="126,312,391,151" oya="3" hai0="16,58,134,28,9,38,105,51,14,77,62,55,27" hai1="45,124,113,131,66,109,76,120,122,43,3,130,111" hai2="79,49,135,15,90,106,121,63,31,114,13,12,44" hai3="126,74,2,46,26,87,71,4,115,94,10,89,24"/><W84/><G74/><T73/><D38/><N who="1" m="21751" /><E3/><V6/><F106/><W128/><G115/><T5/><D105/><U118/><E76/><V102/><F114/><W112/><G112/><T41/><D134/><U30/><E30/><V29/><F135/><W21/><G128/><N who="1" m="49194" /><E113/><V83/><F102/><W100/><G126/><T110/><D110/><N who="1" m="41995" /><E124/><V20/><F121/><W78/><G100/><T60/><D41/><U85/><E85/><N who="2" m="48383" /><F6/><W116/><G78/><T96/><D96/><U1/><E1/><V61/><F90/><W69/><G89/><T40/><D40/><U72/><E72/><V34/><F34/><W25/><G84/><T117/><D117/><U98/><E98/><V22/><F22/><W125/><G116/><T7/><D77/><U65/><E118/><V50/><F20/><W36/><G21/><N who="0" m="15471" /><D73/><U119/><E119/><V47/><F31/><W108/><G108/><T91/><D91/><U107/><E107/><V17/><F29/><W129/><G129/><T127/><D127/><U57/><E66/><V18/><F17/><W59/><G125/><T95/><D95/><U103/><E103/><V82/><F18/><W97/><G87/><T80/><D80/><U23/><E23/><V56/><F82/><W39/><G97/><T53/><D60/><AGARI ba="1,2" hai="57,60,65,120,122" m="41995,49194,21751" machi="60" ten="30,3900,0" yaku="19,1,34,2" doraHai="67" who="1" fromWho="0" sc="126,-42,312,62,391,0,151,0" owari="84,-41.6,374,17.4,391,49.1,151,-24.9" /></mjloggm>