<mjloggm ver="2.3"><GO type="169" lobby="0"/><UN n0="%4C%61%72%72%6B" n1="%E8%91%B5%E3%81%A1%E3%82%83%E3%82%93" n2="%4D%72%52%41%4D%4F" n3="%E6%B3%A2%E4%B9%83%E7%90%86" dan="16,18,16,16" rate="2147.31,2213.13,2128.14,2129.17" sx="M,F,M,M"/><TAIKYOKU oya="0"/><INIT seed="0,0,0,4,5,53" ten="250,250,250,250" oya="0" hai0="43,125,73,13,95,77,44,69,123,97,39,45,65" hai1="118,79,28,71,103,25,127,96,120,63,58,115,27" hai2="54,81,40,94,101,91,133,121,38,36,7,31,87" hai3="130,6,88,68,75,10,70,134,57,107,15,22,90"/><T4/><D123/><U5/><E120/><V0/><F121/><W41/><G130/><T82/><D125/><U35/><E127/><V12/><F0/><W124/><G124/><T47/><D69/><U113/><E118/><V62/><F133/><W78/><G107/><T55/><D65/><U100/><E5/><V1/><F1/><W72/><G41/><T32/><D32/><U116/><E116/><V64/><F31/><W111/><G134/><T131/><D131/><U102/><E79/><V61/><F7/><W83/><G75/><T17/><D4/><U132/><E132/><V114/><F12/><W19/><G70/><T89/><REACH who="0" step="1"/><D55/><REACH who="0" ten="240,250,250,250" step="2"/><U117/><E71/><V84/><F54/><W128/><G128/><T74/><D74/><U129/><E117/><V9/><F64/><W105/><G68/><T51/><D51/><U24/><E129/><V14/><F38/><W42/><G42/><T46/><D46/><U26/><REACH who="1" step="1"/><E96/><REACH who="1" ten="240,240,250,250" step="2"/><V29/><F36/><W92/><G6/><T98/><D98/><U37/><E37/><V52/><F40/><W16/><G72/><T76/><D76/><U21/><E21/><AGARI ba="0,2" hai="13,17,21,39,43,44,45,47,73,77,82,89,95,97" machi="21" ten="30,2900,0" yaku="1,1,7,1,53,0" doraHai="53" doraHaiUra="33" who="0" fromWho="1" sc="240,49,240,-29,250,0,250,0" /><INIT seed="0,1,0,5,0,11" ten="289,211,250,250" oya="0" hai0="5,126,106,112,61,21,116,41,24,130,111,35,132" hai1="120,125,38,117,100,55,4,86,10,64,44,51,68" hai2="37,43,1,95,96,54,42,49,40,57,108,67,88" hai3="110,129,31,119,104,133,85,39,121,109,34,18,25"/><T19/><D106/><U32/><E117/><V93/><F1/><W92/><G104/><T6/><D41/><U33/><E120/><V59/><F108/><W107/><G107/><T90/><D116/><U48/><E38/><V114/><F114/><W65/><G119/><T17/><D112/><U72/><E72/><V62/><F37/><W123/><G39/><T128/><D61/><U47/><E125/><V77/><F77/><W66/><G92/><AGARI ba="1,0" hai="40,42,43,49,54,57,59,62,67,88,92,93,95,96" machi="92" ten="40,2600,0" yaku="8,1,54,1" doraHai="11" who="2" fromWho="3" sc="289,0,211,0,250,29,250,-29" /><INIT seed="1,0,0,3,3,8" ten="289,211,279,221" oya="1" hai0="92,48,113,69,108,27,13,1,73,80,70,93,98" hai1="117,94,101,62,131,111,77,129,16,20,132,3,115" hai2="55,120,56,47,17,102,10,82,75,134,19,9,107" hai3="23,54,31,15,49,122,83,24,133,59,97,90,12"/><U39/><E115/><V34/><F120/><W84/><G122/><T130/><D1/><U32/><E117/><V65/><F34/><W63/><G133/><T35/><D113/><U18/><E32/><V2/><F134/><W6/><G6/><T125/><D125/><U45/><E132/><V26/><F107/><W86/><G86/><T58/><D130/><N who="1" m="49675" /><E3/><V96/><F65/><W22/><G22/><T57/><D108/><U95/><E111/><V123/><F123/><W67/><REACH who="3" step="1"/><G97/><REACH who="3" ten="289,211,279,211" step="2"/><T78/><D98/><N who="1" m="59607" /><E77/><V42/><F96/><W53/><G53/><T71/><D78/><U52/><E20/><V0/><F55/><W76/><G76/><T121/><D121/><U68/><E95/><V85/><F85/><W88/><G88/><T14/><D35/><U103/><E103/><V110/><F110/><W29/><G29/><T5/><D92/><U118/><E118/><V100/><F100/><W50/><G50/><T72/><D48/><N who="1" m="28687" /><E39/><V4/><F102/><W51/><G51/><T126/><D93/><U11/><E11/><V37/><F10/><W91/><G91/><T21/><D21/><U43/><E43/><V44/><F9/><W106/><G106/><T30/><D30/><U60/><E60/><V128/><F128/><W66/><G66/><AGARI ba="0,1" hai="16,18,62,66,68" m="28687,59607,49675" machi="66" ten="30,5800,0" yaku="19,1,54,2" doraHai="8" who="1" fromWho="3" sc="289,0,211,68,279,0,211,-58" /><INIT seed="1,1,0,1,0,20" ten="289,279,279,153" oya="1" hai0="18,96,105,94,4,108,121,1,90,76,79,45,29" hai1="21,109,36,123,16,24,130,61,129,131,26,92,63" hai2="57,132,135,27,93,12,98,52,15,83,33,50,118" hai3="22,60,88,25,72,87,82,31,70,110,38,59,71"/><U117/><E117/><V66/><F118/><W115/><G115/><T17/><D121/><U73/><E123/><V125/><F125/><W120/><G120/><T30/><D105/><U5/><E73/><V14/><F66/><W13/><G38/><T19/><D108/><U104/><E104/><V11/><F83/><W127/><G110/><T84/><D1/><U122/><E122/><V103/><REACH who="2" step="1"/><F11/><REACH who="2" ten="289,279,269,153" step="2"/><W6/><G127/><T46/><D4/><U35/><E109/><V58/><F58/><W106/><G72/><T78/><REACH who="0" step="1"/><D96/><REACH who="0" ten="279,279,269,153" step="2"/><U80/><E5/><V53/><F53/><N who="3" m="33903" /><G106/><T56/><D56/><U55/><E55/><V89/><F89/><W2/><G71/><T47/><AGARI ba="1,2" hai="17,18,19,29,30,45,46,47,76,78,79,84,90,94" machi="47" ten="40,8000,1" yaku="1,1,0,1,29,2,8,1,53,0" doraHai="20" doraHaiUra="64" who="0" fromWho="0" sc="279,103,279,-41,269,-21,153,-21" /><INIT seed="2,0,0,5,3,71" ten="382,238,248,132" oya="2" hai0="78,103,28,9,87,24,51,43,49,6,80,93,1" hai1="61,110,97,109,48,11,17,22,31,89,34,100,66" hai2="85,81,77,65,35,60,38,74,53,20,96,64,14" hai3="135,132,21,30,5,16,55,99,92,67,124,82,76"/><V57/><F35/><W114/><G67/><T68/><D68/><U127/><E127/><V18/><F38/><W52/><G124/><T56/><D56/><U47/><E11/><V113/><F113/><W62/><G5/><T106/><D106/><U4/><E4/><V59/><F74/><W72/><G30/><T45/><D103/><U44/><E89/><V120/><F120/><W39/><G39/><T41/><D93/><N who="1" m="58415" /><E48/><V122/><F122/><W84/><G72/><T2/><D2/><U23/><E31/><V123/><F123/><W105/><G105/><T73/><D87/><U128/><E34/><V116/><F116/><W63/><G114/><T42/><D51/><U10/><E10/><V125/><F125/><W69/><G69/><T83/><D83/><U118/><E128/><V15/><F96/><W0/><G0/><T121/><D121/><U79/><E79/><V129/><F129/><W95/><G95/><T133/><D133/><N who="3" m="51273" /><G63/><T33/><AGARI ba="0,0" hai="1,6,9,24,28,33,41,42,43,45,49,73,78,80" machi="33" ten="20,1500,0" yaku="0,1,7,1" doraHai="71" who="0" fromWho="0" sc="382,15,238,-4,248,-7,132,-4" /><INIT seed="3,0,0,1,2,82" ten="397,234,241,128" oya="3" hai0="67,77,62,121,88,100,5,55,47,120,13,117,46" hai1="2,94,10,54,35,64,29,105,28,101,113,26,69" hai2="75,68,21,11,27,18,107,16,135,65,109,6,128" hai3="14,20,66,50,110,36,115,83,23,108,104,99,0"/><W114/><G36/><T119/><D100/><U3/><E94/><V7/><F107/><W84/><G66/><T74/><D74/><U92/><E92/><V38/><F38/><W31/><G0/><T96/><D77/><U8/><E54/><V81/><F109/><N who="3" m="42091" /><G31/><T34/><D34/><U12/><E29/><V57/><F128/><W70/><G70/><T87/><D96/><N who="1" m="61607" /><E113/><N who="3" m="43018" /><G50/><T132/><D132/><U106/><E106/><V15/><F135/><W85/><G83/><T32/><D32/><U17/><E10/><V73/><F68/><W127/><G127/><T44/><D67/><U124/><E124/><V134/><F134/><W78/><G78/><T42/><D62/><AGARI ba="0,0" hai="2,3,8,12,17,26,28,35,62,64,69" m="61607" machi="62" ten="30,1000,0" yaku="25,1" doraHai="82" who="1" fromWho="0" sc="397,-10,234,10,241,0,128,0" /><INIT seed="4,0,0,3,5,66" ten="387,244,241,128" oya="0" hai0="26,107,14,54,47,105,8,117,36,125,134,59,24" hai1="108,119,48,94,78,45,102,79,91,64,46,99,55" hai2="83,21,11,122,44,111,1,50,96,39,89,88,72" hai3="123,131,57,30,95,92,98,25,69,0,15,90,106"/><T97/><D117/><U22/><E119/><V9/><F122/><W49/><G0/><T60/><D134/><U33/><E33/><V5/><F111/><W63/><G123/><T58/><D125/><U40/><E108/><V101/><F39/><W65/><G131/><T3/><D3/><U31/><E64/><V32/><F32/><W128/><G128/><T19/><D107/><U110/><E110/><V82/><F11/><W70/><G106/><T115/><D115/><U12/><E102/><V86/><F21/><W18/><G49/><T20/><D26/><U109/><E109/><V121/><F121/><W114/><G114/><T23/><D23/><U80/><E80/><V85/><F72/><W52/><G65/><T84/><D84/><U118/><E118/><V133/><F133/><W100/><G30/><T103/><D36/><U130/><E130/><V81/><F96/><W75/><G75/><T37/><D37/><U87/><E99/><V53/><REACH who="2" step="1"/><F101/><REACH who="2" ten="387,244,231,128" step="2"/><W56/><G25/><T13/><D97/><U2/><E22/><V61/><F61/><W124/><G124/><T127/><D103/><U93/><E48/><V29/><F29/><W112/><G112/><T16/><D20/><U28/><E31/><V67/><F67/><N who="3" m="39399" /><G100/><T27/><D8/><U132/><E28/><V51/><F51/><N who="3" m="30879" /><G95/><AGARI ba="0,1" hai="1,5,9,44,50,53,81,82,83,85,86,88,89,95" machi="95" ten="30,3900,0" yaku="1,1,7,1,54,1,53,0" doraHai="66" doraHaiUra="129" who="2" fromWho="3" sc="387,0,244,0,231,49,128,-39" /><INIT seed="5,0,0,0,1,8" ten="387,244,280,89" oya="1" hai0="60,42,30,15,45,16,48,18,101,4,89,25,88" hai1="6,39,64,5,13,133,69,107,80,68,67,130,131" hai2="9,95,58,114,121,17,32,26,0,11,23,127,97" hai3="35,61,132,53,86,71,135,36,128,99,106,29,24"/><U44/><E107/><V33/><F121/><W92/><G36/><T100/><D60/><U87/><E133/><V79/><F127/><W85/><G128/><N who="1" m="49194" /><E39/><V1/><F79/><W103/><G53/><T63/><D63/><U46/><E87/><V51/><F51/><W81/><G92/><T59/><D59/><U49/><E80/><V120/><F58/><W62/><G62/><T78/><D78/><U65/><E49/><V129/><F129/><W3/><G3/><N who="2" m="1097" /><F95/><W77/><REACH who="3" step="1"/><G86/><REACH who="3" ten="387,244,280,79" step="2"/><T126/><D126/><U105/><E105/><V27/><F120/><W82/><G82/><T2/><D2/><U19/><E69/><V116/><F97/><W40/><G40/><T37/><D37/><U117/><E68/><V123/><F123/><W84/><G84/><T93/><D93/><U122/><E122/><V66/><F66/><AGARI ba="0,1" hai="24,29,35,61,66,71,77,81,85,99,103,106,132,135" machi="66" ten="40,5200,0" yaku="1,1,25,2,53,0" doraHai="8" doraHaiUra="38" who="3" fromWho="2" sc="387,0,244,0,280,-52,79,62" /><INIT seed="6,0,0,2,0,90" ten="387,244,228,141" oya="2" hai0="17,25,19,94,102,39,120,66,2,101,13,11,61" hai1="127,118,52,26,7,60,98,70,133,6,3,78,40" hai2="68,5,72,135,41,91,117,23,75,122,38,93,80" hai3="130,0,15,44,24,100,108,34,29,37,129,76,62"/><V86/><F117/><W109/><G62/><T74/><D39/><U10/><E118/><V31/><F122/><W42/><G100/><T115/><D74/><U56/><E127/><V54/><F68/><W35/><G15/><T33/><D120/><U27/><E133/><V83/><F135/><W55/><G55/><T12/><D115/><U87/><E70/><V96/><F5/><W89/><G89/><T46/><D46/><U119/><E119/><V18/><F31/><W28/><G76/><T4/><D94/><U43/><E7/><V47/><F54/><W45/><G45/><T57/><D13/><U50/><E98/><V97/><F97/><W16/><G0/><T1/><D1/><U123/><E123/><V58/><F58/><W92/><G92/><T116/><D116/><U30/><E27/><V107/><F107/><W71/><G16/><T126/><D126/><U125/><E125/><V36/><F36/><W121/><G121/><T132/><D19/><U111/><E111/><V22/><F22/><W131/><REACH who="3" step="1"/><G71/><REACH who="3" ten="387,244,228,131" step="2"/><T134/><D134/><U106/><E78/><V53/><F53/><W48/><G48/><T9/><D132/><U112/><E50/><V20/><F83/><W67/><G67/><T32/><D102/><U59/><E52/><V84/><F84/><W99/><G99/><T85/><D101/><U128/><E87/><V64/><F64/><W81/><G81/><T14/><D85/><U69/><E69/><V65/><F65/><W124/><G124/><T82/><D66/><U113/><E3/><V110/><F18/><W63/><G63/><RYUUKYOKU ba="0,1" sc="387,-10,244,-10,228,-10,131,30" hai3="24,28,29,34,35,37,42,44,108,109,129,130,131" /><INIT seed="7,1,1,2,1,58" ten="377,234,218,161" oya="3" hai0="2,9,17,13,107,61,114,62,127,46,59,50,68" hai1="10,74,73,101,77,96,84,21,69,63,118,122,40" hai2="99,67,27,97,12,65,19,29,45,86,56,110,85" hai3="78,14,37,119,43,128,15,117,109,70,89,20,108"/><W35/><G78/><T25/><D107/><U44/><E122/><V100/><F110/><N who="3" m="42603" /><G70/><T79/><D127/><U24/><E118/><N who="3" m="45066" /><G37/><T5/><D114/><U76/><E10/><V120/><F120/><W34/><G43/><T36/><D36/><U106/><E63/><V104/><F45/><W11/><G89/><T33/><D79/><U66/><E66/><V130/><F67/><W51/><G51/><T42/><D68/><U133/><E69/><V81/><F65/><W80/><G80/><T38/><D38/><U22/><E77/><V90/><F56/><W131/><G20/><N who="0" m="11311" /><D59/><U16/><E21/><V98/><F86/><W116/><N who="3" m="45074" /><W123/><DORA hai="115" /><G123/><T129/><D61/><U6/><E76/><V112/><F112/><W95/><G95/><T55/><D62/><U132/><E84/><V102/><F104/><W4/><G15/><T49/><D49/><U126/><E40/><V47/><F47/><W93/><G93/><T31/><D42/><U54/><E44/><V125/><F90/><W111/><N who="3" m="42611" /><W26/><DORA hai="134" /><G26/><T60/><D60/><U72/><E54/><V28/><F27/><W1/><G14/><T124/><D55/><U121/><E121/><V88/><F88/><W91/><G91/><T39/><D50/><U23/><E23/><N who="2" m="11751" /><F81/><W0/><G0/><T135/><D46/><U87/><E87/><V105/><F85/><W18/><G18/><T48/><D48/><U82/><E82/><V94/><F105/><W52/><G52/><T8/><D39/><U57/><E73/><V103/><F94/><W3/><G3/><RYUUKYOKU ba="1,1" sc="377,-10,234,-10,218,-10,161,30" hai3="1,4,11,34,35,128,131" /><INIT seed="7,2,1,1,5,26" ten="367,224,208,191" oya="3" hai0="9,42,132,112,123,122,1,104,58,44,120,60,116" hai1="36,48,23,79,38,133,37,14,62,102,82,67,13" hai2="84,31,80,98,105,43,16,128,109,21,77,96,50" hai3="103,134,34,88,19,70,89,64,66,54,57,3,118"/><W22/><G3/><T46/><D104/><U51/><E102/><V75/><F109/><W69/><G34/><T130/><D1/><U111/><E111/><V52/><F128/><W20/><G103/><T2/><D2/><U131/><E131/><V125/><F125/><W119/><G57/><T55/><D9/><U121/><E121/><V7/><F105/><W33/><G33/><T53/><D130/><U45/><E133/><V56/><F75/><W28/><G19/><T72/><D72/><U129/><E129/><V27/><F7/><W6/><G6/><T106/><D106/><U85/><E23/><N who="2" m="15871" /><F43/><W115/><G134/><T49/><D132/><U108/><E108/><V107/><F107/><W32/><G32/><T90/><D90/><U41/><REACH who="1" step="1"/><E51/><REACH who="1" ten="367,214,208,191" step="2"/><V126/><F126/><W59/><G28/><T47/><D123/><U35/><E35/><V4/><F4/><W86/><G59/><AGARI ba="2,2" hai="13,14,36,37,38,41,45,48,59,62,67,79,82,85" machi="59" ten="40,1300,0" yaku="1,1,53,0" doraHai="26" doraHaiUra="97" who="1" fromWho="3" sc="367,0,214,39,208,0,191,-19" owari="367,46.7,253,5.3,208,-19.2,172,-32.8" /></mjloggm>