<mjloggm ver="2.3"><GO type="169" lobby="0"/><UN n0="%E3%81%B5%E3%81%8B" n1="%E3%81%A6%E3%82%93%E3%81%BD%E3%81%84%E3%82%93%E3%81%A8" n2="%73%61%6E%64%69%72%69%73" n3="%E3%81%88%E3%81%84%E3%81%8D%E3%81%A1%40%35%6D%66" dan="17,18,17,17" rate="2226.59,2184.35,2221.48,2208.49" sx="M,M,M,M"/><TAIKYOKU oya="0"/><INIT seed="0,0,0,0,2,120" ten="250,250,250,250" oya="0" hai0="98,38,16,36,132,74,28,0,113,134,91,135,44" hai1="96,84,131,104,62,76,35,85,64,15,129,100,21" hai2="10,86,27,1,121,13,20,37,67,103,56,80,93" hai3="43,8,127,115,88,51,71,25,14,111,69,29,24"/><T33/><D113/><U110/><E35/><V53/><F121/><W117/><G115/><T109/><D0/><U45/><E45/><V81/><F37/><W41/><G117/><T124/><D74/><U130/><E110/><V78/><F1/><W126/><G51/><T108/><D124/><N who="3" m="47657" /><G111/><N who="0" m="42571" /><D44/><U58/><E76/><V92/><F67/><W60/><G88/><T87/><D98/><U4/><REACH who="1" step="1"/><E21/><REACH who="1" ten="250,240,250,250" step="2"/><V54/><F20/><W125/><G125/><T23/><D33/><U26/><E26/><V22/><F22/><W40/><G25/><N who="0" m="14567" /><D28/><U107/><E107/><V2/><F27/><W17/><G24/><T79/><D79/><U42/><E42/><V112/><F78/><W52/><G29/><T77/><D77/><U34/><E34/><V68/><F112/><W97/><G97/><T73/><D73/><U55/><E55/><V46/><F54/><W82/><G52/><T128/><D128/><U59/><E59/><V19/><F56/><W39/><G43/><T114/><D114/><U30/><E30/><V94/><F53/><W122/><G41/><T72/><D72/><U5/><E5/><V47/><F47/><W106/><G40/><T70/><D70/><U95/><E95/><AGARI ba="0,1" hai="36,38,87,91,95,132,134,135" m="14567,42571" machi="95" ten="40,18000,2" yaku="20,1,14,1,10,1,52,3,54,1" doraHai="120" who="0" fromWho="1" sc="250,190,240,-180,250,0,250,0" /><INIT seed="0,1,0,5,5,53" ten="440,60,250,250" oya="0" hai0="117,116,34,99,105,134,1,111,30,97,126,103,35" hai1="42,95,72,135,124,2,4,36,60,6,45,93,50" hai2="131,114,65,118,108,38,31,110,90,119,11,55,88" hai3="78,15,63,66,67,85,130,3,73,8,51,104,82"/><T12/><D1/><U102/><E124/><V106/><F106/><W132/><G104/><T14/><D126/><U61/><E135/><V40/><F114/><W133/><G130/><T64/><D134/><N who="3" m="51817" /><G3/><T43/><D43/><U28/><E28/><V74/><F74/><W68/><G67/><T52/><D111/><N who="2" m="42538" /><F131/><W7/><G51/><T37/><D37/><U113/><E113/><V19/><F65/><W33/><G33/><T76/><D76/><U109/><E109/><V96/><F31/><W94/><G94/><T122/><D122/><U121/><E121/><V57/><F19/><W18/><G18/><T46/><D64/><U44/><E72/><AGARI ba="1,0" hai="7,8,15,63,66,68,72,73,78,82,85" m="51817" machi="72" ten="30,1000,0" yaku="20,1" doraHai="53" who="3" fromWho="1" sc="440,0,60,-13,250,0,250,13" /><INIT seed="1,0,0,3,4,55" ten="440,47,250,263" oya="1" hai0="100,26,67,96,91,27,133,16,110,77,40,131,25" hai1="53,13,88,121,118,56,22,119,115,5,71,17,112" hai2="9,49,78,50,6,103,44,106,84,48,58,37,93" hai3="105,35,1,64,90,57,52,114,54,124,15,70,47"/><U99/><E71/><V128/><F128/><W116/><G114/><T135/><D131/><U87/><E121/><V8/><F106/><W41/><G1/><T30/><D110/><U130/><E130/><V46/><F37/><W108/><G35/><T38/><D77/><U65/><E65/><V109/><F109/><W29/><G108/><T36/><D91/><U19/><E5/><V34/><F34/><W4/><G105/><T75/><D75/><U80/><E99/><N who="2" m="59887" /><F78/><W69/><G29/><T14/><D67/><U132/><E132/><N who="0" m="50761" /><D30/><U32/><E32/><V73/><F73/><W126/><G90/><T85/><D85/><U18/><E115/><V0/><F0/><W2/><G2/><T125/><D125/><N who="3" m="48233" /><G116/><T89/><D89/><U45/><E112/><V123/><F123/><W127/><G127/><T83/><D83/><U68/><E68/><N who="3" m="26218" /><G15/><T76/><D76/><U117/><REACH who="1" step="1"/><E45/><REACH who="1" ten="440,37,250,263" step="2"/><V111/><F6/><W74/><G4/><T107/><D96/><U21/><E21/><V59/><F111/><W31/><G64/><T95/><D107/><U33/><E33/><V94/><F46/><W81/><G47/><T7/><D7/><U79/><E79/><V102/><F44/><W63/><G74/><T72/><D72/><U129/><E129/><V42/><F42/><W104/><G41/><T43/><D43/><U97/><E97/><N who="2" m="59703" /><F84/><W62/><G104/><T101/><D40/><U39/><E39/><V23/><F23/><W28/><G54/><T3/><D38/><U11/><E11/><AGARI ba="0,1" hai="8,9,11,48,49,50,58,59" m="59703,59887" machi="11" ten="30,3900,0" yaku="8,1,52,2" doraHai="55" who="2" fromWho="1" sc="440,0,37,-39,250,49,263,0" owari="440,54.0,-2,-50.2,299,9.9,263,-13.7" /></mjloggm>