<mjloggm ver="2.3"><GO type="169" lobby="0"/><UN n0="%57%44%44%69%65" n1="%E3%83%A8%E3%82%B7%E3%83%86%E3%83%AB%37%30%38" n2="%E3%81%97%E3%82%82%E3%82%93%E3%81%AC" n3="%E3%81%95%E3%81%8F%E3%82%88%E3%81%93%E3%81%A1%E3%82%83%E3%82%93" dan="16,16,16,16" rate="2097.29,2077.42,2164.53,2060.14" sx="M,M,M,M"/><TAIKYOKU oya="0"/><INIT seed="0,0,0,2,5,13" ten="250,250,250,250" oya="0" hai0="87,33,108,69,42,93,119,111,106,131,105,64,40" hai1="123,110,133,104,112,120,127,86,135,43,44,70,82" hai2="2,15,124,76,45,63,6,84,99,41,56,29,114" hai3="72,126,113,132,22,102,117,60,21,18,74,65,48"/><T1/><D119/><U78/><E70/><V80/><F114/><W122/><G117/><T98/><D1/><U59/><E112/><V51/><F124/><W130/><G122/><T83/><D33/><U94/><E104/><N who="0" m="40041" /><D131/><U39/><E127/><V103/><F2/><W62/><G113/><T125/><D125/><U67/><E94/><V89/><F29/><W5/><G126/><T66/><D98/><U73/><E86/><V20/><F103/><W4/><G130/><T100/><D100/><U97/><E97/><V54/><F99/><W31/><G102/><T7/><D93/><U101/><E101/><V115/><F115/><W55/><G132/><N who="1" m="50762" /><E110/><N who="0" m="42025" /><D7/><U68/><E68/><V79/><REACH who="2" step="1"/><F6/><REACH who="2" ten="250,250,240,250" step="2"/><W12/><G5/><T16/><D69/><U17/><E123/><V91/><F91/><W109/><G4/><T77/><D16/><AGARI ba="0,1" hai="15,16,20,41,45,51,54,56,63,76,79,80,84,89" machi="16" ten="40,8000,1" yaku="1,1,8,1,52,1,54,1,53,0" doraHai="13" doraHaiUra="118" who="2" fromWho="0" sc="250,-80,250,0,240,90,250,0" /><INIT seed="1,0,0,3,0,50" ten="170,250,330,250" oya="1" hai0="123,134,130,2,15,72,37,128,48,49,66,42,96" hai1="13,62,131,129,126,60,22,23,89,74,85,122,20" hai2="17,79,91,69,83,12,119,53,8,124,43,64,125" hai3="76,68,58,56,41,73,27,101,80,40,0,24,52"/><U87/><E74/><V115/><F119/><W104/><G68/><T59/><D2/><U110/><E122/><V92/><F115/><W6/><G58/><T84/><D72/><U121/><E121/><V102/><F43/><W4/><G41/><T111/><D123/><U116/><E116/><V21/><F102/><W108/><G108/><T112/><D112/><U18/><E126/><V7/><F64/><W135/><G40/><T30/><D30/><U95/><E87/><V29/><F69/><W113/><G135/><T9/><D96/><U77/><E77/><V38/><F38/><W5/><G0/><T51/><D84/><U33/><E33/><V28/><F83/><W118/><G113/><T26/><D26/><U46/><E46/><V63/><F79/><W90/><G90/><T81/><D81/><U70/><E110/><V103/><F103/><W117/><G117/><T94/><D94/><U25/><E70/><V14/><F124/><W44/><G44/><N who="0" m="23631" /><D111/><U19/><REACH who="1" step="1"/><E22/><REACH who="1" ten="170,240,330,250" step="2"/><V98/><F125/><W32/><G32/><T10/><D134/><U55/><E55/><V109/><F109/><W36/><G118/><T82/><D66/><U67/><E67/><V105/><F105/><W97/><REACH who="3" step="1"/><G36/><REACH who="3" ten="170,240,330,240" step="2"/><T35/><D35/><U114/><E114/><V86/><F86/><W132/><G132/><T127/><D127/><U133/><E133/><V88/><F98/><W47/><G47/><T78/><D59/><U3/><E3/><V93/><F21/><W61/><AGARI ba="0,2" hai="4,5,6,24,27,52,56,61,73,76,80,97,101,104" machi="61" ten="30,8000,1" yaku="1,1,0,1,52,1,54,1,53,1" doraHai="50" doraHaiUra="100" who="3" fromWho="3" sc="170,-20,240,-40,330,-20,240,100" /><INIT seed="2,0,0,5,4,129" ten="150,200,310,340" oya="2" hai0="115,103,57,65,61,29,64,34,116,72,19,50,30" hai1="63,111,9,24,25,1,26,134,43,10,118,53,82" hai2="8,22,92,28,81,2,69,78,45,27,88,105,86" hai3="47,89,62,119,12,131,100,33,112,21,66,15,54"/><V95/><F105/><W5/><G33/><T6/><D115/><U121/><E118/><V117/><F117/><W3/><G119/><T97/><D72/><U60/><E43/><V40/><F69/><W109/><G109/><T94/><D6/><U132/><BYE who="3" /><E111/><V13/><F2/><W35/><G35/><T114/><D114/><UN n3="%E3%81%95%E3%81%8F%E3%82%88%E3%81%93%E3%81%A1%E3%82%83%E3%82%93" /><U123/><E82/><V99/><F92/><W58/><G131/><T74/><D74/><U124/><E124/><V16/><F45/><W52/><G100/><T96/><D116/><U70/><E53/><V77/><REACH who="2" step="1"/><F40/><REACH who="2" ten="150,200,300,340" step="2"/><W23/><G47/><T120/><D94/><U125/><E70/><V41/><F41/><W106/><G106/><T73/><D57/><U68/><E68/><V128/><F128/><W44/><G44/><T90/><D120/><N who="1" m="46155" /><E1/><V133/><F133/><N who="1" m="51305" /><E125/><V51/><F51/><W107/><G107/><T84/><D50/><U98/><E98/><V101/><AGARI ba="0,1" hai="8,13,16,22,27,28,77,78,81,86,88,95,99,101" machi="101" ten="20,18000,2" yaku="1,1,0,1,7,1,8,1,54,2,53,1" doraHai="129" doraHaiUra="4" who="2" fromWho="2" sc="150,-60,200,-60,300,190,340,-60" /><INIT seed="2,1,0,0,3,96" ten="90,140,490,280" oya="2" hai0="120,63,14,35,43,121,39,80,71,90,94,3,134" hai1="57,125,42,128,25,122,55,109,75,104,73,21,53" hai2="30,76,27,98,54,49,92,10,50,32,28,23,62" hai3="8,81,12,78,97,46,36,59,13,24,106,116,112"/><V31/><F76/><W65/><G116/><T129/><D3/><U124/><E109/><V127/><F127/><N who="1" m="48713" /><E128/><V47/><F32/><W1/><G112/><T95/><D35/><U44/><E122/><V130/><F130/><W113/><G113/><T123/><D129/><U105/><E105/><V108/><F108/><W60/><G24/><T18/><D134/><U68/><E68/><V100/><F10/><W119/><G119/><T132/><D132/><U40/><E104/><V82/><F82/><W86/><G36/><T20/><D80/><U37/><E42/><V101/><F62/><W87/><G87/><T16/><D18/><N who="1" m="12471" /><E55/><V85/><F85/><W52/><G106/><T107/><D107/><U58/><E57/><V29/><REACH who="2" step="1"/><F49/><AGARI ba="1,0" hai="37,40,44,49,53,58,73,75" m="12471,48713" machi="49" ten="30,1000,0" yaku="18,1" doraHai="96" who="1" fromWho="2" sc="90,0,140,13,490,-13,280,0" /><INIT seed="3,0,0,4,3,28" ten="90,153,477,280" oya="3" hai0="132,57,129,36,34,59,95,133,14,110,76,24,84" hai1="17,47,29,8,7,112,64,131,23,49,103,91,51" hai2="39,120,106,70,96,135,22,100,77,92,111,4,55" hai3="71,117,41,114,27,37,19,16,94,35,30,54,25"/><W2/><G114/><T102/><D36/><U79/><E112/><V63/><F39/><W40/><G117/><T93/><D110/><U62/><E79/><V73/><F111/><W15/><G2/><T65/><D129/><U67/><E29/><V60/><F135/><W105/><G105/><T113/><D113/><U0/><E103/><V1/><F70/><W121/><G71/><T6/><D76/><U119/><E131/><V61/><F120/><W33/><G121/><T109/><D109/><U81/><E119/><V9/><F22/><W82/><G37/><T80/><D80/><U45/><E62/><V90/><F77/><W50/><G30/><N who="0" m="19783" /><D84/><U21/><E91/><V10/><F10/><W74/><G82/><T38/><D38/><U26/><E23/><V56/><F73/><W43/><G74/><T12/><D6/><U134/><E134/><N who="0" m="51817" /><D102/><U5/><E5/><V124/><F124/><W115/><G115/><T130/><D130/><U58/><E58/><N who="0" m="22025" /><D65/><U68/><E68/><V52/><REACH who="2" step="1"/><F55/><REACH who="2" ten="90,153,467,280" step="2"/><W32/><G54/><T46/><D46/><U72/><E45/><V83/><F83/><W125/><G125/><T101/><D101/><U127/><E127/><V86/><AGARI ba="0,1" hai="1,4,9,52,56,60,61,63,86,90,92,96,100,106" machi="86" ten="20,8000,1" yaku="1,1,0,1,7,1,54,1,53,1" doraHai="28" doraHaiUra="98" who="2" fromWho="2" sc="90,-20,153,-20,467,90,280,-40" /><INIT seed="4,0,0,4,3,85" ten="70,133,557,240" oya="0" hai0="25,107,59,91,47,30,32,75,119,41,130,132,65" hai1="57,116,28,81,1,34,105,102,99,112,120,104,71" hai2="2,106,0,82,98,83,113,37,13,29,35,46,7" hai3="115,127,33,108,45,56,124,8,68,70,121,26,52"/><T22/><D119/><U97/><E116/><V38/><F113/><W90/><G108/><T88/><D75/><U125/><E125/><N who="3" m="48202" /><G115/><T77/><D107/><U123/><E57/><V21/><F35/><W122/><G45/><T86/><D132/><U72/><E1/><V79/><F29/><N who="3" m="19639" /><G8/><T95/><D130/><U69/><E112/><V4/><F106/><W40/><G40/><T10/><D32/><U36/><E36/><V135/><F135/><W111/><G90/><N who="0" m="53719" /><D10/><U92/><E105/><V100/><F46/><W53/><G53/><T17/><D77/><U89/><E28/><V60/><F79/><W3/><G3/><T103/><D103/><U101/><E34/><V96/><F100/><W54/><G54/><T15/><D47/><U49/><E72/><V61/><F21/><W51/><G111/><T76/><D41/><U55/><E55/><V128/><F128/><W129/><G129/><T63/><D76/><U117/><E117/><V31/><F31/><W6/><G6/><T64/><D65/><U48/><E48/><V84/><F4/><W66/><G66/><T23/><AGARI ba="0,0" hai="15,17,22,23,25,30,59,63,64,88,91" m="53719" machi="23" ten="30,12000,1" yaku="8,1,52,3,54,1" doraHai="85" who="0" fromWho="0" sc="70,120,133,-40,557,-40,240,-40" /><INIT seed="4,1,0,5,5,81" ten="190,93,517,200" oya="0" hai0="30,115,68,54,103,51,38,3,100,97,8,49,47" hai1="118,76,37,5,2,59,42,80,67,84,60,119,74" hai2="113,14,52,71,6,110,92,96,69,63,130,39,73" hai3="114,75,95,43,17,128,31,87,134,45,72,77,35"/><T61/><D30/><U10/><REACH who="1" step="1"/><E84/><REACH who="1" ten="190,83,517,200" step="2"/><V32/><F73/><W116/><G87/><T91/><D115/><U13/><E13/><V86/><F86/><W120/><G75/><T122/><D122/><U53/><E53/><V66/><F52/><W46/><G72/><T108/><D54/><U16/><E16/><V82/><F14/><W28/><G17/><T22/><D3/><U40/><E40/><V111/><F111/><W0/><G43/><T106/><D108/><U98/><E98/><V133/><F96/><W129/><G0/><T99/><D97/><U19/><E19/><V109/><F110/><W55/><G55/><T94/><D99/><U18/><E18/><V104/><F109/><W132/><G120/><T107/><D106/><U102/><E102/><V78/><F104/><W88/><G28/><T65/><D103/><U70/><E70/><V41/><F69/><W33/><G31/><T20/><D100/><U57/><E57/><V85/><F85/><W58/><G114/><T124/><D107/><U27/><E27/><V24/><F24/><W26/><G58/><T56/><D56/><U105/><E105/><V101/><F101/><W125/><G26/><T50/><D68/><U112/><E112/><V21/><F71/><W93/><G33/><T34/><D34/><U89/><E89/><V79/><F32/><W11/><G35/><T29/><D91/><U25/><E25/><V7/><F113/><W1/><G88/><T4/><D29/><U15/><E15/><V123/><F123/><W83/><G1/><T64/><D64/><U126/><E126/><RYUUKYOKU ba="1,1" sc="190,-10,83,30,517,-10,200,-10" hai1="2,5,10,37,42,59,60,67,74,76,80,118,119" /><INIT seed="5,2,1,3,5,128" ten="180,113,507,190" oya="1" hai0="85,134,95,67,55,101,109,117,4,17,81,111,5" hai1="63,16,57,0,116,32,103,11,115,20,52,122,76" hai2="119,104,97,123,118,83,1,89,121,108,73,127,98" hai3="107,94,37,66,7,64,100,9,28,71,120,74,105"/><U31/><E116/><N who="2" m="44587" /><F1/><W106/><G120/><T60/><D117/><U75/><E122/><V56/><F56/><W53/><G37/><T12/><D55/><U84/><E115/><V62/><F62/><W96/><G74/><T38/><D38/><U133/><E133/><V70/><F70/><W126/><G126/><T130/><D134/><U49/><E103/><N who="2" m="62575" /><F108/><W3/><G71/><T44/><D130/><U112/><E112/><V14/><F14/><W90/><G28/><T79/><D44/><U124/><E124/><V29/><F29/><W58/><REACH who="3" step="1"/><G100/><REACH who="3" ten="180,113,507,180" step="2"/><T21/><D111/><U92/><E75/><V43/><F127/><W19/><G19/><T69/><D109/><U54/><E31/><V35/><F73/><W114/><G114/><T132/><D132/><U91/><E32/><V18/><F35/><W34/><G34/><T77/><D5/><U47/><E76/><V99/><F18/><W131/><G131/><T33/><D4/><U80/><E11/><V41/><F121/><W125/><G125/><T65/><D33/><U86/><E0/><V110/><F123/><W102/><G102/><T72/><D101/><U135/><E135/><V6/><F6/><W23/><G23/><T59/><D69/><U39/><E39/><V15/><F110/><W61/><AGARI ba="2,2" hai="3,7,9,53,58,61,64,66,90,94,96,105,106,107" machi="61" ten="30,2000,0" yaku="1,1,0,1,53,0" doraHai="128" doraHaiUra="129" who="3" fromWho="3" sc="180,-7,113,-12,507,-7,180,46" /><INIT seed="6,0,0,0,5,67" ten="173,101,500,226" oya="2" hai0="13,3,60,42,132,121,83,66,97,64,45,79,119" hai1="99,103,19,52,54,82,98,20,12,94,61,6,101" hai2="91,8,128,73,102,134,63,57,111,29,129,28,106" hai3="7,27,85,69,41,9,1,76,118,37,92,5,104"/><V65/><F134/><W23/><G104/><T31/><D121/><U15/><E82/><V120/><F120/><W53/><G118/><T113/><D119/><U22/><E61/><V130/><F111/><W49/><G69/><T16/><D31/><U68/><E68/><V96/><F73/><W81/><G7/><T135/><D3/><U35/><E35/><V34/><F34/><W62/><G37/><T75/><D97/><U88/><E103/><V30/><F8/><W127/><G127/><T126/><D126/><U84/><E99/><V43/><F91/><W38/><G38/><T36/><D113/><U56/><E56/><V124/><F43/><W117/><G117/><T71/><REACH who="0" step="1"/><D64/><REACH who="0" ten="163,101,500,226" step="2"/><U87/><E87/><V116/><F116/><W17/><G1/><T133/><D133/><U72/><E72/><V2/><F2/><W110/><G85/><T105/><D105/><U25/><E6/><V123/><F96/><W39/><G5/><T48/><D48/><U89/><E89/><V44/><F65/><W18/><G49/><T114/><D114/><U24/><E98/><V0/><F28/><W77/><G39/><T14/><D14/><N who="1" m="5163" /><E101/><V131/><F102/><W10/><G62/><T11/><AGARI ba="0,1" hai="11,13,16,36,42,45,60,66,71,75,79,83,132,135" machi="11" ten="30,7900,0" yaku="1,1,0,1,52,1,54,1,53,0" doraHai="67" doraHaiUra="33" who="0" fromWho="0" sc="163,89,101,-20,500,-39,226,-20" /><INIT seed="7,0,0,5,3,62" ten="252,81,461,206" oya="3" hai0="45,26,9,123,7,60,57,82,120,67,70,35,114" hai1="74,112,10,59,5,90,85,61,36,128,56,125,18" hai2="76,116,0,94,51,118,16,93,39,38,83,107,31" hai3="121,86,108,17,37,2,21,124,98,11,100,101,65"/><W75/><G121/><T30/><D114/><U104/><E104/><V80/><F107/><W103/><G75/><T41/><D82/><U122/><E122/><V8/><F31/><W27/><G124/><T87/><D87/><U126/><E74/><V81/><F76/><W91/><G37/><T14/><D57/><U47/><E18/><V66/><F66/><W127/><G127/><T33/><D35/><U44/><E85/><V42/><F51/><AGARI ba="0,0" hai="7,9,14,26,30,33,41,45,51,60,67,70,120,123" machi="51" ten="30,2000,0" yaku="7,1,52,1" doraHai="62" who="0" fromWho="2" sc="252,20,81,0,461,-20,206,0" owari="272,7.2,81,-41.9,441,54.1,206,-19.4" /></mjloggm>