<mjloggm ver="2.3"><GO type="169" lobby="0"/><UN n0="%E2%97%8E%E3%82%88%E3%81%97%E2%97%8E" n1="%E6%BA%AF%E6%9C%88%E9%A3%9F" n2="%E3%82%B5%E3%83%83%E3%83%9D%E3%83%AD%E4%B8%80%E7%95%AA%E5%91%B3%E5%99%8C" n3="%41%72%69%61" dan="16,16,16,16" rate="2162.79,2115.11,2136.59,2178.53" sx="M,M,M,F"/><TAIKYOKU oya="0"/><INIT seed="0,0,0,3,2,36" ten="250,250,250,250" oya="0" hai0="42,93,81,65,84,70,6,72,35,45,113,88,105" hai1="108,99,73,90,102,27,20,104,101,114,78,16,58" hai2="106,69,133,14,5,33,2,59,44,54,71,129,127" hai3="11,26,13,28,96,120,23,8,92,86,112,4,38"/><T47/><D113/><U79/><E108/><V56/><F106/><W124/><G112/><T131/><D131/><U50/><E114/><V94/><F33/><W39/><G124/><T57/><D35/><U83/><E78/><V98/><F2/><W24/><G120/><T95/><D70/><U68/><E68/><V63/><F133/><W19/><G86/><T55/><D105/><U75/><E102/><V41/><F129/><W60/><G60/><N who="0" m="38031" /><D72/><U40/><E90/><V97/><F97/><W46/><G46/><N who="0" m="17419" /><D6/><U130/><E130/><V64/><F14/><W119/><G119/><T109/><D109/><U123/><E123/><V122/><F5/><W51/><G51/><T49/><D42/><U135/><E135/><V128/><F127/><W0/><REACH who="3" step="1"/><G24/><REACH who="3" ten="250,250,250,240" step="2"/><T31/><D31/><U125/><E125/><V61/><F122/><W62/><G62/><T29/><D29/><U100/><E73/><V134/><F128/><W115/><G115/><T9/><D9/><U85/><E75/><V107/><F134/><W21/><G21/><T53/><D53/><U10/><E10/><V89/><REACH who="2" step="1"/><F107/><REACH who="2" ten="250,250,240,240" step="2"/><W80/><G80/><T30/><D30/><U7/><E104/><V82/><F82/><W3/><G3/><T91/><D81/><U111/><E83/><V77/><F77/><W1/><G1/><T43/><D93/><U103/><E79/><V18/><F18/><W67/><G67/><T116/><D95/><U76/><E76/><V110/><F110/><W74/><G74/><T117/><D117/><U32/><E111/><V12/><F12/><W126/><G126/><RYUUKYOKU ba="0,2" sc="250,-15,250,-15,240,15,240,15" hai2="41,44,54,56,59,61,63,64,69,71,89,94,98" hai3="0,4,8,11,13,19,23,26,28,38,39,92,96" /><INIT seed="1,1,2,4,1,8" ten="235,235,255,255" oya="1" hai0="83,94,117,23,32,91,97,119,88,13,60,80,96" hai1="111,84,85,121,45,42,51,64,74,52,21,16,58" hai2="125,11,131,17,30,24,31,95,19,34,90,38,72" hai3="115,114,92,26,53,49,126,127,44,86,41,63,122"/><U22/><E74/><V113/><F38/><W73/><G73/><T7/><D32/><U10/><E121/><V59/><F72/><W132/><G26/><T57/><D117/><U123/><E123/><V50/><F131/><W0/><G0/><T99/><D119/><U14/><E64/><V28/><F125/><N who="3" m="47627" /><G122/><T65/><D91/><U15/><E111/><V78/><F78/><W118/><G118/><T33/><D33/><U2/><E2/><V6/><F113/><N who="3" m="43019" /><G92/><T29/><D29/><U124/><E124/><V135/><F24/><W79/><G86/><N who="0" m="52503" /><D7/><U35/><E35/><V46/><F59/><N who="3" m="35311" /><G79/><T69/><D69/><U128/><E128/><V48/><F34/><W68/><G68/><T55/><D65/><U4/><REACH who="1" step="1"/><E21/><REACH who="1" ten="235,225,255,255" step="2"/><V129/><F129/><W120/><G120/><T39/><D23/><U110/><E110/><V70/><F70/><W77/><G77/><T134/><D83/><U89/><E89/><V103/><F90/><W18/><G18/><T71/><D80/><U3/><E3/><V40/><F19/><W93/><G93/><T104/><D104/><U27/><E27/><V12/><F17/><W75/><G75/><T66/><D66/><U25/><E25/><V105/><F105/><W43/><G132/><T98/><D134/><U54/><E54/><AGARI ba="1,3" hai="41,43,44,49,54" m="35311,43019,47627" machi="54" ten="30,3900,0" yaku="18,1,34,2" doraHai="8" who="3" fromWho="1" sc="235,0,225,-42,255,0,255,72" /><INIT seed="2,0,0,5,3,69" ten="235,183,255,327" oya="2" hai0="64,75,89,120,14,131,88,66,80,38,60,13,87" hai1="74,21,29,24,79,0,23,104,130,85,51,63,106" hai2="107,16,1,39,49,86,7,59,67,113,71,20,118" hai3="35,91,30,133,44,47,82,28,115,50,78,37,116"/><V26/><F107/><W4/><G116/><T6/><D120/><U33/><E74/><V95/><F118/><W65/><G133/><T68/><D131/><U25/><E0/><V93/><F113/><W84/><G115/><T81/><D6/><U105/><E130/><V41/><F1/><W15/><G35/><T94/><D38/><U52/><E63/><N who="2" m="40447" /><F86/><W96/><G65/><T9/><D66/><U112/><E112/><V54/><F7/><W108/><G37/><T11/><D75/><U122/><E122/><V135/><F135/><W76/><G47/><AGARI ba="0,0" hai="16,20,26,39,41,47,49,54,59,93,95" m="40447" machi="47" ten="30,5800,0" yaku="24,1,52,1,54,1" doraHai="69" who="2" fromWho="3" sc="235,0,183,0,255,58,327,-58" /><INIT seed="2,1,0,4,2,35" ten="235,183,313,269" oya="2" hai0="104,25,40,125,55,10,48,124,5,132,118,93,63" hai1="70,33,92,18,87,60,44,26,0,31,41,130,52" hai2="77,13,11,79,14,21,108,66,20,16,74,113,109" hai3="122,83,7,107,15,34,88,78,116,42,8,6,97"/><V102/><F113/><W94/><G34/><T38/><D104/><U135/><E130/><V101/><F66/><W111/><G111/><N who="2" m="42569" /><F21/><W105/><G122/><T69/><D132/><U62/><E135/><V123/><F123/><W131/><G116/><T67/><D118/><U68/><E18/><N who="2" m="10319" /><F74/><W81/><G131/><T112/><D112/><U53/><E70/><V72/><F72/><W1/><G81/><T86/><D25/><U49/><E68/><V71/><F71/><W65/><G65/><T51/><D67/><U3/><E60/><V19/><F19/><W91/><G91/><T59/><D69/><U80/><E92/><V64/><F64/><W4/><G42/><T39/><D63/><U117/><E117/><V121/><F121/><W85/><REACH who="3" step="1"/><G6/><REACH who="3" ten="235,183,313,259" step="2"/><T17/><D5/><U76/><REACH who="1" step="1"/><E41/><REACH who="1" ten="235,173,313,259" step="2"/><V57/><F79/><W73/><G73/><T30/><D40/><U54/><E54/><V95/><F77/><W96/><G96/><T115/><D55/><U32/><E32/><V27/><F101/><W61/><G61/><T23/><D115/><U36/><E36/><V82/><F102/><W29/><G29/><T119/><D30/><U134/><E134/><V9/><F82/><W84/><G84/><T103/><D86/><U110/><E110/><V128/><F128/><W56/><G56/><AGARI ba="1,2" hai="0,3,26,31,33,44,49,52,53,56,62,76,80,87" machi="56" ten="40,8000,1" yaku="1,1,52,2,54,1,53,0" doraHai="35" doraHaiUra="106" who="1" fromWho="3" sc="235,0,173,103,313,0,259,-83" /><INIT seed="3,0,0,3,2,27" ten="235,276,313,176" oya="3" hai0="16,86,29,67,15,82,32,71,50,12,0,123,107" hai1="57,90,119,79,91,49,39,84,129,58,45,88,128" hai2="47,94,104,76,43,111,132,97,59,44,121,1,8" hai3="127,51,125,96,24,92,80,114,87,38,3,122,25"/><W126/><G38/><T108/><D123/><U73/><E73/><V30/><F121/><W101/><G122/><T28/><D107/><U134/><E39/><V81/><F104/><W34/><G114/><T115/><D0/><U37/><E37/><V60/><F132/><W95/><G3/><T4/><D32/><U46/><E134/><V98/><F111/><W13/><G95/><T117/><D117/><U65/><E65/><V36/><F47/><N who="1" m="17929" /><E49/><V31/><F97/><W35/><G51/><T63/><D50/><U112/><E112/><V113/><F8/><W61/><G61/><T41/><D41/><U75/><E75/><V48/><F36/><W68/><G68/><T120/><D108/><U9/><E9/><V5/><F5/><W40/><G40/><T54/><D54/><U116/><E79/><V19/><F19/><W85/><G85/><T83/><D115/><U11/><E11/><V106/><F106/><W21/><G13/><T52/><D52/><U77/><E77/><V74/><F1/><W17/><REACH who="3" step="1"/><G25/><REACH who="3" ten="235,276,313,166" step="2"/><T131/><D120/><U109/><E84/><V124/><F113/><W135/><G135/><T133/><D133/><U33/><E109/><V20/><F48/><W53/><G53/><T72/><D86/><U118/><E33/><V70/><F60/><W100/><G100/><T26/><D72/><U42/><E42/><V23/><F74/><W69/><G69/><T18/><D71/><U10/><E10/><V6/><F70/><W2/><G2/><T22/><D63/><U99/><E99/><V14/><F43/><W7/><G7/><RYUUKYOKU ba="0,1" sc="235,-15,276,15,313,-15,166,15" hai1="57,58,88,90,91,116,118,119,128,129" hai3="17,21,24,34,35,80,87,92,96,101,125,126,127" /><INIT seed="3,1,1,2,0,11" ten="220,291,298,181" oya="3" hai0="108,70,29,58,65,38,21,87,103,4,107,76,57" hai1="97,99,91,123,63,80,43,113,105,19,42,45,28" hai2="83,49,86,3,109,93,106,72,132,104,89,75,52" hai3="22,16,125,126,56,32,129,84,33,120,1,102,130"/><W119/><G102/><T116/><D116/><U2/><E2/><V6/><F109/><W37/><G37/><T36/><D70/><U127/><E123/><V41/><F132/><W48/><G119/><T100/><D4/><U20/><E127/><N who="3" m="48650" /><G120/><T54/><D107/><U69/><E28/><V77/><F41/><W67/><G1/><T79/><D108/><U135/><E113/><V30/><F3/><W47/><G84/><T27/><D38/><U9/><E43/><V71/><F71/><W114/><G114/><T78/><D36/><U66/><E135/><V24/><F6/><W110/><G110/><T10/><D10/><U61/><E9/><V82/><F82/><W60/><G33/><T50/><D87/><U73/><E63/><AGARI ba="1,1" hai="21,27,29,50,54,57,58,63,65,76,78,79,100,103" machi="63" ten="40,1300,0" yaku="8,1" doraHai="11" who="0" fromWho="1" sc="220,26,291,-16,298,0,181,0" /><INIT seed="4,0,0,1,0,113" ten="246,275,298,181" oya="0" hai0="78,71,105,2,14,53,112,17,95,102,132,27,90" hai1="37,131,33,12,94,96,34,19,114,44,66,39,87" hai2="23,62,118,50,57,73,134,101,92,116,1,115,121" hai3="31,38,89,75,7,126,48,59,127,84,82,30,76"/><T5/><D71/><U63/><E131/><V108/><F115/><W68/><G38/><T83/><D112/><U117/><E114/><V97/><F108/><W22/><G68/><T64/><D64/><U0/><E0/><V109/><F109/><W88/><G7/><T45/><D27/><U42/><E87/><V122/><F1/><W41/><G89/><T130/><D132/><U11/><E37/><V110/><F73/><W54/><G41/><T80/><D102/><U28/><E28/><V58/><F110/><W21/><G30/><T107/><D5/><U81/><E81/><V25/><F50/><W72/><G72/><T4/><D4/><U20/><E117/><N who="2" m="45163" /><F58/><W49/><G49/><T135/><D2/><U16/><E63/><V74/><F74/><W129/><G129/><T13/><D45/><U46/><E46/><V60/><F134/><W98/><G98/><T128/><D135/><U69/><E69/><V123/><F57/><W119/><G119/><T40/><D130/><U32/><E66/><V133/><F133/><W65/><G65/><T24/><D128/><U56/><E56/><V18/><AGARI ba="0,0" hai="18,23,25,60,62,92,97,101,121,122,123" m="45163" machi="18" ten="40,8000,1" yaku="12,1,52,3" doraHai="113" who="2" fromWho="2" sc="246,-40,275,-20,298,80,181,-20" /><INIT seed="5,0,0,2,0,112" ten="206,255,378,161" oya="1" hai0="12,34,109,73,30,108,128,86,10,107,130,47,45" hai1="39,74,110,96,126,119,93,60,131,51,11,68,106" hai2="105,44,41,28,85,8,94,120,7,48,82,113,91" hai3="21,22,26,71,19,5,27,80,127,0,72,52,25"/><U87/><E39/><V49/><F105/><W20/><G71/><T117/><D73/><U67/><E74/><V84/><F113/><W42/><G42/><T122/><D107/><U24/><E126/><V46/><F120/><W81/><G127/><T95/><D95/><U124/><E124/><V92/><F28/><W3/><G72/><T40/><D86/><U101/><E131/><N who="0" m="50217" /><D122/><U6/><E110/><N who="0" m="42601" /><D30/><U62/><E62/><V97/><F85/><W75/><G75/><T1/><D34/><U31/><E51/><V54/><F97/><W111/><G111/><T123/><D123/><U61/><E61/><V132/><F132/><W114/><G114/><T56/><D1/><AGARI ba="0,0" hai="1,7,8,41,44,46,48,49,54,82,84,91,92,94" machi="1" ten="30,1000,0" yaku="7,1" doraHai="112" who="2" fromWho="0" sc="206,-10,255,0,378,10,161,0" /><INIT seed="6,0,0,3,4,76" ten="196,255,388,161" oya="2" hai0="65,54,82,41,132,62,119,110,55,83,34,114,15" hai1="84,8,14,67,126,74,123,20,73,17,87,18,86" hai2="49,64,29,36,11,7,21,12,108,23,9,57,135" hai3="72,101,105,106,56,79,133,117,6,48,37,92,19"/><V70/><F36/><W60/><G37/><T33/><D110/><U13/><E126/><V100/><F135/><W1/><G117/><T107/><D107/><U2/><E2/><V10/><F70/><W94/><G133/><T128/><D132/><U118/><E118/><V109/><F100/><W93/><G101/><T99/><D119/><U31/><E123/><V96/><F96/><W116/><G116/><T61/><D99/><U59/><E31/><V89/><F89/><W0/><G48/><T80/><D41/><U121/><E121/><V16/><F64/><W103/><G103/><T25/><D15/><U130/><E130/><V22/><F57/><W51/><G51/><T77/><D77/><U26/><E26/><N who="2" m="16591" /><F49/><W28/><G28/><T50/><D25/><U131/><E131/><V69/><F69/><W125/><G125/><T58/><D114/><U5/><E17/><N who="2" m="10535" /><F7/><W112/><G6/><T44/><REACH who="0" step="1"/><D128/><REACH who="0" ten="186,255,388,161" step="2"/><U91/><E14/><AGARI ba="0,1" hai="9,10,11,14,16,23,108,109" m="10535,16591" machi="14" ten="30,5800,0" yaku="34,2,54,1" doraHai="76" who="2" fromWho="1" sc="186,0,255,-58,388,68,161,0" /><INIT seed="6,1,0,1,4,11" ten="186,197,456,161" oya="2" hai0="18,5,133,47,93,70,22,79,33,98,63,109,124" hai1="78,43,3,59,27,87,39,101,30,100,122,92,90" hai2="104,114,12,130,103,28,13,121,75,80,4,135,25" hai3="125,62,76,120,71,20,40,99,50,68,29,115,118"/><V102/><F121/><W127/><G120/><T17/><D33/><U57/><E3/><V2/><F2/><W8/><G118/><T110/><D5/><U15/><E39/><V14/><F130/><W83/><G29/><T69/><D79/><U86/><E43/><V41/><F135/><W72/><G20/><T106/><D106/><U81/><E122/><V111/><F114/><W96/><G115/><T119/><D133/><U73/><E73/><V0/><F104/><W91/><G50/><T129/><D47/><U132/><E132/><V105/><F41/><W94/><G40/><T131/><D124/><U51/><E15/><N who="2" m="5707" /><F0/><W88/><G8/><T46/><D119/><U54/><REACH who="1" step="1"/><E59/><REACH who="1" ten="186,187,456,161" step="2"/><V97/><F111/><W112/><G112/><T123/><D110/><U55/><E55/><V49/><F75/><W16/><G71/><T6/><D109/><U37/><E37/><V26/><F14/><W126/><G68/><T35/><D69/><U89/><E89/><V60/><F103/><W107/><G91/><T134/><D70/><U74/><E74/><V56/><F102/><N who="3" m="62943" /><G62/><T19/><D63/><U36/><E36/><V10/><F56/><W31/><G31/><T24/><D123/><U1/><E1/><V117/><F60/><W108/><G108/><T64/><D134/><U38/><E38/><V9/><F117/><W48/><G48/><T53/><D129/><U65/><E65/><V85/><F49/><W42/><G42/><T95/><D131/><U84/><E84/><V21/><F9/><W7/><G7/><T58/><D6/><U113/><E113/><RYUUKYOKU ba="1,1" sc="186,-15,187,15,456,-15,161,15" hai1="27,30,51,54,57,78,81,86,87,90,92,100,101" hai3="16,72,76,83,88,94,96,125,126,127" /><INIT seed="7,2,1,4,0,35" ten="171,202,441,176" oya="3" hai0="99,80,106,89,63,53,86,123,28,84,91,128,129" hai1="73,18,107,98,122,126,110,102,108,44,31,71,57" hai2="95,111,11,93,116,46,78,105,75,14,127,61,8" hai3="16,83,87,23,34,69,90,76,119,10,22,54,30"/><W115/><G69/><T117/><D123/><U74/><E57/><V9/><F105/><W88/><G119/><T125/><D117/><U79/><E18/><V33/><F33/><W103/><G115/><T68/><D125/><U37/><E31/><V26/><F26/><N who="3" m="16735" /><G34/><T133/><D133/><U135/><E122/><V96/><F75/><N who="1" m="28681" /><E79/><V47/><F116/><W81/><G103/><N who="0" m="62847" /><D28/><U58/><E58/><V13/><F111/><N who="1" m="42537" /><E71/><V50/><F61/><W132/><G132/><T82/><D68/><U0/><E135/><V130/><F130/><N who="0" m="50282" /><D53/><U120/><E120/><V62/><F62/><AGARI ba="2,1" hai="62,63,80,82,84,86,89,91" m="50282,62847" machi="62" ten="30,1000,0" yaku="19,1" doraHai="35" who="0" fromWho="2" sc="171,26,202,0,441,-16,176,0" owari="197,-20.3,202,0.2,425,52.5,176,-32.4" /></mjloggm>