<mjloggm ver="2.3"><GO type="169" lobby="0"/><UN n0="%64%69%76%61" n1="%E6%95%97%E5%8C%97%E8%80%85%E3%81%AD%E3%82%8B" n2="%E3%82%8F%E3%81%98" n3="%61%6D%61%69%6B%61" dan="16,17,16,16" rate="2063.71,2174.28,2111.50,2141.98" sx="M,F,M,M"/><TAIKYOKU oya="0"/><INIT seed="0,0,0,0,0,69" ten="250,250,250,250" oya="0" hai0="52,24,19,11,35,83,17,92,0,22,26,123,99" hai1="43,45,29,62,40,59,32,129,37,10,28,39,47" hai2="110,76,102,79,86,54,118,93,23,61,33,82,46" hai3="131,125,95,74,98,103,75,64,5,111,114,135,126"/><T113/><D123/><U72/><E72/><N who="3" m="27690" /><G64/><T133/><D113/><U104/><E104/><V112/><F33/><W16/><G5/><T49/><D133/><U6/><E32/><V58/><F112/><W36/><G114/><T80/><D0/><U85/><E85/><V120/><F120/><W78/><G16/><T18/><D11/><U100/><E100/><V8/><F110/><W15/><G15/><T81/><D26/><U63/><E129/><V68/><F118/><W31/><G31/><T107/><D107/><U124/><E124/><N who="3" m="47722" /><G36/><T134/><D134/><U106/><E106/><V50/><F68/><W53/><G53/><T115/><D115/><U42/><E42/><V66/><F23/><W84/><G135/><T122/><D122/><U77/><E77/><V20/><F20/><W30/><G30/><T65/><D65/><U71/><E71/><V117/><F117/><W34/><G34/><T48/><D48/><U55/><E63/><V128/><F128/><W1/><G1/><AGARI ba="0,0" hai="1,6,10,28,29,37,39,40,43,45,47,55,59,62" machi="1" ten="30,7700,0" yaku="7,1,9,1,52,2" doraHai="69" who="1" fromWho="3" sc="250,0,250,77,250,0,250,-77" /><INIT seed="1,0,0,1,3,79" ten="250,327,250,173" oya="1" hai0="21,28,42,91,71,0,87,73,13,81,48,121,113" hai1="77,115,50,29,105,78,18,99,114,32,126,64,6" hai2="59,35,68,67,97,106,135,84,37,24,65,131,47" hai3="10,120,5,38,63,36,75,33,66,54,2,45,76"/><U55/><E126/><V82/><F131/><W133/><G120/><T46/><D113/><U109/><E6/><V40/><F135/><W122/><G122/><T15/><D121/><U95/><E105/><V116/><F116/><W17/><G33/><T52/><D0/><U94/><E64/><V11/><F68/><W12/><G133/><T41/><D71/><U134/><E134/><V123/><F123/><W31/><G31/><T16/><D73/><U20/><E109/><V118/><F118/><W124/><G124/><T9/><REACH who="0" step="1"/><D28/><REACH who="0" ten="240,327,250,173" step="2"/><U56/><E115/><V53/><F35/><W14/><G2/><T34/><D34/><U7/><E114/><V27/><F27/><W125/><G125/><T86/><D86/><U49/><E32/><V103/><F24/><W1/><G1/><T129/><D129/><U30/><E30/><V128/><F128/><W58/><G75/><T69/><D69/><U3/><E29/><V61/><REACH who="2" step="1"/><F11/><REACH who="2" ten="240,327,240,173" step="2"/><W92/><G10/><T90/><D90/><AGARI ba="0,2" hai="37,40,47,53,59,61,65,67,82,84,90,97,103,106" machi="90" ten="30,12000,2" yaku="1,1,2,1,7,1,52,1,53,2" doraHai="79" doraHaiUra="62" who="2" fromWho="0" sc="240,-120,327,0,240,140,173,0" /><INIT seed="2,0,0,3,0,95" ten="120,327,380,173" oya="2" hai0="1,15,58,67,91,54,96,53,63,41,86,55,37" hai1="47,23,100,130,40,60,111,92,75,118,66,135,69" hai2="122,70,2,28,21,134,93,22,131,120,6,79,102" hai3="64,77,128,35,127,85,18,105,119,30,81,125,44"/><V116/><F70/><W84/><G119/><T117/><D1/><U61/><E118/><V65/><F116/><W36/><G105/><T8/><D117/><U112/><E112/><V83/><F65/><W4/><G128/><T99/><D41/><U57/><E75/><V10/><F131/><W33/><G4/><T32/><D32/><U82/><E130/><V89/><F102/><W51/><G36/><T107/><D37/><U123/><E111/><V108/><F134/><W31/><G64/><T126/><D126/><N who="3" m="48137" /><G84/><T29/><D29/><N who="3" m="10761" /><G18/><N who="0" m="8551" /><D107/><U115/><E66/><V113/><F113/><W101/><G101/><T48/><D48/><U49/><E49/><V25/><F21/><W16/><G16/><T17/><D17/><U13/><E23/><V104/><F104/><W52/><AGARI ba="0,0" hai="33,35,44,51,52,77,81,85" m="10761,48137" machi="52" ten="30,2000,0" yaku="18,1,54,1" doraHai="95" who="3" fromWho="3" sc="120,-5,327,-5,380,-10,173,20" /><INIT seed="3,0,0,1,3,35" ten="115,322,370,193" oya="3" hai0="119,77,114,73,17,135,84,60,95,57,97,121,110" hai1="63,0,133,12,131,117,75,46,100,92,42,107,58" hai2="80,126,45,14,86,130,25,49,47,82,124,99,24" hai3="70,116,39,65,112,78,125,115,27,90,129,83,109"/><W81/><G39/><T37/><D37/><U52/><E75/><V2/><F130/><W67/><G116/><T93/><D119/><U111/><E131/><V62/><F14/><W72/><G129/><T43/><D121/><U50/><E117/><V71/><F99/><W16/><G125/><T88/><D114/><U104/><E111/><V132/><F132/><W44/><G109/><T79/><D135/><U94/><E133/><V103/><F103/><W76/><G90/><T54/><D110/><U102/><E0/><V56/><F71/><W74/><G44/><T98/><D73/><U127/><E127/><V64/><F2/><W21/><REACH who="3" step="1"/><G70/><REACH who="3" ten="115,322,370,183" step="2"/><T36/><D36/><U68/><E68/><V122/><F47/><W69/><G69/><T89/><D43/><U96/><E102/><V113/><F126/><W30/><G30/><T7/><D7/><U8/><E107/><V9/><F124/><W106/><G106/><T91/><D91/><U18/><AGARI ba="0,1" hai="8,12,18,42,46,50,52,58,63,92,94,96,100,104" machi="18" ten="20,2700,0" yaku="0,1,7,1,54,1" doraHai="35" who="1" fromWho="1" sc="115,-7,322,37,370,-7,183,-13" /><INIT seed="4,0,0,5,3,68" ten="108,359,363,170" oya="0" hai0="47,90,22,28,53,7,3,14,88,120,16,78,66" hai1="17,132,56,85,87,117,60,6,101,29,46,40,45" hai2="8,127,131,61,114,99,21,77,94,119,75,133,26" hai3="95,113,106,52,135,55,116,89,48,64,126,23,19"/><T128/><D120/><U54/><E117/><V36/><F119/><W102/><G116/><T31/><D128/><U115/><E132/><V130/><F133/><W51/><G135/><T35/><D78/><U125/><E125/><V81/><F114/><W82/><G113/><T37/><D66/><U32/><E115/><V1/><F127/><W10/><G10/><N who="0" m="2431" /><D53/><U72/><E72/><V9/><F61/><W44/><G126/><T118/><D31/><U33/><E6/><V30/><F36/><W43/><G64/><T18/><D18/><U15/><E101/><V57/><F57/><W93/><G106/><T108/><D118/><U11/><E46/><V42/><F42/><W65/><G65/><T67/><D67/><U121/><E121/><V123/><F123/><W92/><G102/><T13/><D13/><U122/><E122/><V84/><F84/><N who="3" m="50327" /><G51/><T134/><D134/><U50/><E29/><V105/><F105/><W107/><G107/><T39/><D108/><U24/><E24/><AGARI ba="0,0" hai="19,23,24,43,44,48,52,55,92,93,95" m="50327" machi="24" ten="30,2000,0" yaku="8,1,54,1" doraHai="68" who="3" fromWho="1" sc="108,0,359,-20,363,0,170,20" /><INIT seed="5,0,0,2,1,56" ten="108,339,363,190" oya="1" hai0="112,10,80,113,25,16,125,82,6,29,46,106,103" hai1="118,4,89,61,102,99,50,70,32,14,19,122,2" hai2="75,67,120,36,65,8,20,85,15,5,79,72,1" hai3="108,22,3,97,33,94,23,24,0,64,130,121,34"/><U131/><E118/><V71/><F120/><W87/><G108/><T48/><D125/><U37/><E122/><V12/><F36/><W41/><G121/><T92/><D106/><U27/><E37/><V30/><F85/><W53/><G130/><T105/><D105/><U124/><E124/><V51/><F51/><W57/><G64/><T60/><D103/><U119/><E119/><V95/><F95/><W104/><G41/><T28/><D92/><U132/><E132/><V31/><F79/><W116/><G87/><T45/><D25/><U127/><E127/><V100/><F100/><W74/><G74/><T58/><D16/><U128/><E89/><V91/><F91/><W86/><G86/><T133/><D133/><U68/><E50/><V26/><F30/><W44/><G44/><T38/><D38/><U81/><E81/><V114/><F114/><W110/><G22/><T123/><D123/><U69/><E4/><V47/><F47/><W101/><G110/><T129/><D129/><N who="1" m="49739" /><E2/><V63/><F67/><W109/><G109/><T17/><D6/><U98/><E61/><V54/><F54/><W134/><G134/><T115/><D82/><U39/><E39/><V43/><F43/><W13/><G116/><T21/><D80/><U62/><E62/><V111/><F111/><W90/><G0/><T7/><D48/><U117/><E117/><V135/><F135/><W76/><G3/><N who="0" m="383" /><D46/><U107/><E99/><V84/><F84/><N who="3" m="52551" /><G76/><T78/><D78/><U42/><E42/><V96/><F96/><W77/><G77/><T93/><D45/><U59/><E98/><RYUUKYOKU ba="0,0" sc="108,-10,339,-10,363,30,190,-10" hai2="1,5,8,12,15,20,26,31,63,65,71,72,75" /><INIT seed="6,1,0,3,0,86" ten="98,329,393,180" oya="2" hai0="26,127,89,57,88,120,135,118,112,33,101,90,56" hai1="72,9,31,55,74,125,64,128,17,47,22,24,110" hai2="41,62,8,77,38,132,30,51,35,40,85,76,91" hai3="14,34,99,75,60,65,12,121,49,108,114,111,70"/><V96/><F38/><W84/><G75/><T36/><D120/><U133/><E110/><V82/><F35/><W109/><G121/><T2/><D36/><U103/><E125/><V92/><F132/><W5/><G34/><T32/><D2/><U59/><E133/><V52/><F30/><W130/><G130/><T116/><D135/><U19/><E128/><V4/><F62/><W93/><G114/><T83/><D127/><U134/><E134/><V25/><F25/><W48/><G84/><T13/><D112/><U43/><E64/><V95/><F95/><W58/><G5/><T3/><D3/><U66/><E66/><V104/><F104/><W11/><G70/><T23/><D101/><U67/><E67/><V119/><F77/><W53/><G11/><T105/><D105/><U46/><E103/><V29/><F29/><W124/><G124/><T45/><D83/><U117/><E117/><N who="0" m="45161" /><D45/><U6/><E47/><V113/><F113/><W44/><REACH who="3" step="1"/><G49/><REACH who="3" ten="98,329,393,170" step="2"/><T73/><D73/><U63/><E74/><V42/><F119/><W20/><G20/><T69/><D69/><U81/><E72/><V18/><F4/><W123/><G123/><T68/><D68/><U102/><E6/><V122/><F122/><W87/><G87/><T37/><D37/><U7/><E9/><V16/><F8/><W94/><G94/><T54/><D33/><U97/><E7/><V115/><F115/><W107/><G107/><T10/><D10/><U126/><E126/><V98/><F98/><W100/><AGARI ba="1,1" hai="12,14,44,48,53,58,60,65,93,99,100,108,109,111" machi="100" ten="30,2000,0" yaku="1,1,0,1,53,0" doraHai="86" doraHaiUra="80" who="3" fromWho="3" sc="98,-6,329,-6,393,-11,170,33" /><INIT seed="7,0,0,5,2,60" ten="92,323,382,203" oya="3" hai0="92,97,73,111,65,108,52,18,131,94,17,81,83" hai1="86,88,79,50,49,107,118,77,7,109,19,71,24" hai2="10,80,128,34,69,57,114,121,104,112,23,64,113" hai3="68,0,5,91,2,48,87,11,96,132,54,78,90"/><W32/><G32/><T75/><D97/><U36/><E109/><V72/><F34/><W27/><G132/><T15/><D15/><U129/><E36/><V43/><F69/><W106/><G68/><T130/><D52/><U102/><E107/><V103/><F128/><W82/><G0/><T12/><D12/><U101/><E129/><V93/><F104/><W29/><G106/><T100/><D100/><N who="1" m="38507" /><E71/><V95/><F121/><W30/><G96/><T20/><D20/><N who="1" m="13343" /><E7/><V1/><F103/><W133/><G133/><T16/><REACH who="0" step="1"/><D17/><REACH who="0" ten="82,323,382,203" step="2"/><U119/><E119/><V51/><F23/><W122/><G54/><T37/><D37/><U117/><E117/><V58/><F1/><W44/><G2/><T59/><D59/><U115/><E118/><V74/><F58/><W6/><G27/><T42/><D42/><U123/><E49/><V85/><F57/><W84/><G48/><T26/><D26/><U46/><E50/><V116/><F51/><W41/><G41/><T14/><D14/><U28/><E46/><V38/><F43/><W53/><G44/><T126/><D126/><U120/><E28/><V47/><F47/><W124/><G53/><T31/><D31/><U135/><E77/><V63/><F38/><W98/><G78/><T22/><D22/><U62/><E79/><V21/><F21/><W40/><G30/><T39/><D39/><U70/><E62/><V76/><F116/><W3/><G29/><T4/><D4/><U13/><E13/><V45/><F45/><W33/><G5/><T105/><D105/><U125/><E125/><V110/><F63/><RYUUKYOKU ba="0,1" sc="82,30,323,-10,382,-10,203,-10" hai0="16,18,65,73,75,81,83,92,94,108,111,130,131" owari="112,-38.8,313,11.3,382,48.2,193,-20.7" /></mjloggm>