<mjloggm ver="2.3"><GO type="169" lobby="0"/><UN n0="%C2%A7%E7%8D%85%E5%AD%90%E5%8E%9F%E7%88%BD" n1="%E3%81%88%E3%81%8C%E3%82%8F%E3%82%8A%E3%81%8A" n2="%E4%BE%8D" n3="%E5%9C%9C%E7%94%B0%E6%B5%81%E7%89%8C%E6%89%8B" dan="18,16,17,16" rate="2259.96,2139.11,2236.83,2142.72" sx="F,M,M,M"/><TAIKYOKU oya="0"/><INIT seed="0,0,0,2,4,57" ten="250,250,250,250" oya="0" hai0="11,126,108,78,116,134,2,36,49,19,73,88,40" hai1="0,111,43,83,131,50,47,128,114,115,107,22,21" hai2="74,46,82,7,35,92,39,80,61,34,54,100,119" hai3="30,97,102,29,52,33,17,6,135,72,15,81,123"/><T31/><D116/><U71/><E107/><V112/><F112/><N who="1" m="43049" /><E0/><V4/><F119/><W127/><G127/><T18/><D126/><U75/><E71/><V41/><F35/><W68/><G68/><T69/><D31/><U109/><E83/><V76/><F34/><W56/><G135/><T38/><D134/><U125/><E75/><V98/><REACH who="2" step="1"/><F82/><REACH who="2" ten="250,250,240,250" step="2"/><W60/><G33/><T23/><D108/><N who="1" m="41547" /><E125/><V110/><F110/><W96/><G123/><T122/><D122/><U64/><E64/><V12/><F12/><W10/><G81/><T120/><D120/><U28/><E28/><N who="3" m="10858" /><G72/><T14/><D73/><U1/><E1/><V104/><F104/><W26/><G102/><T63/><D2/><U103/><E103/><V77/><F77/><W5/><G26/><T79/><D78/><U99/><E99/><AGARI ba="0,1" hai="5,6,10,15,17,52,56,60,96,97,99" m="10858" machi="99" ten="30,3900,0" yaku="8,1,52,1,54,1" doraHai="57" who="3" fromWho="1" sc="250,0,250,-39,240,0,250,49" /><INIT seed="1,0,0,2,3,98" ten="250,211,240,299" oya="1" hai0="132,110,94,6,32,120,80,85,97,8,91,71,52" hai1="49,12,90,134,102,115,17,20,7,46,118,119,2" hai2="60,5,39,77,69,79,34,82,30,67,108,57,36" hai3="130,83,88,100,70,41,124,133,50,126,24,74,114"/><U72/><E115/><V21/><F108/><W23/><G70/><T111/><D32/><U95/><E72/><V68/><F79/><W104/><G114/><T1/><D71/><U55/><E134/><V3/><F21/><W122/><G41/><T96/><D132/><U123/><E123/><V76/><F76/><W93/><G133/><T127/><D120/><U65/><E65/><V106/><F57/><W128/><G50/><T63/><D127/><N who="3" m="48681" /><G122/><T109/><REACH who="0" step="1"/><D80/><REACH who="0" ten="240,211,240,299" step="2"/><U37/><E118/><V87/><F68/><W75/><G83/><T61/><D61/><U22/><E119/><V19/><F34/><W117/><G117/><T47/><D47/><U15/><E46/><V11/><F69/><W131/><G74/><T81/><D81/><U45/><E45/><V4/><F60/><W112/><G75/><T125/><D125/><U43/><E20/><V18/><F82/><W89/><G112/><T58/><AGARI ba="0,1" hai="1,6,8,52,58,63,85,91,94,96,97,109,110,111" machi="58" ten="40,8000,1" yaku="1,1,0,1,14,1,54,1,53,0" doraHai="98" doraHaiUra="44" who="0" fromWho="0" sc="240,90,211,-40,240,-20,299,-20" /><INIT seed="2,0,0,1,4,82" ten="330,171,220,279" oya="2" hai0="52,115,113,24,22,92,61,95,51,102,27,128,36" hai1="122,67,94,130,71,109,105,118,2,15,89,87,110" hai2="62,75,91,37,28,20,11,85,45,33,64,59,44" hai3="12,9,76,86,53,133,108,66,101,112,54,50,41"/><V10/><F75/><W4/><G108/><N who="1" m="41578" /><E118/><V29/><F33/><W78/><G133/><T65/><D36/><U83/><E2/><V25/><F28/><W68/><G68/><T18/><D128/><U55/><E130/><V30/><F30/><W40/><G66/><T35/><D35/><U88/><E105/><V34/><F34/><W47/><G101/><T6/><D6/><U1/><E1/><V32/><F32/><W132/><G132/><T7/><D7/><U3/><E3/><V80/><REACH who="2" step="1"/><F37/><REACH who="2" ten="330,171,210,279" step="2"/><W56/><G112/><T13/><D115/><U100/><E122/><V124/><F124/><W129/><G129/><T117/><D113/><U99/><E15/><V39/><F39/><W103/><G103/><T77/><D102/><U31/><E31/><V38/><F38/><W134/><G134/><T21/><D13/><U60/><E100/><V97/><F97/><W5/><G5/><T104/><D24/><U90/><E99/><V49/><F49/><W114/><G114/><T131/><D51/><U69/><E69/><V98/><F98/><W26/><G26/><T123/><D27/><U125/><E125/><V57/><F57/><W19/><G4/><T93/><D131/><U17/><E17/><V73/><F73/><W63/><G76/><T74/><D77/><U135/><E135/><V23/><F23/><W8/><G8/><AGARI ba="0,1" hai="8,10,11,20,25,29,44,45,59,62,64,80,85,91" machi="8" ten="40,7700,0" yaku="1,1,8,1,52,1,53,0" doraHai="82" doraHaiUra="106" who="2" fromWho="3" sc="330,0,171,0,210,87,279,-77" /><INIT seed="2,1,0,2,5,2" ten="330,171,297,202" oya="2" hai0="47,7,8,87,78,18,5,131,132,54,45,105,12" hai1="93,76,63,92,82,107,119,95,22,103,65,1,29" hai2="79,114,66,0,71,67,60,24,101,40,4,80,126" hai3="35,37,125,6,96,111,73,13,21,99,33,135,129"/><V68/><F126/><W51/><G37/><T110/><D110/><U43/><E119/><V120/><F120/><W49/><G73/><T70/><D105/><U77/><E1/><V46/><F114/><W38/><G38/><T58/><D70/><U27/><E107/><V50/><F101/><W20/><G125/><T10/><D132/><U25/><E43/><V94/><F94/><W134/><G13/><N who="0" m="5279" /><D131/><U108/><E108/><V72/><F24/><W11/><G11/><T112/><D112/><U74/><E27/><V117/><F117/><W64/><G64/><T59/><D18/><U23/><E23/><V3/><F4/><W118/><G6/><T88/><D78/><U122/><E77/><V123/><F123/><W90/><G111/><T34/><D34/><U42/><E42/><V130/><REACH who="2" step="1"/><F130/><REACH who="2" ten="330,171,287,202" step="2"/><W15/><G129/><T9/><D9/><U30/><E122/><V53/><F53/><W116/><G116/><T26/><D26/><U85/><E103/><V69/><F69/><W89/><G118/><T14/><D14/><U121/><E121/><V127/><F127/><W106/><G15/><T128/><D128/><U56/><REACH who="1" step="1"/><E30/><REACH who="1" ten="330,161,287,202" step="2"/><V100/><F100/><W97/><G106/><T91/><D10/><U133/><E133/><V31/><F31/><W62/><G134/><T109/><D109/><U36/><E36/><V44/><F44/><W113/><G135/><T57/><D47/><U61/><E61/><AGARI ba="1,2" hai="0,3,40,46,50,60,61,66,67,68,71,72,79,80" machi="61" ten="40,3900,0" yaku="1,1,9,1,53,0" doraHai="2" doraHaiUra="28" who="2" fromWho="1" sc="330,0,161,-42,287,62,202,0" /><INIT seed="2,2,0,5,3,71" ten="330,119,349,202" oya="2" hai0="7,36,127,101,56,50,100,86,129,49,11,82,66" hai1="12,83,115,75,90,34,60,89,106,48,40,109,13" hai2="96,114,8,110,52,72,126,43,28,0,132,2,128" hai3="51,57,25,130,77,134,124,21,24,78,44,31,95"/><V70/><F114/><W4/><G130/><T59/><D129/><U73/><E115/><V105/><F128/><W10/><G124/><T64/><D127/><U33/><E106/><V94/><F72/><W85/><G134/><T67/><D36/><U14/><E109/><V81/><F126/><W112/><G57/><T80/><D11/><U61/><E48/><V131/><F131/><W108/><G108/><T79/><D7/><U15/><E40/><V117/><F105/><W65/><G65/><T23/><D23/><U62/><N who="1" m="3072" /><DORA hai="9" /><U119/><E83/><V22/><F70/><W93/><G25/><T120/><D120/><U92/><E119/><V30/><F96/><W6/><G10/><T3/><D3/><U113/><E113/><V98/><F52/><N who="3" m="29799" /><G112/><T38/><D38/><U5/><E5/><N who="3" m="2154" /><G78/><T135/><D135/><U97/><REACH who="1" step="1"/><E90/><REACH who="1" ten="330,109,349,202" step="2"/><V16/><F110/><W121/><G121/><T42/><D49/><U1/><E1/><V107/><F43/><W63/><G63/><T118/><D42/><U69/><E69/><V19/><F0/><W76/><G76/><T68/><D50/><U54/><E54/><V18/><F2/><W37/><G37/><T41/><D41/><U116/><E116/><V45/><F81/><AGARI ba="2,1" hai="21,24,31,77,81,85,93,95" m="2154,29799" machi="81" ten="30,2000,0" yaku="8,1,54,1" doraHai="71,9" who="3" fromWho="2" sc="330,0,109,0,349,-26,202,36" /><INIT seed="3,0,0,4,5,105" ten="330,109,323,238" oya="3" hai0="123,80,2,9,88,118,112,117,39,47,56,135,61" hai1="69,110,6,11,99,92,87,45,36,107,85,86,104" hai2="10,14,18,116,12,70,64,40,131,23,97,57,31" hai3="100,128,90,89,75,54,133,27,34,68,79,48,28"/><W5/><G128/><T96/><D123/><U66/><E110/><V106/><F116/><W53/><G68/><T130/><D130/><U52/><E69/><V17/><F131/><W35/><G133/><T122/><D122/><U74/><E66/><V16/><F70/><W59/><G35/><T1/><D135/><U21/><E74/><V129/><F129/><W81/><G100/><T50/><D39/><U49/><E36/><V65/><F40/><W113/><G113/><T13/><D112/><U4/><E21/><V125/><F125/><W32/><G32/><T109/><D109/><U127/><E127/><V98/><F31/><W103/><G103/><T132/><D1/><U46/><E46/><V115/><F115/><W101/><G101/><T51/><D2/><U111/><E111/><V126/><F126/><W19/><G5/><T82/><D51/><U24/><E24/><N who="2" m="14439" /><F106/><W55/><G19/><T43/><D132/><U73/><E73/><V25/><F25/><W78/><G78/><T62/><D62/><U114/><E114/><V20/><F65/><W42/><REACH who="3" step="1"/><G59/><REACH who="3" ten="330,109,323,228" step="2"/><T30/><D118/><U124/><E124/><V38/><F38/><W71/><G71/><T67/><D117/><U60/><E4/><V108/><F108/><W94/><G94/><N who="0" m="56391" /><D30/><U119/><E119/><V121/><F121/><W76/><G76/><T22/><D22/><U134/><E134/><V120/><F120/><W63/><G63/><AGARI ba="0,1" hai="10,12,14,17,18,20,57,63,64,97,98" m="14439" machi="63" ten="30,2000,0" yaku="8,1,54,1" doraHai="105" who="2" fromWho="3" sc="330,0,109,0,323,30,228,-20" /><INIT seed="4,0,0,4,2,44" ten="330,109,353,208" oya="0" hai0="16,118,124,69,54,4,112,5,81,103,78,59,15" hai1="46,88,74,14,100,86,38,41,70,80,48,130,113" hai2="135,33,89,76,19,115,56,43,24,2,92,106,42" hai3="133,95,85,122,73,3,1,129,30,79,120,77,71"/><T13/><D118/><U126/><E70/><V72/><F2/><W101/><G71/><T8/><D69/><U132/><E74/><V116/><F106/><W39/><G39/><T63/><D112/><U11/><E113/><V68/><F68/><W55/><G30/><T25/><D124/><U9/><E126/><V53/><F115/><W121/><G129/><T60/><D25/><U18/><E130/><V58/><F58/><W7/><G7/><T123/><D123/><U90/><E132/><V134/><F76/><W96/><G133/><N who="2" m="50697" /><F72/><W127/><G127/><T21/><D103/><U35/><E35/><V26/><F19/><W102/><G102/><T51/><D4/><U31/><E31/><N who="2" m="19687" /><F26/><W12/><G12/><T45/><D59/><U32/><E32/><V107/><F107/><W0/><G73/><AGARI ba="0,0" hai="5,8,13,15,16,21,45,51,54,60,63,73,78,81" machi="73" ten="30,5800,0" yaku="7,1,52,1,54,1" doraHai="44" who="0" fromWho="3" sc="330,58,109,0,353,0,208,-58" /><INIT seed="4,1,0,5,0,117" ten="388,109,353,150" oya="0" hai0="132,10,63,119,110,106,129,95,44,98,127,83,7" hai1="113,18,128,43,11,75,97,32,89,49,55,58,35" hai2="123,17,34,93,111,15,38,92,23,118,88,94,22" hai3="20,76,115,36,87,2,133,96,116,37,12,9,109"/><T61/><D119/><U84/><E75/><V120/><F111/><W50/><G115/><T54/><D106/><U82/><E113/><V8/><F118/><W59/><G109/><T24/><D110/><U73/><E73/><V126/><F34/><W39/><G133/><T6/><D129/><U40/><E128/><V13/><F38/><W66/><G2/><T51/><D127/><U16/><E35/><V107/><F107/><W28/><G96/><T81/><D24/><U85/><E32/><V99/><F126/><W125/><G125/><T25/><D25/><U114/><E114/><V60/><F22/><W27/><G116/><T121/><D121/><U112/><E112/><V57/><F94/><W30/><G30/><T29/><D29/><U71/><E71/><V31/><F93/><W41/><G66/><T79/><D132/><U5/><E97/><V69/><F69/><W65/><G65/><T74/><D83/><U47/><E84/><V124/><F124/><W104/><G104/><T78/><D78/><U21/><E21/><V14/><F31/><W19/><G59/><T102/><D6/><U62/><REACH who="1" step="1"/><E40/><REACH who="1" ten="388,99,353,150" step="2"/><V130/><F130/><W67/><G87/><T80/><REACH who="0" step="1"/><D81/><REACH who="0" ten="378,99,353,150" step="2"/><U103/><E103/><V131/><F131/><W4/><G28/><T135/><D135/><U68/><E68/><V0/><F123/><W101/><G101/><T45/><D45/><U122/><E122/><V46/><F46/><N who="3" m="25935" /><G76/><T56/><D56/><U134/><E134/><V3/><F120/><W90/><G90/><T86/><D86/><U72/><E72/><V64/><F88/><RYUUKYOKU ba="1,2" sc="378,10,99,10,353,-30,150,10" hai0="7,10,44,51,54,61,63,74,79,80,95,98,102" hai1="5,11,16,18,43,47,49,55,58,62,82,85,89" hai3="4,9,12,19,20,27,36,37,39,67" /><INIT seed="4,2,2,1,4,16" ten="388,109,323,160" oya="0" hai0="80,51,50,74,30,98,134,91,3,104,7,32,55" hai1="41,57,42,132,111,17,29,125,52,10,48,24,122" hai2="45,89,0,60,18,84,56,8,103,78,107,46,61" hai3="37,11,19,116,31,54,114,36,85,101,6,34,88"/><T47/><D134/><U94/><E122/><V69/><F78/><W26/><G114/><T12/><D3/><U5/><E111/><V27/><F107/><W93/><G116/><T71/><D71/><U117/><E117/><V9/><F103/><W123/><G123/><T1/><D1/><U40/><E132/><V124/><F124/><W65/><G65/><T33/><D30/><U35/><E125/><V106/><F106/><W100/><G19/><T121/><D121/><U87/><E17/><V135/><F69/><W63/><G101/><T105/><D105/><U2/><E94/><V79/><F79/><W109/><G100/><T68/><D68/><U113/><REACH who="1" step="1"/><E87/><REACH who="1" ten="388,99,323,160" step="2"/><V44/><F135/><W67/><G109/><T126/><D104/><U90/><E90/><V92/><F18/><W66/><G36/><T110/><D110/><U38/><E38/><V13/><F84/><W97/><G37/><T39/><D39/><U99/><E99/><V130/><F89/><W20/><G97/><T15/><D126/><U131/><E131/><V23/><F92/><W72/><G72/><T95/><D74/><U62/><E62/><V53/><F61/><W81/><G93/><T120/><D120/><U112/><AGARI ba="2,3" hai="2,5,10,24,29,35,40,41,42,48,52,57,112,113" machi="112" ten="40,5200,0" yaku="1,1,0,1,54,1,53,0" doraHai="16" doraHaiUra="73" who="1" fromWho="1" sc="388,-28,99,88,323,-15,160,-15" /><INIT seed="5,0,0,1,1,81" ten="360,187,308,145" oya="1" hai0="121,6,71,42,45,16,123,58,100,132,76,124,12" hai1="22,43,50,109,97,104,119,112,46,26,7,5,3" hai2="118,122,92,67,74,14,127,21,33,62,85,0,25" hai3="41,51,77,28,117,9,130,15,79,96,61,120,89"/><U52/><E119/><V73/><F122/><N who="0" m="46602" /><D71/><U115/><E109/><V102/><F118/><W82/><G120/><T99/><D132/><U84/><E43/><V47/><F0/><W11/><G130/><T44/><D124/><U111/><E111/><V125/><F14/><W49/><G28/><T18/><D76/><U36/><E36/><V39/><F33/><W59/><G117/><T107/><D58/><U13/><E3/><V72/><F47/><N who="0" m="17994" /><D42/><U27/><E115/><V70/><F39/><W38/><G38/><T2/><D2/><U126/><E112/><V98/><REACH who="2" step="1"/><F85/><REACH who="2" ten="360,187,298,145" step="2"/><N who="3" m="50359" /><G41/><T1/><D1/><U4/><E84/><V103/><F103/><W108/><G108/><T131/><D131/><U105/><E126/><V68/><F68/><W32/><G32/><T19/><D6/><U101/><E105/><V10/><F10/><AGARI ba="0,1" hai="10,12,16,18,19,99,100,107" m="17994,46602" machi="10" ten="30,2000,0" yaku="13,1,54,1" doraHai="81" who="0" fromWho="2" sc="360,30,187,0,298,-20,145,0" /><INIT seed="6,0,0,2,5,80" ten="390,187,278,145" oya="2" hai0="47,94,51,65,97,46,92,45,13,3,49,7,99" hai1="42,105,26,16,43,135,127,31,82,88,34,20,120" hai2="112,54,57,64,38,122,129,121,75,91,12,118,102" hai3="33,134,103,53,84,130,21,58,36,67,48,50,69"/><V131/><F75/><W27/><G33/><T83/><D3/><U125/><E105/><V23/><F102/><W81/><G130/><N who="2" m="49673" /><F38/><W59/><G134/><T104/><D104/><U18/><E135/><V55/><F91/><W132/><G132/><T90/><D65/><U62/><E120/><N who="2" m="46187" /><F23/><W40/><G103/><N who="0" m="60839" /><D83/><U86/><E62/><N who="2" m="37967" /><F12/><W87/><G36/><T93/><D93/><U9/><E9/><AGARI ba="0,0" hai="7,9,13,45,46,47,49,51,90,94,99" m="60839" machi="9" ten="30,1000,0" yaku="8,1" doraHai="80" who="0" fromWho="1" sc="390,10,187,-10,278,0,145,0" /><INIT seed="7,0,0,5,0,57" ten="400,177,278,145" oya="3" hai0="40,67,83,74,44,128,68,19,59,99,11,63,121" hai1="0,2,56,110,24,51,21,28,134,4,98,58,96" hai2="135,104,90,50,126,112,111,102,45,122,38,92,91" hai3="41,77,61,5,43,127,6,52,20,70,29,80,79"/><W86/><G127/><T107/><D121/><U82/><E110/><V115/><F111/><W71/><G71/><T25/><D128/><U35/><E134/><V130/><F38/><W103/><G103/><T55/><D74/><U116/><E116/><V129/><F50/><W31/><G70/><T113/><D83/><U14/><E82/><V95/><F45/><W81/><G20/><T23/><D113/><U118/><E118/><V64/><F64/><W65/><G65/><T18/><D107/><U39/><E39/><V33/><F33/><W123/><G123/><T106/><D106/><U17/><E0/><V53/><F53/><W114/><G114/><N who="2" m="43561" /><F122/><W26/><G26/><T12/><D99/><N who="1" m="37931" /><E51/><V120/><F120/><W13/><G13/><T46/><D40/><N who="3" m="15433" /><G81/><T8/><D8/><AGARI ba="0,0" hai="2,4,8,14,17,21,24,28,35,56,58" m="37931" machi="8" ten="30,1000,0" yaku="24,1" doraHai="57" who="1" fromWho="0" sc="400,-10,177,10,278,0,145,0" owari="390,49.0,187,-21.3,278,7.8,145,-35.5" /></mjloggm>