<mjloggm ver="2.3"><GO type="169" lobby="0"/><UN n0="%E3%82%88%E3%81%B4" n1="%42%65%6E%63%68%69%6E%67" n2="%E5%A7%AB%E7%95%99" n3="%E6%81%8B%E3%81%AE%E3%81%86%E3%81%9F" dan="17,16,16,17" rate="2153.31,2072.45,2124.52,2219.74" sx="M,M,M,M"/><TAIKYOKU oya="0"/><INIT seed="0,0,0,5,3,111" ten="250,250,250,250" oya="0" hai0="48,37,119,85,20,39,84,110,78,67,58,96,8" hai1="121,92,33,62,13,114,59,31,35,88,17,29,19" hai2="129,7,51,18,102,4,60,1,66,71,86,91,21" hai3="77,53,34,12,56,16,118,72,81,28,128,107,42"/><T99/><D119/><U95/><E121/><V65/><F129/><W70/><G70/><T94/><D110/><U93/><E114/><V25/><F1/><W43/><G107/><T47/><D39/><U76/><E76/><V108/><F108/><W87/><G128/><T14/><D37/><U115/><E115/><V97/><F65/><W23/><G118/><T112/><D20/><U46/><E46/><V126/><F126/><W3/><G3/><T105/><D105/><U133/><E133/><V36/><F36/><W79/><G34/><T68/><D68/><U0/><E0/><V123/><F123/><W103/><G103/><T117/><D112/><U124/><E124/><V104/><REACH who="2" step="1"/><F51/><REACH who="2" ten="250,250,240,250" step="2"/><W80/><REACH who="3" step="1"/><G28/><REACH who="3" ten="250,250,240,240" step="2"/><T41/><D117/><U98/><E29/><V63/><F63/><AGARI ba="0,2" hai="12,16,23,42,43,53,56,63,72,77,79,80,81,87" machi="63" ten="30,7700,0" yaku="1,1,2,1,7,1,54,1,53,0" doraHai="111" doraHaiUra="120" who="3" fromWho="2" sc="250,0,250,0,240,-77,240,97" /><INIT seed="1,0,0,4,2,71" ten="250,250,163,337" oya="1" hai0="31,48,131,79,7,30,119,106,72,18,25,15,76" hai1="13,14,74,21,65,41,38,49,90,94,83,42,129" hai2="84,91,2,98,130,28,43,32,133,37,19,104,55" hai3="60,86,39,93,27,61,100,95,125,4,132,110,78"/><U26/><E129/><V92/><F2/><W12/><G110/><T8/><D106/><U66/><E74/><V113/><F130/><W63/><G132/><T118/><D76/><U58/><E83/><V45/><F133/><W20/><G125/><T73/><D73/><U128/><E38/><V75/><F75/><W126/><G126/><T123/><D79/><U3/><E3/><V117/><F117/><W111/><G111/><T88/><D72/><U124/><E124/><V17/><F113/><W96/><G39/><T59/><D123/><U127/><E128/><V62/><F28/><W34/><G34/><T35/><D31/><U11/><E127/><V87/><F32/><W101/><G12/><N who="1" m="4714" /><E11/><V135/><F135/><W114/><G4/><T33/><D33/><U47/><E58/><V70/><F55/><W16/><G114/><T44/><D59/><U22/><E42/><V134/><F134/><W23/><G23/><N who="1" m="8714" /><E26/><V122/><F122/><W99/><G78/><T68/><D68/><U105/><E105/><V9/><F9/><W69/><G69/><T6/><D131/><U57/><E57/><V85/><REACH who="2" step="1"/><F104/><REACH who="2" ten="250,250,153,337" step="2"/><W81/><G27/><T54/><D118/><U115/><E115/><V56/><F56/><W82/><G60/><T97/><D119/><U1/><E1/><V77/><F77/><W109/><G61/><T108/><D108/><U121/><E121/><V116/><F116/><W53/><G109/><T103/><D7/><U67/><E65/><AGARI ba="0,1" hai="17,19,37,43,45,62,65,70,84,85,87,91,92,98" machi="65" ten="40,5200,0" yaku="1,1,52,1,53,1" doraHai="71" doraHaiUra="89" who="2" fromWho="1" sc="250,0,250,-52,153,62,337,0" /><INIT seed="2,0,0,0,2,95" ten="250,198,215,337" oya="2" hai0="82,92,107,120,72,18,134,126,113,77,54,135,33" hai1="56,115,22,30,38,122,91,130,46,84,60,68,19" hai2="124,36,12,131,15,35,119,57,7,96,67,127,123" hai3="31,25,32,74,100,80,79,10,81,75,44,48,73"/><V108/><F119/><W42/><G80/><T103/><D33/><U97/><E115/><V117/><F117/><W59/><G100/><T83/><D113/><U51/><E130/><V86/><F123/><W90/><G90/><T65/><D65/><U125/><E125/><N who="2" m="48203" /><F36/><W99/><G59/><T47/><D120/><U87/><E68/><V78/><F35/><W9/><REACH who="3" step="1"/><G99/><REACH who="3" ten="250,198,215,327" step="2"/><N who="0" m="61951" /><D83/><U109/><E122/><V16/><F131/><W76/><G76/><T6/><D82/><U34/><E97/><V106/><F78/><W64/><G64/><T3/><D77/><U28/><E91/><V11/><F108/><W88/><G88/><T112/><D126/><U50/><E84/><AGARI ba="0,1" hai="9,10,25,31,32,42,44,48,73,74,75,79,81,84" machi="84" ten="40,1300,0" yaku="1,1,53,0" doraHai="95" doraHaiUra="85" who="3" fromWho="1" sc="250,0,198,-13,215,0,327,23" /><INIT seed="3,0,0,3,2,84" ten="250,185,215,350" oya="3" hai0="62,21,86,42,61,108,126,131,99,7,65,5,135" hai1="127,23,133,60,80,17,92,106,8,120,12,2,27" hai2="41,116,95,93,44,67,54,130,83,32,98,51,112" hai3="123,35,55,34,28,94,57,73,77,11,46,100,85"/><W87/><G123/><T56/><D108/><U91/><E120/><V19/><F112/><W24/><G35/><T71/><D126/><U25/><E133/><V0/><F116/><W74/><G46/><T82/><D131/><U69/><E127/><V14/><F0/><W18/><G85/><T115/><D42/><U30/><E106/><V125/><F125/><W66/><G66/><T111/><D111/><U29/><E80/><V58/><F130/><W20/><G11/><T26/><D135/><U101/><E101/><V37/><F32/><W15/><G77/><T119/><D119/><U75/><E75/><V113/><F113/><W3/><G3/><T90/><D115/><U38/><E38/><V52/><F67/><W89/><REACH who="3" step="1"/><G100/><REACH who="3" ten="250,185,215,340" step="2"/><T4/><D65/><U9/><E2/><V128/><F128/><W81/><G81/><T48/><D86/><U114/><E114/><V10/><F83/><W64/><G64/><T102/><D82/><U50/><E8/><V13/><F98/><W109/><G109/><T96/><D102/><U110/><E110/><V39/><F39/><W88/><G88/><T22/><D90/><U68/><E68/><V36/><F37/><W6/><G6/><T43/><D96/><U97/><E69/><V40/><F36/><W31/><G31/><T124/><D99/><U59/><E30/><V105/><F44/><W63/><AGARI ba="0,1" hai="15,18,20,24,28,34,55,57,63,73,74,87,89,94" machi="63" ten="20,7800,0" yaku="1,1,0,1,7,1,52,1,53,0" doraHai="84" doraHaiUra="47" who="3" fromWho="3" sc="250,-26,185,-26,215,-26,340,88" /><INIT seed="3,1,0,0,4,14" ten="224,159,189,428" oya="3" hai0="28,43,125,42,68,121,32,102,86,15,31,38,19" hai1="99,106,8,3,120,88,98,58,74,41,35,36,94" hai2="130,20,60,33,76,122,13,110,101,34,12,84,44" hai3="2,83,93,64,62,16,56,82,29,57,116,48,46"/><W95/><G2/><T51/><D68/><U127/><E120/><V18/><F122/><W85/><G116/><T27/><D31/><U96/><E127/><V128/><F110/><W100/><G29/><T87/><D38/><U71/><E71/><V61/><F101/><W10/><G56/><T81/><D125/><U7/><E35/><N who="2" m="13323" /><F44/><W37/><G37/><T97/><D51/><U24/><E24/><V77/><F13/><N who="3" m="7223" /><G100/><T126/><D126/><U108/><E108/><V23/><F23/><W70/><G70/><T63/><D63/><N who="2" m="24138" /><F84/><W72/><G72/><T66/><D86/><U103/><E58/><V1/><F1/><W21/><G21/><T112/><D112/><U25/><E25/><V107/><F107/><W49/><G49/><T92/><D121/><U104/><E74/><V133/><F133/><W52/><G83/><T78/><REACH who="0" step="1"/><D66/><REACH who="0" ten="214,159,189,428" step="2"/><U89/><E36/><V55/><F55/><W30/><G30/><T39/><D39/><U54/><E54/><V53/><F53/><W59/><G59/><T129/><D129/><AGARI ba="1,1" hai="12,18,20,76,77,128,129,130" m="24138,13323" machi="129" ten="30,2000,0" yaku="19,1,52,1" doraHai="14" who="2" fromWho="0" sc="214,-23,159,0,189,33,428,0" /><INIT seed="4,0,0,3,4,132" ten="191,159,222,428" oya="0" hai0="46,120,72,68,37,7,29,12,19,116,96,1,79" hai1="32,28,88,107,63,9,71,134,84,124,4,2,64" hai2="130,20,93,119,89,126,56,82,21,98,38,30,49" hai3="10,92,40,5,43,31,76,128,22,109,74,41,26"/><T66/><D29/><U103/><E134/><V60/><F38/><W67/><G109/><T118/><D120/><U94/><E124/><V69/><F69/><W83/><G128/><T16/><D96/><U100/><REACH who="1" step="1"/><E107/><REACH who="1" ten="191,149,222,428" step="2"/><V91/><F126/><W70/><G70/><T62/><D116/><U104/><E104/><V65/><F119/><W129/><G129/><T59/><D118/><U117/><E117/><V3/><F130/><W15/><G67/><T17/><D68/><U115/><E115/><V14/><F65/><W102/><G102/><T73/><D1/><U57/><E57/><V110/><F56/><W42/><N who="3" m="10240" /><DORA hai="61" /><W44/><G44/><T33/><D46/><U131/><E131/><V55/><F110/><W133/><G133/><T54/><D37/><U114/><E114/><V11/><F3/><W122/><G122/><T0/><D0/><U52/><E52/><V111/><F55/><W34/><REACH who="3" step="1"/><G92/><REACH who="3" ten="191,149,222,418" step="2"/><T75/><D66/><U51/><E51/><V53/><F49/><W6/><G6/><T123/><D123/><U99/><E99/><V23/><F93/><W27/><G27/><AGARI ba="0,2" hai="2,4,9,27,28,32,63,64,71,84,88,94,100,103" machi="27" ten="40,8000,1" yaku="1,1,52,1,54,1,53,2" doraHai="132,61" doraHaiUra="97,113" who="1" fromWho="3" sc="191,0,149,100,222,0,418,-80" /><INIT seed="5,0,0,2,0,128" ten="191,249,222,338" oya="1" hai0="127,24,118,37,10,42,55,117,33,116,8,56,124" hai1="57,104,132,58,123,79,77,110,81,112,63,135,23" hai2="62,43,44,64,61,133,25,80,48,66,73,103,53" hai3="68,52,29,51,2,0,96,121,13,119,134,16,14"/><U88/><E123/><V91/><F103/><W90/><G68/><T75/><D75/><U1/><E112/><V34/><F34/><W74/><G74/><T26/><D42/><U31/><E110/><V120/><F25/><N who="0" m="9834" /><D37/><U130/><E104/><V35/><F35/><W15/><G29/><T59/><D55/><U84/><E31/><V83/><F73/><W86/><G2/><T99/><D99/><U5/><E130/><V20/><F20/><W126/><G0/><T19/><D19/><U95/><E23/><V114/><F120/><W38/><G38/><T41/><D41/><U46/><E46/><N who="2" m="27799" /><F91/><W97/><G90/><T39/><D39/><U69/><E69/><N who="2" m="42127" /><F83/><W72/><G72/><T6/><D6/><U125/><E125/><N who="0" m="48201" /><D33/><U105/><E105/><V131/><F80/><W9/><G126/><T30/><D30/><U3/><E79/><V70/><F131/><W28/><G28/><T108/><D108/><U129/><E129/><V82/><F82/><W106/><G121/><T89/><D89/><U115/><E115/><V85/><F114/><W27/><G106/><T47/><D47/><U12/><E12/><V7/><F7/><W54/><G13/><T11/><AGARI ba="0,0" hai="8,10,11,56,59,116,117,118" m="48201,9834" machi="11" ten="40,5200,0" yaku="28,2,18,1" doraHai="128" who="0" fromWho="0" sc="191,52,249,-26,222,-13,338,-13" /><INIT seed="6,0,0,1,4,3" ten="243,223,209,325" oya="2" hai0="47,120,73,61,69,125,49,32,36,101,65,63,94" hai1="57,2,22,110,30,19,54,11,78,128,56,13,26" hai2="83,1,123,52,34,24,86,104,81,131,84,15,43" hai3="124,10,59,130,117,79,45,93,96,66,109,18,103"/><V92/><F123/><W115/><G109/><T39/><D32/><U122/><E128/><V114/><F104/><W4/><G117/><T44/><D73/><U88/><E110/><V99/><F1/><W20/><G124/><T76/><D76/><U91/><E122/><V132/><F131/><W50/><G115/><T82/><D82/><U105/><E105/><V7/><F114/><W21/><G79/><T112/><D101/><U89/><E78/><V75/><F75/><W71/><G71/><T121/><D94/><U118/><E118/><V60/><F43/><W46/><G20/><T106/><D106/><U8/><E2/><V108/><F108/><W17/><G21/><T77/><D77/><U51/><REACH who="1" step="1"/><E56/><REACH who="1" ten="243,213,209,325" step="2"/><N who="2" m="34823" /><F132/><W41/><G130/><T129/><D129/><U67/><E67/><V133/><F133/><W64/><G64/><T100/><D65/><U116/><E116/><V33/><F33/><AGARI ba="0,1" hai="8,11,13,19,22,26,30,33,51,54,57,88,89,91" machi="33" ten="40,5200,0" yaku="1,1,54,1,53,1" doraHai="3" doraHaiUra="31" who="1" fromWho="2" sc="243,0,213,62,209,-52,325,0" /><INIT seed="7,0,0,4,3,102" ten="243,275,157,325" oya="3" hai0="19,95,129,132,68,52,23,42,61,85,112,29,59" hai1="43,98,131,103,73,27,4,18,64,104,105,34,134" hai2="127,107,124,99,9,58,60,130,81,96,56,16,97" hai3="46,62,78,109,48,94,8,35,118,70,41,57,82"/><W125/><G118/><T75/><D75/><U6/><E73/><V12/><F130/><W77/><G70/><T65/><D42/><U89/><E131/><V84/><F60/><W13/><G35/><T10/><D132/><U11/><E134/><V67/><F67/><W101/><G125/><N who="2" m="48201" /><F58/><W0/><G0/><T133/><D29/><U5/><E43/><V53/><F53/><W71/><G71/><T44/><D10/><U51/><E51/><V7/><F7/><W110/><G94/><T21/><D21/><U66/><E89/><N who="2" m="51343" /><F56/><W2/><G57/><T86/><D44/><U63/><E104/><AGARI ba="0,0" hai="9,12,16,96,97,99,104,107" m="51343,48201" machi="104" ten="30,7700,0" yaku="18,1,52,2,54,1" doraHai="102" who="2" fromWho="1" sc="243,0,275,-77,157,77,325,0" owari="243,4.3,198,-30.2,234,-16.6,325,42.5" /></mjloggm>