<mjloggm ver="2.3"><GO type="169" lobby="0"/><UN n0="%E3%81%82%E3%81%BE%E3%81%82%E3%82%93" n1="%E3%82%A4%E3%82%AB%E3%81%AB%E3%82%82%E6%9D%B1%E5%8C%97" n2="%48%57%49%4E%47" n3="%E3%82%80%E3%83%BC%E3%82%93%E3%81%82%E3%81%84%E3%81%9A" dan="16,16,17,16" rate="2079.65,2136.96,2150.46,2131.18" sx="M,M,M,M"/><TAIKYOKU oya="0"/><INIT seed="0,0,0,1,2,32" ten="250,250,250,250" oya="0" hai0="96,15,75,57,82,26,9,35,45,10,6,13,50" hai1="105,109,90,68,33,43,37,126,61,104,34,30,80" hai2="3,29,17,98,18,73,40,55,114,88,62,23,132" hai3="115,87,130,110,24,89,38,11,41,107,112,116,49"/><T70/><D70/><U108/><E37/><V79/><F114/><W19/><G107/><N who="1" m="41034" /><E43/><V8/><F40/><W1/><G116/><T91/><D57/><U7/><E7/><V20/><F132/><W59/><G110/><N who="1" m="42602" /><E30/><V56/><F79/><W63/><G38/><T125/><D125/><U2/><E2/><V117/><F73/><W12/><G130/><T64/><D64/><N who="1" m="40975" /><E126/><V134/><F117/><W121/><G121/><T100/><D35/><U65/><E65/><V46/><F134/><W83/><G1/><T118/><D118/><U27/><E27/><N who="2" m="16615" /><F46/><W69/><G24/><T67/><D26/><U99/><E99/><V106/><F106/><W21/><G69/><T31/><D67/><U103/><E103/><V0/><F18/><W53/><G11/><T42/><D31/><U14/><E14/><N who="2" m="9655" /><F8/><W101/><G101/><T47/><D47/><U77/><E90/><V76/><F76/><W86/><G41/><T36/><D91/><U113/><E113/><V129/><F129/><W135/><G135/><T16/><D36/><U60/><E60/><V122/><F122/><W5/><G63/><T124/><D124/><U78/><E78/><V58/><F58/><W66/><G66/><T102/><D96/><U28/><E28/><V81/><F98/><W52/><G5/><T22/><D102/><U44/><E44/><V71/><F71/><W93/><G53/><T133/><D100/><U111/><N who="1" m="42610" /><U51/><DORA hai="48" /><E51/><V72/><F88/><AGARI ba="0,0" hai="12,19,21,49,52,59,83,86,87,88,89,93,112,115" machi="88" ten="30,12000,2" yaku="7,1,25,2,52,1,54,2" doraHai="32,48" who="3" fromWho="2" sc="250,0,250,0,250,-120,250,120" /><INIT seed="1,0,0,2,4,90" ten="250,250,130,370" oya="1" hai0="113,77,92,107,103,128,39,0,35,42,73,101,89" hai1="88,18,31,61,106,27,95,34,50,32,1,116,115" hai2="16,33,5,21,87,121,94,132,24,23,96,71,110" hai3="66,11,28,6,59,64,97,4,65,58,2,122,131"/><U125/><E115/><V17/><F121/><W53/><G122/><T54/><D35/><U111/><E116/><V127/><F71/><W45/><G131/><T133/><D0/><U78/><E106/><V72/><F127/><W76/><G28/><T81/><D113/><U38/><E38/><V36/><F36/><W26/><G26/><T114/><D114/><U119/><E119/><V123/><F123/><W22/><G22/><T75/><D128/><U99/><E1/><V104/><F72/><W134/><G134/><T70/><D70/><U9/><E125/><V82/><F104/><W84/><G45/><T8/><D8/><U15/><E111/><V102/><F110/><W83/><G6/><T130/><D130/><U30/><E78/><V74/><F74/><W19/><G19/><T69/><D69/><U80/><E80/><V112/><F132/><W108/><G108/><T129/><D129/><U124/><E124/><V100/><F112/><W109/><G109/><T51/><D75/><U85/><E50/><V43/><F33/><W56/><REACH who="3" step="1"/><G97/><REACH who="3" ten="250,250,130,360" step="2"/><T3/><D133/><U120/><E120/><V105/><F5/><W79/><G79/><T47/><D77/><U13/><E31/><N who="2" m="17807" /><F23/><W10/><G10/><T49/><D47/><U37/><E34/><V91/><F105/><W29/><G29/><T25/><D107/><U48/><E32/><V40/><F102/><W41/><G41/><AGARI ba="0,1" hai="16,17,40,41,43,82,87,91,94,96,100" m="17807" machi="41" ten="30,3900,0" yaku="8,1,52,1,54,1" doraHai="90" who="2" fromWho="3" sc="250,0,250,0,130,49,360,-39" /><INIT seed="2,0,0,2,1,4" ten="250,250,179,321" oya="2" hai0="37,56,55,98,10,125,104,74,94,124,129,82,84" hai1="28,34,6,9,116,96,105,100,64,60,123,121,109" hai2="42,26,21,50,61,53,72,43,108,115,16,107,25" hai3="54,110,102,20,32,19,8,66,63,35,87,30,7"/><V12/><F115/><W83/><G110/><T92/><D37/><U23/><E116/><V51/><F107/><W117/><G117/><T128/><D56/><U73/><E73/><V47/><F72/><W81/><G30/><T27/><D27/><U114/><E114/><V111/><F61/><W22/><G102/><N who="0" m="62551" /><D55/><U126/><E126/><N who="0" m="48745" /><D10/><U90/><E90/><V119/><F119/><W93/><G54/><T17/><D17/><U18/><E109/><N who="2" m="42059" /><F42/><W65/><G93/><N who="0" m="35947" /><D74/><U88/><E34/><V59/><AGARI ba="0,0" hai="12,16,21,25,26,43,47,50,51,53,59" m="42059" machi="59" ten="30,6000,0" yaku="14,1,10,1,54,1" doraHai="4" who="2" fromWho="2" sc="250,-20,250,-20,179,60,321,-20" /><INIT seed="2,1,0,1,1,89" ten="230,230,239,301" oya="2" hai0="1,2,111,20,11,15,132,126,14,100,17,38,112" hai1="124,58,87,122,93,33,32,12,101,8,56,22,86" hai2="64,57,4,0,70,118,66,3,125,121,35,81,119" hai3="67,129,10,51,27,73,99,21,128,48,78,61,80"/><V115/><F115/><W40/><G10/><T6/><D38/><U82/><E124/><V117/><F121/><W49/><G40/><T91/><D100/><U39/><E39/><V74/><F125/><W103/><G27/><T134/><D91/><U36/><E36/><V85/><F74/><W53/><G21/><T41/><D41/><U106/><E106/><V28/><F70/><W43/><G43/><T34/><D126/><U18/><E122/><V50/><F28/><W97/><G53/><T42/><D42/><U107/><E107/><V77/><F35/><W13/><G13/><T127/><D127/><U113/><E113/><V79/><F79/><W102/><G102/><T60/><D60/><U114/><E114/><V31/><F31/><W44/><G44/><T98/><D98/><U109/><E109/><V5/><F5/><W24/><G24/><T96/><D96/><N who="1" m="59535" /><E32/><V108/><F108/><W130/><REACH who="3" step="1"/><G103/><REACH who="3" ten="230,230,239,291" step="2"/><T9/><D112/><U45/><E45/><V135/><F135/><N who="0" m="51754" /><D111/><U90/><E33/><V84/><F0/><N who="0" m="106" /><D34/><U92/><E8/><AGARI ba="1,1" hai="6,8,9,11,14,15,17,20" m="106,51754" machi="8" ten="30,3900,0" yaku="20,1,34,2" doraHai="89" who="0" fromWho="1" sc="230,52,230,-42,239,0,291,0" /><INIT seed="3,0,0,4,1,99" ten="282,188,239,291" oya="3" hai0="102,0,32,126,41,27,127,86,50,44,54,55,92" hai1="95,100,20,83,105,45,18,58,101,34,124,43,1" hai2="82,78,125,61,14,25,29,12,93,131,112,11,135" hai3="56,47,118,107,63,67,121,38,15,106,64,70,115"/><W108/><G115/><T13/><D0/><U74/><E34/><V16/><F112/><W8/><G118/><T117/><D117/><U90/><E1/><V53/><F125/><N who="0" m="47626" /><D13/><U89/><E124/><V128/><F135/><W28/><G121/><T80/><D27/><U59/><E105/><V81/><F14/><W51/><G38/><T111/><D32/><U2/><E2/><V133/><F93/><W57/><G28/><T9/><D9/><U49/><E74/><V60/><F133/><W6/><G108/><T68/><D68/><U22/><E22/><V123/><F123/><W33/><G33/><T36/><D111/><U35/><E35/><N who="2" m="20911" /><F82/><W76/><G76/><N who="0" m="46343" /><D36/><U132/><E132/><V122/><F122/><W91/><G91/><N who="1" m="34826" /><E95/><V134/><F53/><W77/><G77/><T40/><D55/><U98/><E98/><AGARI ba="0,0" hai="40,41,44,50,54,92,98,102" m="46343,47626" machi="98" ten="30,2000,0" yaku="18,1,52,1" doraHai="99" who="0" fromWho="1" sc="282,20,188,-20,239,0,291,0" /><INIT seed="4,0,0,4,0,7" ten="302,168,239,291" oya="0" hai0="46,49,13,83,45,82,25,85,86,74,104,15,20" hai1="126,36,129,18,37,93,113,50,12,135,29,31,27" hai2="76,23,53,19,134,48,121,109,91,60,64,90,14" hai3="61,70,78,66,88,114,72,11,122,125,0,118,1"/><T62/><D104/><U116/><E116/><V69/><F109/><W8/><G118/><T43/><D74/><U107/><E107/><V3/><F121/><W56/><G114/><T128/><D128/><U84/><E129/><V22/><F76/><W6/><G125/><T131/><D62/><U110/><E110/><V108/><F108/><W133/><G122/><T5/><D131/><U117/><E117/><V47/><F134/><W63/><G133/><T80/><D46/><U17/><E135/><V51/><F3/><W54/><G88/><T101/><D101/><U89/><E113/><V127/><F127/><W10/><REACH who="3" step="1"/><G6/><REACH who="3" ten="302,168,239,281" step="2"/><T95/><D5/><U124/><E126/><V30/><F90/><W79/><G79/><T57/><D83/><AGARI ba="0,1" hai="0,1,8,10,11,54,56,61,63,66,70,72,78,83" machi="83" ten="40,8000,1" yaku="1,1,52,3,53,0" doraHai="7" doraHaiUra="99" who="3" fromWho="0" sc="302,-80,168,0,239,0,281,90" /><INIT seed="5,0,0,5,1,101" ten="222,168,239,371" oya="1" hai0="59,131,103,21,133,108,82,105,89,114,126,83,110" hai1="62,90,32,60,87,79,96,77,132,11,53,63,0" hai2="3,33,26,14,106,75,73,48,56,84,5,27,81" hai3="19,49,76,129,43,78,130,31,13,72,12,64,127"/><U125/><E32/><V120/><F120/><W74/><G31/><T52/><D114/><U23/><E132/><V65/><F106/><W109/><G109/><T86/><D133/><U39/><E39/><V25/><F3/><W66/><G127/><T91/><D126/><U70/><E125/><V24/><F5/><W46/><G76/><T35/><D35/><U4/><E70/><V1/><F1/><W104/><G104/><T55/><D131/><N who="3" m="50185" /><G12/><T41/><D41/><U34/><E34/><V17/><F33/><W118/><G118/><T61/><D21/><U95/><E53/><V100/><F100/><W47/><G47/><T111/><D55/><U134/><E134/><V119/><F119/><W102/><G102/><T58/><D59/><U94/><REACH who="1" step="1"/><E23/><REACH who="1" ten="222,158,239,371" step="2"/><V115/><F115/><W38/><G38/><T16/><D110/><U54/><E54/><V117/><F117/><W22/><G66/><T107/><D111/><U68/><E68/><V9/><F65/><W29/><G64/><T50/><D108/><U8/><E8/><V18/><F9/><W121/><G22/><T20/><D50/><U128/><E128/><V28/><F48/><W88/><G49/><T57/><D57/><U122/><E122/><V69/><F56/><W37/><G121/><T40/><D40/><U30/><E30/><V44/><F69/><W135/><G29/><T51/><D51/><U99/><E99/><V45/><F28/><W123/><G135/><T15/><D103/><AGARI ba="0,1" hai="0,4,11,60,62,63,77,79,87,90,94,95,96,103" machi="103" ten="40,3900,0" yaku="1,1,53,1" doraHai="101" doraHaiUra="92" who="1" fromWho="0" sc="222,-39,158,49,239,0,371,0" /><INIT seed="5,1,0,4,4,95" ten="183,207,239,371" oya="1" hai0="17,29,62,25,31,130,75,129,57,69,10,20,98" hai1="120,26,91,116,100,23,28,16,80,73,107,114,113" hai2="74,84,33,125,41,99,3,14,56,27,112,133,118" hai3="34,5,78,122,18,127,93,67,21,109,126,46,101"/><U42/><E116/><V13/><F118/><W47/><G109/><T22/><D75/><U61/><E120/><V52/><F74/><W132/><G34/><T134/><D69/><U32/><E42/><V76/><F3/><W66/><G122/><T72/><D72/><U54/><E54/><V87/><F125/><W111/><G5/><T92/><D10/><U70/><E61/><V90/><F133/><W103/><G111/><T86/><D86/><U96/><E70/><V121/><F41/><W50/><G78/><T38/><D38/><U30/><E91/><V45/><F45/><W131/><G47/><T24/><D17/><U82/><E30/><V77/><F121/><W94/><G132/><T79/><D79/><N who="2" m="30282" /><F33/><W15/><G131/><T19/><D19/><U64/><E64/><N who="3" m="24618" /><G126/><T63/><D134/><U97/><E97/><V55/><F27/><W105/><G105/><T12/><D12/><N who="2" m="4714" /><F112/><N who="1" m="43113" /><E73/><V1/><F1/><W88/><G127/><T128/><REACH who="0" step="1"/><D57/><REACH who="0" ten="173,207,239,371" step="2"/><U7/><E7/><V6/><F6/><W43/><G15/><AGARI ba="1,1" hai="15,16,23,26,28,32,80,82,96,100,107" m="43113" machi="15" ten="30,5800,0" yaku="15,1,52,1,54,1" doraHai="95" who="1" fromWho="3" sc="173,0,207,71,239,0,371,-61" /><INIT seed="5,2,0,5,2,28" ten="173,278,239,310" oya="1" hai0="11,18,134,65,96,114,69,90,78,29,57,112,22" hai1="17,93,85,106,46,76,79,40,1,12,26,75,103" hai2="101,115,125,70,23,68,14,92,66,38,48,30,13" hai3="117,124,0,74,98,64,58,97,111,33,5,37,84"/><U116/><E116/><V31/><F38/><W49/><G37/><T36/><D36/><U60/><E1/><V10/><F125/><W61/><G74/><T45/><D69/><U77/><E106/><V35/><F35/><W119/><G111/><T53/><D78/><U9/><E75/><V86/><F115/><W39/><G39/><T25/><D134/><U55/><E26/><V130/><F130/><W81/><G124/><T42/><D65/><U73/><E73/><V63/><F70/><W82/><G33/><T94/><D11/><U67/><E55/><V52/><F23/><W107/><G49/><T123/><D123/><U71/><E103/><V128/><F128/><W129/><G129/><T19/><D114/><U51/><REACH who="1" step="1"/><E93/><REACH who="1" ten="173,268,239,310" step="2"/><V62/><F101/><N who="3" m="62895" /><G0/><T110/><D112/><U44/><E44/><V15/><F92/><W3/><G3/><T72/><D72/><U121/><E121/><V7/><F66/><W87/><G64/><T24/><D110/><U104/><E104/><V54/><F54/><W133/><G119/><T80/><D25/><U108/><E108/><V43/><F43/><W135/><G117/><T131/><D131/><U4/><E4/><V6/><F6/><W34/><G5/><T126/><D126/><U8/><E8/><V2/><F2/><W20/><G135/><T83/><D45/><U95/><E95/><V102/><F102/><W59/><G133/><T89/><D42/><U41/><E41/><V99/><F7/><W21/><G82/><AGARI ba="2,1" hai="9,12,17,40,46,51,60,67,71,76,77,79,82,85" machi="82" ten="40,2000,0" yaku="1,1,53,0" doraHai="28" doraHaiUra="109" who="1" fromWho="3" sc="173,0,268,36,239,0,310,-26" /><INIT seed="5,3,0,4,5,57" ten="173,304,239,284" oya="1" hai0="127,8,106,23,64,128,105,111,16,108,112,77,95" hai1="27,49,83,126,131,2,5,24,119,29,72,14,30" hai2="51,132,37,39,19,58,46,13,54,121,103,104,98" hai3="3,124,40,73,84,36,47,74,52,4,82,80,59"/><U78/><E119/><V116/><F132/><W28/><G124/><T100/><D127/><U25/><E126/><V22/><F121/><W90/><G28/><T38/><D38/><U6/><E131/><V94/><F116/><W86/><G4/><T56/><D128/><U125/><E125/><V117/><F117/><W96/><G96/><T60/><D112/><U123/><E123/><V1/><F1/><W113/><G3/><T35/><D35/><U61/><E2/><V45/><F45/><W130/><G113/><T129/><D129/><U118/><E118/><V31/><F31/><W32/><G32/><T34/><D34/><U62/><E49/><V53/><REACH who="2" step="1"/><F104/><REACH who="2" ten="173,304,229,284" step="2"/><W66/><G130/><T122/><D122/><U26/><E30/><V68/><F68/><W88/><REACH who="3" step="1"/><G66/><REACH who="3" ten="173,304,229,274" step="2"/><T18/><D64/><U67/><E67/><V133/><F133/><W41/><G41/><T109/><D109/><U69/><E29/><V97/><F97/><W120/><G120/><T15/><D111/><U91/><E5/><V70/><F70/><W7/><G7/><T76/><D108/><U44/><E69/><V85/><F85/><W87/><G87/><T92/><D18/><U93/><E6/><V50/><AGARI ba="3,2" hai="13,19,22,37,39,46,50,51,53,54,58,94,98,103" machi="50" ten="20,5200,0" yaku="1,1,0,1,7,1,53,1" doraHai="57" doraHaiUra="55" who="2" fromWho="2" sc="173,-16,304,-29,229,81,274,-16" /><INIT seed="6,0,0,3,5,66" ten="157,275,310,258" oya="2" hai0="131,51,98,2,91,85,14,76,15,63,65,129,134" hai1="77,119,115,22,132,53,95,113,32,116,0,18,64" hai2="110,61,3,86,67,93,21,106,78,130,87,127,4" hai3="40,58,117,84,75,79,124,90,13,35,80,96,39"/><V48/><F106/><W88/><G35/><T92/><D2/><U34/><E64/><V114/><F114/><N who="1" m="43529" /><E53/><V121/><F121/><W97/><G117/><N who="1" m="45130" /><E95/><V11/><F127/><W26/><G26/><T103/><D134/><U30/><E77/><V55/><F130/><W100/><G58/><T109/><D109/><U37/><E37/><V70/><F110/><W20/><G124/><T46/><D76/><U60/><E60/><V56/><F78/><W122/><G122/><T135/><D135/><U133/><E0/><V112/><F112/><W126/><G126/><T44/><D131/><U29/><E132/><V108/><F108/><W27/><G13/><T105/><D129/><U104/><E104/><V6/><F6/><W74/><G40/><T102/><D102/><U31/><E133/><V49/><F49/><W72/><G39/><T54/><REACH who="0" step="1"/><D46/><REACH who="0" ten="147,275,310,258" step="2"/><U12/><AGARI ba="0,1" hai="12,18,22,29,30,31,32,34" m="45130,43529" machi="12" ten="40,5200,0" yaku="15,1,34,2" doraHai="66" who="1" fromWho="1" sc="147,-13,275,62,310,-26,258,-13" /><INIT seed="7,0,0,3,2,125" ten="134,337,284,245" oya="3" hai0="81,52,3,62,123,0,28,86,82,53,24,71,80" hai1="129,55,36,116,127,26,13,88,19,69,92,74,40" hai2="115,51,29,111,73,90,30,75,119,91,78,68,105" hai3="98,87,54,32,33,99,76,45,18,97,70,103,132"/><W106/><G132/><T104/><D123/><U120/><E129/><V1/><F111/><W23/><G70/><T77/><D104/><U121/><E74/><V38/><F68/><W72/><G72/><T39/><D39/><U58/><E69/><V25/><F38/><W118/><G118/><T2/><D77/><U112/><E127/><V63/><F1/><W113/><G32/><T16/><D86/><U114/><E26/><V6/><F6/><W14/><G33/><T134/><D134/><U4/><E4/><V59/><F51/><N who="3" m="29039" /><G106/><T8/><D28/><U108/><E108/><V109/><F109/><W34/><G34/><T102/><D102/><U41/><E116/><V135/><F135/><W126/><G113/><N who="1" m="43626" /><E36/><V37/><F37/><W15/><G126/><T42/><D42/><N who="1" m="16491" /><E55/><V43/><F43/><W107/><G107/><T64/><REACH who="0" step="1"/><D24/><REACH who="0" ten="124,337,284,245" step="2"/><U128/><E120/><V20/><F25/><N who="3" m="14583" /><G103/><T65/><D65/><U67/><E67/><V61/><F105/><W96/><G96/><T130/><D130/><U95/><E128/><V46/><F115/><W11/><G76/><T117/><D117/><U56/><E121/><V22/><F78/><W49/><G87/><T44/><D44/><U60/><E88/><V10/><F46/><W35/><G99/><T133/><D133/><U84/><E84/><V89/><F119/><W66/><G66/><T124/><D124/><U21/><E60/><N who="2" m="23115" /><F73/><W12/><G98/><T31/><D31/><N who="2" m="11786" /><F75/><W50/><G97/><T85/><D85/><U17/><E58/><V79/><F59/><W9/><G35/><T27/><D27/><RYUUKYOKU ba="0,1" sc="124,15,337,-15,284,-15,245,15" hai0="0,2,3,8,16,52,53,62,64,71,80,81,82" hai3="9,11,12,14,15,49,50" /><INIT seed="7,1,1,2,5,11" ten="139,322,269,260" oya="3" hai0="54,5,93,94,106,91,86,28,26,18,15,48,25" hai1="1,14,129,13,24,56,42,46,103,17,132,82,20" hai2="79,41,113,51,23,107,65,7,78,29,47,133,131" hai3="108,33,61,99,69,117,126,123,96,130,9,101,80"/><W27/><G117/><T0/><D106/><U135/><E1/><V119/><F107/><W98/><G123/><T60/><D0/><U3/><E3/><V100/><F119/><W67/><G130/><T127/><D127/><U76/><E103/><V35/><F100/><W104/><G126/><T114/><D114/><U122/><E56/><V97/><F35/><W31/><G108/><T59/><D5/><U22/><E129/><V55/><F97/><W4/><G80/><T90/><D60/><U64/><E64/><V110/><F110/><W74/><G74/><T2/><D2/><AGARI ba="1,1" hai="2,4,9,27,31,33,61,67,69,96,98,99,101,104" machi="2" ten="30,5800,0" yaku="7,1,25,2" doraHai="11" who="3" fromWho="0" sc="139,-61,322,0,269,0,260,71" owari="78,-42.2,322,12.2,269,-13.1,331,43.1" /></mjloggm>