<mjloggm ver="2.3"><GO type="169" lobby="0"/><UN n0="%E3%81%9D%E3%82%93%E3%81%97%E6%A7%98" n1="%E3%81%9B%E3%81%A9%E3%81%AA%E3%82%8A%E3%81%82%E3%82%93" n2="%E7%B4%94%E6%BD%94%E3%83%94%E3%83%A9%E3%83%8B%E3%82%A2" n3="%E4%B9%9D%E7%B4%8B%E9%BE%8D%E5%8F%B2%E9%80%B2" dan="17,17,16,19" rate="2221.30,2203.30,2147.63,2287.52" sx="M,F,M,M"/><TAIKYOKU oya="0"/><INIT seed="0,0,0,2,5,92" ten="250,250,250,250" oya="0" hai0="66,39,79,75,49,125,11,93,73,132,1,121,25" hai1="87,103,47,20,69,134,12,24,56,116,23,28,46" hai2="60,36,4,90,59,78,64,114,133,89,52,43,105" hai3="101,110,50,97,113,72,34,84,27,107,123,108,86"/><T15/><D121/><U63/><E134/><V57/><F114/><W30/><G113/><T22/><D39/><U10/><E69/><V135/><F78/><W71/><G123/><T31/><D132/><N who="2" m="50762" /><F4/><W45/><G72/><T58/><D1/><U18/><E116/><V120/><F105/><W35/><G35/><T130/><D130/><U53/><E103/><V112/><F112/><W77/><G71/><T70/><D70/><U76/><REACH who="1" step="1"/><E10/><REACH who="1" ten="250,240,250,250" step="2"/><V88/><F120/><W16/><G77/><T83/><D125/><U51/><E51/><N who="2" m="30879" /><F43/><W38/><G38/><AGARI ba="0,1" hai="36,38,59,60,64,88,89,90" m="30879,50762" machi="38" ten="30,3900,0" yaku="20,1,54,2" doraHai="92" who="2" fromWho="3" sc="250,0,240,0,250,49,250,-39" /><INIT seed="1,0,0,3,1,70" ten="250,240,299,211" oya="1" hai0="77,35,91,19,28,104,109,89,112,56,17,46,66" hai1="133,88,15,67,63,49,42,34,129,20,110,82,113" hai2="135,81,99,103,38,124,130,27,75,43,18,115,37" hai3="1,50,84,52,108,60,7,76,107,98,86,14,111"/><U122/><E113/><V97/><F115/><W36/><G1/><T68/><D109/><N who="3" m="42057" /><G76/><T21/><D112/><U64/><E110/><V25/><F43/><W69/><G7/><T74/><D104/><U73/><E34/><V30/><F124/><W132/><G14/><T10/><D68/><U105/><E105/><V85/><F75/><W31/><G31/><T78/><D35/><U93/><E122/><V79/><F130/><W58/><G132/><T40/><D28/><U39/><E129/><V59/><F135/><W80/><G80/><T23/><D10/><U0/><E0/><V8/><F59/><W51/><G36/><T29/><D29/><U45/><E133/><V6/><F18/><W5/><G5/><T102/><D74/><U96/><E39/><V12/><F27/><W128/><G128/><T33/><D33/><U121/><E121/><V131/><F131/><W94/><G107/><T90/><D56/><U16/><REACH who="1" step="1"/><E63/><REACH who="1" ten="250,230,299,211" step="2"/><V116/><F37/><W83/><G51/><N who="0" m="27079" /><D66/><U24/><E24/><V101/><F38/><W62/><G62/><T92/><D77/><AGARI ba="0,1" hai="15,16,20,42,45,49,64,67,73,77,82,88,93,96" machi="77" ten="40,7700,0" yaku="1,1,54,2,53,0" doraHai="70" doraHaiUra="32" who="1" fromWho="0" sc="250,-77,230,87,299,0,211,0" /><INIT seed="1,1,0,4,3,55" ten="173,317,299,211" oya="1" hai0="18,110,69,93,45,60,62,118,49,88,17,100,125" hai1="73,92,58,75,64,12,82,16,1,4,128,120,43" hai2="8,26,24,46,42,132,85,111,106,27,19,65,90" hai3="57,3,89,63,0,91,104,71,103,2,77,131,47"/><U99/><E120/><V20/><F111/><W107/><G71/><T68/><D110/><U96/><E128/><V67/><F106/><W129/><G77/><T35/><D35/><U10/><E43/><V98/><F98/><W51/><G91/><T38/><D38/><U116/><E116/><V124/><F8/><W78/><G78/><T76/><D76/><U126/><E82/><V66/><F132/><W23/><G89/><T34/><D34/><U134/><E134/><V33/><F33/><W81/><G81/><T48/><D125/><U95/><E126/><V70/><F70/><W39/><G39/><T30/><D30/><U74/><E96/><V109/><F109/><W41/><G23/><T114/><D118/><U25/><E25/><V121/><F121/><W127/><G103/><T61/><D100/><U72/><N who="1" m="18432" /><DORA hai="123" /><U108/><E108/><V31/><F31/><W53/><REACH who="3" step="1"/><G127/><REACH who="3" ten="173,317,299,201" step="2"/><T102/><D102/><U15/><E99/><V56/><F124/><W84/><G84/><N who="0" m="52359" /><D68/><U9/><REACH who="1" step="1"/><E1/><REACH who="1" ten="173,307,299,201" step="2"/><V117/><F117/><W130/><AGARI ba="1,2" hai="0,2,3,41,47,51,53,57,63,104,107,129,130,131" machi="130" ten="40,12000,2" yaku="1,1,0,1,19,1,52,1,53,2" doraHai="55,123" doraHaiUra="36,50" who="3" fromWho="3" sc="173,-31,307,-61,299,-31,201,143" /><INIT seed="2,0,0,1,1,69" ten="142,246,268,344" oya="2" hai0="36,63,116,5,117,58,122,114,20,91,18,2,78" hai1="127,99,67,74,84,38,50,83,16,102,9,97,77" hai2="76,70,72,22,53,41,60,94,129,124,90,101,13" hai3="104,133,82,79,98,23,135,62,87,125,45,0,64"/><V26/><F124/><W21/><G0/><T57/><D122/><U75/><E127/><V86/><F129/><W112/><G125/><T68/><D114/><U43/><E67/><V30/><F101/><N who="3" m="62519" /><G45/><T73/><D91/><U107/><E50/><V8/><F41/><W49/><G49/><T7/><D68/><U25/><E99/><V96/><F72/><W42/><G42/><T59/><D63/><U106/><E106/><V66/><F53/><W32/><G32/><T118/><D2/><U113/><E113/><V27/><F27/><W6/><G6/><N who="0" m="2059" /><D78/><U15/><REACH who="1" step="1"/><E25/><REACH who="1" ten="142,236,268,344" step="2"/><V128/><F128/><W51/><G51/><T11/><D73/><U110/><E110/><V120/><F120/><W134/><G112/><T71/><D71/><AGARI ba="0,1" hai="21,23,62,64,71,79,82,87,133,134,135" m="62519" machi="71" ten="30,1000,0" yaku="20,1" doraHai="69" who="3" fromWho="0" sc="142,-10,236,0,268,0,344,20" /><INIT seed="3,0,0,5,5,102" ten="132,236,268,364" oya="3" hai0="78,133,39,57,26,46,79,49,2,110,122,55,30" hai1="53,118,27,37,129,43,29,24,58,8,51,0,75" hai2="96,62,124,126,4,85,38,25,34,87,7,83,70" hai3="13,67,107,100,10,127,59,5,64,23,9,128,35"/><W12/><G35/><T28/><D110/><U101/><E75/><V73/><F38/><W40/><G127/><N who="2" m="48681" /><F96/><W105/><G128/><T109/><D109/><U103/><E103/><V121/><BYE who="1" /><F121/><W72/><G72/><T108/><D108/><U135/><E135/><V36/><F36/><W89/><G100/><T3/><D122/><U106/><E106/><V41/><F41/><W131/><G131/><T86/><D133/><U6/><E6/><N who="2" m="2091" /><F62/><W22/><G5/><T31/><D26/><UN n1="%E3%81%9B%E3%81%A9%E3%81%AA%E3%82%8A%E3%81%82%E3%82%93" /><U48/><E37/><V61/><F61/><W99/><G59/><T77/><REACH who="0" step="1"/><D86/><REACH who="0" ten="122,236,268,364" step="2"/><U74/><E129/><V113/><F87/><W94/><G99/><T123/><D123/><U130/><E27/><V112/><F73/><W104/><G12/><T17/><D17/><U52/><E130/><V60/><F25/><W1/><G13/><T93/><D93/><U97/><E24/><V63/><F34/><W120/><G120/><T132/><D132/><U50/><E74/><V117/><F117/><W56/><G105/><T19/><D19/><U21/><E118/><V69/><F69/><W88/><G94/><T91/><D91/><U68/><E68/><V44/><F70/><W71/><G71/><T66/><D66/><U82/><E29/><V11/><F85/><W42/><G56/><T14/><D14/><U111/><E111/><V81/><F81/><W115/><G1/><T80/><D80/><U54/><E82/><V84/><F83/><W98/><G98/><T114/><D114/><AGARI ba="0,1" hai="9,10,22,23,40,42,64,67,88,89,104,107,114,115" machi="114" ten="25,12000,1" yaku="22,2,52,2,54,1" doraHai="102" who="3" fromWho="0" sc="122,-120,236,0,268,0,364,130" /><INIT seed="3,1,0,0,1,32" ten="2,236,268,494" oya="3" hai0="110,78,130,117,89,51,99,82,113,108,59,126,135" hai1="74,14,96,46,21,97,2,37,76,111,112,106,67" hai2="11,55,88,125,24,102,103,3,77,53,10,50,15" hai3="91,43,90,56,58,7,13,86,134,65,60,40,80"/><W132/><G56/><T127/><D117/><U85/><E112/><V71/><F3/><W35/><G35/><T101/><D113/><U92/><E111/><N who="0" m="42537" /><D51/><U95/><E106/><V49/><F71/><W20/><G91/><T73/><D59/><U83/><E67/><V75/><F75/><W124/><G124/><N who="0" m="47659" /><D130/><U28/><E74/><V45/><F77/><W8/><REACH who="3" step="1"/><G20/><REACH who="3" ten="2,236,268,484" step="2"/><T19/><D19/><U61/><E21/><V63/><F88/><W26/><G26/><T5/><D5/><U87/><E61/><V36/><F24/><W72/><G72/><T39/><D39/><U62/><E62/><V29/><F36/><W70/><G70/><T48/><D48/><U18/><E37/><V6/><F63/><W1/><G1/><T22/><D22/><U107/><E2/><V31/><F50/><W57/><G57/><T66/><D66/><U12/><E12/><V25/><F25/><W30/><G30/><T44/><D44/><U84/><E28/><V79/><F15/><W54/><G54/><T129/><D129/><U81/><E46/><V4/><F125/><W94/><G94/><N who="0" m="58615" /><D89/><N who="1" m="51343" /><E14/><V16/><F49/><W116/><G116/><T98/><D98/><N who="1" m="37995" /><E18/><V109/><F16/><W133/><AGARI ba="1,1" hai="7,8,13,40,43,58,60,65,80,86,90,132,133,134" machi="133" ten="30,11700,0" yaku="1,1,0,1,20,1,53,1" doraHai="32" doraHaiUra="9" who="3" fromWho="3" sc="2,-40,236,-40,268,-40,484,130" owari="-38,-53.8,196,-20.4,228,2.8,614,71.4" /></mjloggm>