<mjloggm ver="2.3"><GO type="169" lobby="0"/><UN n0="%68%69%72%6F%30%33%30%39" n1="%E3%83%AD%E3%83%83%E3%83%86%E9%9B%80%E7%90%83" n2="%E5%B2%A9%E4%B8%8A%E9%80%9A%E3%82%8A" n3="%E3%81%BE%E3%81%88%E3%81%9F" dan="16,17,16,17" rate="2083.86,2189.63,2124.43,2167.16" sx="M,M,M,F"/><TAIKYOKU oya="0"/><INIT seed="0,0,0,4,3,36" ten="250,250,250,250" oya="0" hai0="44,121,116,65,82,90,62,111,130,84,86,18,22" hai1="132,93,53,99,46,1,89,74,64,48,76,59,9" hai2="126,7,104,23,10,135,120,112,61,39,47,97,11" hai3="83,114,134,108,78,41,6,107,133,28,71,124,45"/><T55/><D116/><U37/><E132/><N who="3" m="50794" /><G114/><T51/><D121/><U0/><E74/><V100/><F120/><W57/><G71/><T25/><D130/><U50/><E76/><V81/><F112/><W35/><G107/><T14/><D111/><U131/><E131/><V33/><F126/><W72/><G108/><T60/><D65/><U12/><E37/><V94/><F33/><W5/><G57/><T63/><REACH who="0" step="1"/><D86/><REACH who="0" ten="240,250,250,250" step="2"/><U27/><E64/><V128/><F135/><W88/><G124/><T113/><D113/><U31/><E0/><V26/><F128/><W103/><G103/><T119/><D119/><U117/><E1/><V87/><F104/><W67/><G67/><T123/><D123/><U19/><E117/><V106/><F106/><W24/><G88/><T17/><D17/><U2/><E2/><V68/><F7/><W102/><G102/><T43/><D43/><U91/><E91/><V32/><F87/><W125/><G125/><T3/><D3/><U95/><E89/><V13/><F100/><W96/><G96/><T77/><D77/><U101/><E99/><V34/><F97/><W21/><G35/><T42/><D42/><N who="1" m="24663" /><E101/><V66/><F34/><W129/><G129/><T80/><D80/><U118/><E118/><V56/><F32/><W85/><G85/><T110/><D110/><U109/><E109/><V92/><F81/><W79/><G78/><T49/><D49/><AGARI ba="0,1" hai="5,6,21,24,28,41,45,49,72,79,83" m="50794" machi="49" ten="30,2000,0" yaku="20,1,52,1" doraHai="36" who="3" fromWho="0" sc="240,-20,250,0,250,0,250,30" /><INIT seed="1,0,0,5,2,116" ten="220,250,250,280" oya="1" hai0="44,91,84,105,131,52,40,51,1,29,106,62,134" hai1="87,15,103,125,24,39,9,120,71,115,28,30,95" hai2="67,37,112,78,33,61,94,17,97,86,135,77,12" hai3="88,80,48,107,127,38,96,72,93,110,89,43,26"/><U14/><E115/><V104/><F37/><W27/><G38/><T55/><D1/><U50/><E39/><V69/><F112/><W100/><G110/><T65/><D131/><U22/><E71/><V74/><F33/><W119/><G119/><T20/><D134/><U130/><E130/><V34/><F34/><W132/><G132/><T102/><D102/><U109/><E125/><V2/><F2/><W126/><G43/><T73/><D73/><U0/><E120/><V123/><F135/><W18/><G48/><T10/><D10/><U118/><E118/><V16/><F123/><W46/><G46/><T124/><D124/><N who="3" m="47657" /><G18/><T19/><D29/><U41/><E109/><V129/><F129/><W31/><G31/><T42/><D42/><U81/><E0/><V25/><F25/><W32/><G32/><T11/><D11/><U75/><E75/><V13/><F74/><W114/><G114/><T122/><D122/><U56/><E30/><V60/><F104/><W101/><G101/><T35/><D35/><U59/><E15/><V5/><F5/><W66/><G66/><T3/><D3/><U21/><E21/><V58/><F86/><N who="3" m="50247" /><G72/><T108/><D108/><U64/><E64/><N who="2" m="38935" /><F12/><W98/><AGARI ba="0,0" hai="26,27,89,93,96,98,100,107" m="50247,47657" machi="98" ten="30,2000,0" yaku="18,1,54,1" doraHai="116" who="3" fromWho="3" sc="220,-5,250,-10,250,-5,280,20" /><INIT seed="2,0,0,1,1,75" ten="215,240,245,300" oya="2" hai0="61,30,78,56,106,119,107,120,21,14,5,41,57" hai1="58,33,99,69,114,83,96,127,92,85,42,50,12" hai2="28,95,22,63,101,60,31,7,62,100,6,77,115" hai3="2,80,128,19,39,55,3,116,81,76,103,1,86"/><V111/><F111/><W20/><G128/><T59/><D120/><U49/><E69/><V68/><F115/><W27/><G39/><T88/><D119/><U45/><E33/><V64/><F68/><W134/><G134/><T94/><D61/><U8/><E127/><V52/><F64/><W132/><G132/><T36/><D36/><U13/><E114/><V73/><F95/><W135/><G135/><T82/><D41/><U25/><E25/><V113/><F113/><W48/><G103/><N who="2" m="39497" /><F73/><W10/><G116/><T29/><D5/><N who="2" m="1546" /><F77/><W93/><G93/><T71/><D71/><U105/><E105/><V117/><F117/><W11/><REACH who="3" step="1"/><G81/><REACH who="3" ten="215,240,245,290" step="2"/><T90/><D107/><U18/><E92/><V37/><F37/><W104/><G104/><T102/><D106/><U89/><E13/><V40/><F40/><W44/><AGARI ba="0,1" hai="1,2,3,10,11,19,20,27,44,48,55,76,80,86" machi="44" ten="30,12000,2" yaku="1,1,0,1,52,1,53,3" doraHai="75" doraHaiUra="35" who="3" fromWho="3" sc="215,-30,240,-30,245,-60,290,130" /><INIT seed="3,0,0,2,0,53" ten="185,210,185,420" oya="3" hai0="130,128,28,132,103,134,1,15,74,114,104,95,32" hai1="88,108,37,34,16,10,89,83,17,7,54,86,42" hai2="87,126,122,55,48,121,30,99,25,61,60,110,129" hai3="40,63,117,85,49,58,59,20,84,64,18,71,12"/><W78/><G117/><T4/><D74/><U97/><E34/><V66/><F110/><W70/><G70/><T35/><D104/><U133/><E133/><N who="0" m="51305" /><D103/><U65/><E65/><V51/><F87/><W119/><G119/><T112/><D95/><N who="1" m="56551" /><E37/><V79/><F79/><W105/><G105/><T13/><D1/><U82/><E42/><V100/><F61/><W43/><G78/><T11/><D13/><N who="1" m="5343" /><E108/><V94/><F126/><W45/><REACH who="3" step="1"/><G43/><REACH who="3" ten="185,210,185,410" step="2"/><T39/><D39/><U57/><E83/><V109/><F109/><W0/><G0/><T102/><D112/><U8/><E8/><V135/><F135/><W73/><G73/><T14/><D114/><U118/><E118/><V62/><F122/><W24/><G24/><T38/><D38/><U6/><E6/><V120/><F121/><W93/><G93/><T33/><D4/><U21/><E21/><V91/><F120/><W101/><G101/><T56/><D102/><U2/><E2/><V72/><F100/><W115/><G115/><T44/><D11/><U36/><E36/><V125/><F72/><W90/><G90/><T23/><D23/><U26/><E26/><V96/><F25/><W131/><G131/><T75/><D130/><U92/><E92/><V68/><F129/><W52/><G52/><T3/><D128/><U127/><E127/><V9/><F125/><W29/><G29/><T19/><D3/><U47/><E47/><V106/><F30/><W111/><G111/><T46/><D28/><U123/><E123/><V22/><F22/><W77/><G77/><T116/><D116/><U41/><E41/><RYUUKYOKU ba="0,1" sc="185,-15,210,15,185,-15,410,15" hai1="16,17,54,57,82,86,89" hai3="12,18,20,40,45,49,58,59,63,64,71,84,85" /><INIT seed="3,1,1,3,0,130" ten="170,225,170,425" oya="3" hai0="30,63,100,58,67,119,61,45,114,134,117,76,40" hai1="70,126,48,54,10,16,59,118,35,91,135,123,0" hai2="81,74,75,83,51,65,124,125,15,21,22,102,71" hai3="28,19,56,95,104,129,106,11,4,13,33,12,18"/><W44/><G129/><T90/><D76/><U23/><E35/><V24/><F102/><W27/><G44/><T121/><D100/><U7/><E123/><V34/><F65/><W111/><G111/><T122/><D90/><U66/><E126/><N who="2" m="48747" /><F71/><W120/><G120/><N who="0" m="46187" /><D30/><U1/><E135/><V89/><F51/><W133/><G133/><T39/><D114/><U82/><E118/><N who="0" m="45065" /><D63/><U87/><E0/><V112/><F112/><W32/><G95/><T101/><D101/><U64/><REACH who="1" step="1"/><E70/><REACH who="1" ten="170,215,170,425" step="2"/><V68/><F68/><W42/><G33/><T92/><D134/><U105/><E105/><V20/><F15/><AGARI ba="1,2" hai="1,7,10,15,16,23,48,54,59,64,66,82,87,91" machi="15" ten="30,7700,0" yaku="1,1,7,1,54,1,53,1" doraHai="130" doraHaiUra="17" who="1" fromWho="2" sc="170,0,215,100,170,-80,425,0" /><INIT seed="4,0,0,3,0,100" ten="170,315,90,425" oya="0" hai0="62,14,59,2,92,112,115,40,86,7,84,75,69" hai1="47,66,18,56,119,133,11,17,81,126,13,51,78" hai2="67,121,101,43,80,6,4,23,79,118,68,49,31" hai3="96,64,3,63,108,116,25,57,9,10,90,114,50"/><T42/><D69/><U123/><E126/><V73/><F121/><W125/><G108/><T35/><D2/><U129/><E133/><V54/><F118/><W44/><G116/><T88/><D75/><U102/><E129/><V65/><F43/><W134/><G134/><T22/><D35/><U41/><E123/><V74/><F74/><W107/><G125/><T8/><D22/><U55/><E66/><V93/><F6/><W113/><G25/><T48/><D86/><N who="1" m="48439" /><E102/><V87/><F4/><W94/><G107/><T103/><D103/><U83/><E83/><V30/><F68/><W124/><G124/><T77/><D77/><U37/><E37/><V71/><F71/><W109/><G109/><T111/><D111/><U99/><E99/><V89/><F31/><W130/><G130/><T70/><D70/><U1/><E1/><V53/><F53/><W15/><G3/><T16/><D7/><N who="1" m="3327" /><E119/><V38/><F38/><W26/><G26/><T58/><D58/><U95/><E95/><V61/><F61/><W39/><G39/><T36/><D36/><U19/><E56/><V52/><F54/><AGARI ba="0,0" hai="17,18,19,41,47,51,54,55" m="3327,48439" machi="54" ten="30,2000,0" yaku="25,1,8,1" doraHai="100" who="1" fromWho="2" sc="170,0,315,20,90,-20,425,0" /><INIT seed="5,0,0,0,4,72" ten="170,335,70,425" oya="1" hai0="101,41,2,129,128,22,134,85,20,14,73,4,99" hai1="74,76,49,9,127,28,52,32,45,118,98,53,93" hai2="6,131,81,26,110,29,135,34,42,88,38,111,10" hai3="104,48,1,55,61,117,112,123,33,87,23,30,77"/><U64/><E118/><V36/><F131/><N who="0" m="50250" /><D73/><U80/><E127/><V100/><F135/><W130/><G33/><T58/><D41/><U121/><E121/><V44/><F100/><W92/><G61/><T116/><D116/><U11/><E64/><V35/><F38/><W132/><G55/><T19/><D85/><U57/><E28/><V63/><F63/><W124/><G92/><T5/><D58/><U102/><REACH who="1" step="1"/><E32/><REACH who="1" ten="170,325,70,425" step="2"/><V51/><F35/><W70/><G30/><T84/><D134/><U62/><AGARI ba="0,1" hai="9,11,45,49,52,53,57,62,74,76,80,93,98,102" machi="62" ten="20,18000,2" yaku="1,1,2,1,0,1,7,1,52,1,54,1,53,1" doraHai="72" doraHaiUra="90" who="1" fromWho="1" sc="170,-60,325,190,70,-60,425,-60" /><INIT seed="5,1,0,1,0,30" ten="110,515,10,365" oya="1" hai0="18,66,14,84,26,88,4,117,134,111,120,19,40" hai1="6,20,35,29,116,113,133,50,89,21,129,126,95" hai2="114,106,107,37,47,92,31,54,115,135,61,80,24" hai3="98,32,118,70,36,25,72,123,7,103,83,69,79"/><U55/><E116/><V45/><F135/><W27/><G118/><T119/><D111/><U86/><E133/><V85/><F92/><W82/><G123/><T3/><D134/><U53/><E113/><N who="2" m="43019" /><F61/><W42/><G27/><T49/><D3/><U87/><E129/><V44/><F54/><W60/><G7/><T108/><D108/><U96/><E126/><V10/><F10/><W128/><G82/><T81/><D120/><U59/><E6/><V94/><F94/><W99/><G99/><T64/><D4/><U12/><E55/><V127/><F37/><W102/><G102/><T11/><D119/><U130/><E130/><V68/><F68/><W105/><G128/><T57/><D117/><U1/><E1/><V71/><F71/><W0/><G0/><T91/><D91/><U67/><E67/><V38/><F38/><W97/><G97/><T33/><D33/><U132/><E35/><N who="2" m="20967" /><F127/><W100/><G100/><T9/><D9/><U39/><E39/><V110/><F110/><W93/><G93/><T34/><D57/><U52/><E53/><V22/><F22/><W74/><G74/><T58/><D34/><U73/><E73/><V17/><F17/><W76/><G76/><AGARI ba="1,0" hai="44,45,47,76,80,85,106,107" m="20967,43019" machi="76" ten="30,3900,0" yaku="15,1,11,1,52,1" doraHai="30" who="2" fromWho="3" sc="110,0,515,0,10,42,365,-42" /><INIT seed="6,0,0,2,1,52" ten="110,515,52,323" oya="2" hai0="121,94,26,2,76,127,129,21,100,45,123,9,39" hai1="125,85,109,98,93,74,33,86,64,71,106,119,91" hai2="19,46,83,105,7,128,20,101,131,95,3,92,28" hai3="87,134,10,73,44,1,99,53,56,62,112,36,58"/><V6/><F28/><W114/><G73/><T97/><D129/><N who="2" m="49738" /><F105/><W77/><G99/><T40/><D127/><U67/><E125/><V51/><F83/><N who="3" m="47599" /><G134/><T61/><D76/><U130/><E33/><V117/><F117/><W32/><G32/><T120/><D61/><U35/><E35/><V24/><F3/><W135/><G135/><T50/><D39/><U42/><E74/><V69/><F69/><W48/><G36/><T79/><D79/><U17/><E71/><V30/><F30/><W63/><G63/><T43/><D2/><U104/><E104/><V59/><F59/><W66/><G10/><T47/><D9/><U80/><E80/><V29/><F29/><W57/><G1/><T70/><D70/><U124/><E106/><V132/><F132/><W81/><G81/><T96/><D96/><U89/><E98/><N who="2" m="59591" /><F95/><W0/><G0/><T11/><D45/><U103/><E93/><V5/><F5/><W90/><G90/><T37/><D37/><U108/><E103/><V15/><F24/><W22/><G22/><T16/><REACH who="0" step="1"/><D11/><REACH who="0" ten="100,515,52,323" step="2"/><U84/><E124/><V68/><F68/><W34/><G34/><T60/><D60/><U88/><E130/><V113/><F113/><AGARI ba="0,1" hai="44,48,53,56,57,58,62,66,112,113,114" m="47599" machi="113" ten="30,8000,1" yaku="15,1,11,1,52,3" doraHai="52" who="3" fromWho="2" sc="100,0,515,0,52,-80,323,90" owari="100,-30.0,515,61.5,-28,-52.8,413,21.3" /></mjloggm>