<mjloggm ver="2.3"><GO type="169" lobby="0"/><UN n0="%E3%81%94%E3%83%BC%E3%81%A9%E3%82%93" n1="%E3%81%A6%E3%82%93%E3%81%8F%E3%81%86" n2="%E3%81%AF%E3%81%AA%E3%81%B3%E3%81%AA%E3%81%B3" n3="%70%6F%6E%2D%65%6E" dan="16,16,17,16" rate="2093.70,2181.78,2135.28,2134.01" sx="M,M,M,F"/><TAIKYOKU oya="0"/><INIT seed="0,0,0,0,3,127" ten="250,250,250,250" oya="0" hai0="82,134,44,12,15,128,125,60,97,7,1,37,102" hai1="126,100,29,76,78,40,120,61,39,65,27,106,113" hai2="14,19,91,66,31,18,4,57,25,79,2,112,75" hai3="68,80,41,104,121,59,93,46,73,83,105,130,45"/><T81/><D125/><U87/><E126/><V53/><F112/><W10/><G68/><T11/><D134/><U58/><E120/><V108/><F108/><W71/><G71/><T63/><D15/><U51/><E39/><V110/><F110/><W5/><G59/><T122/><D122/><U22/><E113/><V115/><F115/><W89/><G46/><T116/><D116/><U6/><E6/><V32/><F66/><W16/><G80/><T48/><D37/><U26/><E26/><V0/><F79/><W132/><G16/><T30/><D30/><U3/><E3/><V9/><F75/><W13/><G132/><T74/><D1/><N who="2" m="618" /><F91/><W135/><G135/><T28/><D28/><U56/><E106/><V20/><F57/><W8/><G105/><T99/><D99/><U88/><E100/><V62/><F53/><W49/><G104/><T36/><D36/><U34/><E34/><V23/><F62/><W124/><G49/><T129/><D63/><N who="1" m="38119" /><E51/><V101/><F101/><W109/><G73/><T69/><D60/><U86/><E40/><V98/><F98/><W123/><G41/><N who="0" m="24591" /><D69/><U111/><E87/><V92/><F92/><W96/><G109/><T33/><D33/><U94/><E111/><V64/><F64/><AGARI ba="0,0" hai="22,27,29,58,61,64,76,78,86,88,94" m="38119" machi="64" ten="30,2000,0" yaku="8,1,54,1" doraHai="127" who="1" fromWho="2" sc="250,0,250,20,250,-20,250,0" /><INIT seed="1,0,0,0,4,60" ten="250,270,230,250" oya="1" hai0="30,127,119,97,49,114,10,128,37,87,77,102,32" hai1="45,105,111,117,78,104,133,69,16,12,23,68,27" hai2="26,67,3,28,64,80,132,108,61,85,36,131,0" hai3="130,24,31,91,71,84,103,79,76,121,95,57,44"/><U43/><E117/><V59/><F36/><W81/><G71/><T1/><D37/><U54/><E78/><V86/><F108/><W52/><G130/><T120/><D114/><U58/><E133/><V109/><F109/><W66/><G121/><T118/><D30/><U98/><E111/><V18/><F131/><W112/><G112/><T100/><D32/><U38/><E105/><V9/><F132/><W8/><G8/><T134/><D49/><U110/><E110/><V17/><F3/><W89/><G103/><T106/><D134/><U14/><E14/><N who="2" m="7375" /><F0/><W62/><G44/><T4/><D128/><U107/><E104/><V48/><F28/><W135/><G135/><T34/><D34/><U56/><E56/><N who="2" m="36903" /><F48/><W113/><G113/><T75/><D120/><U94/><E107/><V90/><F85/><W83/><G66/><T13/><D87/><U47/><E12/><V22/><F59/><W15/><G15/><T93/><D13/><U126/><E126/><V19/><F19/><W122/><G122/><T39/><D39/><U123/><E47/><V29/><F29/><W63/><G63/><T115/><D115/><U92/><E123/><V82/><F82/><W2/><G2/><T96/><REACH who="0" step="1"/><D127/><REACH who="0" ten="240,270,230,250" step="2"/><U53/><E38/><V11/><F11/><W73/><REACH who="3" step="1"/><G95/><REACH who="3" ten="240,270,230,240" step="2"/><T40/><D40/><U55/><E92/><V129/><F129/><W50/><G50/><T41/><D41/><U116/><E94/><V51/><F51/><W99/><G99/><T101/><D101/><U33/><E98/><V72/><F72/><W21/><AGARI ba="0,2" hai="21,24,31,52,57,62,73,76,79,81,83,84,89,91" machi="21" ten="20,5200,0" yaku="1,1,0,1,7,1,54,1,53,0" doraHai="60" doraHaiUra="42" who="3" fromWho="3" sc="240,-13,270,-26,230,-13,240,72" /><INIT seed="2,0,0,2,2,54" ten="227,244,217,312" oya="2" hai0="68,104,46,48,101,132,64,116,134,12,71,60,26" hai1="24,77,133,120,70,73,8,45,114,4,109,59,83" hai2="13,0,37,43,56,89,88,6,51,55,135,33,14" hai3="61,35,121,19,50,97,10,118,28,72,27,93,122"/><V92/><F135/><N who="0" m="51754" /><D12/><U18/><E70/><V42/><F33/><W86/><G118/><T128/><D101/><U127/><E133/><V100/><F0/><W53/><G86/><T115/><D104/><U90/><E114/><V129/><F129/><W110/><G72/><T62/><D26/><U87/><E109/><V78/><F78/><W20/><G110/><T11/><D11/><U30/><E127/><V52/><F37/><W22/><G10/><T119/><D115/><U5/><E45/><N who="2" m="27759" /><F100/><W84/><G84/><T7/><D7/><U102/><E102/><V111/><F111/><W82/><G82/><T44/><D128/><U125/><E125/><V75/><F75/><W1/><G1/><T49/><D62/><U40/><E4/><V15/><F6/><W23/><G61/><T91/><D91/><N who="2" m="34890" /><F92/><W76/><G76/><T32/><D32/><U79/><E79/><V117/><F117/><N who="0" m="45130" /><D71/><U113/><E113/><V112/><F112/><W85/><G35/><T94/><D94/><U67/><E90/><V34/><F34/><W69/><G69/><T107/><D107/><U103/><E5/><V25/><F25/><W41/><G85/><T57/><D68/><U17/><E87/><V29/><F29/><W126/><G28/><T65/><D65/><U124/><E30/><V130/><F130/><W106/><G106/><T63/><D63/><AGARI ba="0,0" hai="13,14,15,42,43,55,56,63" m="34890,27759" machi="63" ten="30,11600,0" yaku="8,1,52,1,54,2" doraHai="54" who="2" fromWho="0" sc="227,-116,244,0,217,116,312,0" /><INIT seed="2,1,0,2,1,84" ten="111,244,333,312" oya="2" hai0="115,65,56,117,82,50,103,0,59,108,16,47,72" hai1="74,58,40,42,66,4,129,83,111,134,120,69,30" hai2="121,90,17,125,32,105,131,128,2,61,67,92,39" hai3="38,104,13,36,110,62,112,132,12,107,37,25,99"/><V122/><F105/><W70/><G110/><T43/><D115/><U73/><E69/><V100/><F100/><W11/><G132/><T45/><D108/><U35/><E111/><V5/><F39/><W15/><G112/><T85/><D117/><U28/><E4/><V23/><F32/><W78/><G11/><T52/><D0/><U63/><E134/><V41/><F41/><W91/><G78/><T109/><D72/><U123/><E129/><N who="2" m="49739" /><F5/><W127/><G127/><T89/><D109/><U135/><E135/><V53/><F53/><W81/><G25/><T113/><D113/><U75/><E83/><V49/><F49/><W133/><G133/><T24/><D103/><U26/><REACH who="1" step="1"/><E28/><REACH who="1" ten="111,234,333,312" step="2"/><V95/><F125/><W18/><G81/><T1/><D1/><U60/><E60/><V34/><F2/><W6/><G70/><T27/><D27/><U20/><E20/><V94/><F23/><W22/><G62/><N who="0" m="38087" /><D43/><AGARI ba="1,1" hai="26,30,35,40,42,43,58,63,66,73,74,75,120,123" machi="43" ten="50,1600,0" yaku="1,1,53,0" doraHai="84" doraHaiUra="9" who="1" fromWho="0" sc="111,-19,234,29,333,0,312,0" /><INIT seed="3,0,0,1,2,42" ten="92,263,333,312" oya="3" hai0="52,60,135,62,134,65,98,117,26,63,29,35,124" hai1="89,120,45,43,57,21,125,87,114,4,127,17,67" hai2="56,108,0,81,97,109,51,102,77,119,94,16,1" hai3="37,73,31,90,111,100,112,83,6,18,25,93,23"/><W8/><G112/><T115/><D117/><U33/><E33/><V58/><F119/><W13/><G111/><N who="2" m="42569" /><F16/><W36/><G100/><T116/><D116/><U75/><E75/><N who="2" m="43199" /><F56/><W95/><G95/><T9/><D115/><U2/><E120/><V12/><F12/><W27/><G83/><T11/><D124/><U92/><E114/><V121/><F121/><W7/><G73/><T41/><D41/><U55/><E67/><V39/><F39/><W71/><G71/><T104/><D65/><U44/><E4/><V32/><F32/><W64/><G64/><T131/><D131/><U30/><E30/><V59/><F59/><W46/><G6/><T91/><D9/><U66/><E2/><V10/><F10/><W74/><G74/><T118/><D11/><U54/><E66/><V28/><F28/><W110/><G46/><N who="1" m="18026" /><E43/><V106/><F106/><W3/><G110/><T5/><D5/><U126/><E57/><V101/><F58/><W40/><G40/><T49/><D118/><U103/><E103/><N who="2" m="60855" /><F51/><W76/><G3/><AGARI ba="0,0" hai="0,1,3,101,102" m="60855,43199,42569" machi="3" ten="30,1000,0" yaku="14,1" doraHai="42" who="2" fromWho="3" sc="92,0,263,0,333,10,312,-10" /><INIT seed="4,0,0,4,1,23" ten="92,263,343,302" oya="0" hai0="2,82,61,79,80,7,116,39,52,34,132,60,70" hai1="76,47,131,22,45,18,125,58,122,113,98,72,14" hai2="63,124,17,37,24,91,112,87,41,71,102,27,54" hai3="48,97,31,51,75,5,120,92,15,56,109,101,1"/><T10/><D116/><U130/><E122/><V25/><F112/><W21/><G109/><T11/><D132/><U53/><E125/><V128/><F124/><W106/><G120/><T43/><D34/><U57/><E113/><V90/><F128/><N who="1" m="49193" /><E98/><V133/><F133/><W46/><G75/><T104/><D104/><U36/><E36/><V13/><F102/><W67/><G106/><T81/><D79/><U69/><E69/><V66/><F37/><W50/><G1/><T107/><D107/><U77/><E57/><V134/><F41/><W26/><G5/><T127/><D127/><U73/><E76/><V89/><F54/><N who="3" m="29975" /><G15/><T6/><D70/><U135/><E135/><V40/><F40/><W12/><G12/><T111/><D111/><U33/><E33/><V20/><REACH who="2" step="1"/><F134/><REACH who="2" ten="92,263,333,302" step="2"/><W95/><G95/><AGARI ba="0,1" hai="13,17,20,24,25,27,63,66,71,87,89,90,91,95" machi="95" ten="40,8000,1" yaku="1,1,2,1,52,3,53,0" doraHai="23" doraHaiUra="55" who="2" fromWho="3" sc="92,0,263,0,333,90,302,-80" /><INIT seed="5,0,0,5,4,119" ten="92,263,423,222" oya="1" hai0="71,38,28,128,93,92,120,67,31,101,42,105,54" hai1="52,5,134,69,56,65,51,96,14,62,66,107,132" hai2="130,80,106,33,133,16,35,88,100,102,103,84,15" hai3="43,95,129,63,89,50,30,79,70,32,98,24,87"/><U46/><E107/><V108/><F108/><W112/><G112/><T109/><D67/><U4/><E96/><V127/><F127/><W85/><G129/><T123/><D109/><U64/><E14/><V20/><F130/><W11/><G11/><T74/><D128/><U77/><E77/><V110/><F110/><W0/><G0/><T131/><D131/><U83/><E83/><V81/><F133/><N who="1" m="51305" /><E4/><V8/><F106/><W97/><G70/><T37/><D71/><U73/><E5/><V7/><REACH who="2" step="1"/><F81/><REACH who="2" ten="92,263,413,222" step="2"/><W126/><G126/><T94/><D74/><U117/><E73/><V26/><AGARI ba="0,1" hai="7,8,15,16,20,26,33,35,80,84,88,100,102,103" machi="26" ten="30,8000,1" yaku="1,1,2,1,0,1,54,2,53,0" doraHai="119" doraHaiUra="41" who="2" fromWho="2" sc="92,-20,263,-40,413,90,222,-20" /><INIT seed="6,0,0,0,4,128" ten="72,223,503,202" oya="2" hai0="25,7,3,5,88,105,130,4,42,45,69,95,43" hai1="118,35,80,129,124,116,20,29,15,96,51,36,112" hai2="28,49,10,94,65,73,27,11,53,17,101,125,71" hai3="134,58,119,114,30,82,113,103,76,126,74,40,81"/><V0/><F73/><W52/><G119/><T41/><D130/><U38/><E51/><V132/><F132/><W97/><G126/><T31/><D105/><U26/><E26/><V60/><F125/><W102/><G30/><T22/><D69/><U72/><E20/><V86/><F0/><W78/><G134/><T33/><D3/><U21/><E21/><V98/><F86/><W66/><G66/><T18/><D33/><U23/><E23/><V14/><F11/><W44/><G97/><T135/><D135/><U106/><E15/><V59/><F27/><W104/><G104/><T121/><D121/><U75/><E80/><V99/><F99/><W9/><G9/><T109/><D109/><U85/><E85/><V79/><F79/><W91/><G91/><T117/><D117/><U54/><E96/><V123/><F123/><W37/><G114/><T111/><D111/><U34/><E112/><V55/><F55/><W93/><G93/><T68/><D68/><U63/><E54/><V120/><F120/><W50/><REACH who="3" step="1"/><G113/><REACH who="3" ten="72,223,503,192" step="2"/><T6/><N who="0" m="1024" /><DORA hai="8" /><T19/><REACH who="0" step="1"/><D45/><REACH who="0" ten="62,223,503,192" step="2"/><U133/><E133/><V108/><F108/><W56/><G56/><T61/><D61/><U46/><E63/><V107/><F59/><W64/><G64/><T13/><D13/><U90/><E46/><V24/><F60/><W84/><AGARI ba="0,2" hai="37,40,44,50,52,58,74,76,78,81,82,84,102,103" machi="84" ten="20,5200,0" yaku="1,1,0,1,7,1,54,1,53,0" doraHai="128,8" doraHaiUra="12,2" who="3" fromWho="3" sc="62,-13,223,-13,503,-26,192,72" /><INIT seed="7,0,0,4,0,74" ten="49,210,477,264" oya="3" hai0="79,112,53,116,34,107,102,78,132,105,119,135,109" hai1="124,95,64,122,84,43,54,111,133,2,104,23,65" hai2="101,28,37,120,25,4,86,77,29,117,76,115,21" hai3="67,6,50,60,91,41,70,32,96,129,26,131,61"/><W57/><G6/><T106/><D34/><U94/><E104/><V90/><F37/><W11/><G11/><T47/><D47/><U103/><E2/><V110/><F110/><W20/><G32/><T118/><D53/><U92/><E133/><N who="0" m="51273" /><D102/><U56/><E43/><V82/><F115/><W46/><G91/><T27/><D27/><U38/><E38/><V33/><F117/><W81/><G96/><T19/><D19/><U130/><E23/><V97/><F120/><W99/><G81/><T44/><D44/><U10/><E103/><V22/><F4/><W48/><G99/><T17/><D17/><U49/><E49/><V18/><F33/><W40/><G20/><T39/><D39/><U83/><E54/><V72/><F72/><W127/><G26/><T126/><D112/><U128/><E10/><V88/><F90/><W24/><G24/><T13/><D13/><U58/><E65/><V123/><F123/><W51/><G46/><T31/><D31/><N who="2" m="11850" /><F22/><W108/><G48/><T62/><D62/><U93/><E122/><V113/><F113/><W9/><G9/><T30/><D30/><U71/><E71/><V7/><F7/><W45/><G45/><T8/><D8/><U42/><E56/><V0/><F0/><W16/><G57/><T55/><D55/><U3/><E3/><V15/><F15/><W1/><G1/><T100/><D100/><U89/><E58/><V59/><F59/><W52/><G40/><T134/><N who="0" m="51281" /><T114/><DORA hai="66" /><D114/><U98/><N who="1" m="23552" /><DORA hai="85" /><U75/><E42/><V68/><F25/><W69/><G41/><RYUUKYOKU ba="0,0" sc="49,0,210,0,477,0,264,0" owari="49,-45.1,210,-19.0,477,57.7,264,6.4" /></mjloggm>