<mjloggm ver="2.3"><GO type="169" lobby="0"/><UN n0="%6D%62%72%63%68%61%6E" n1="%E8%B5%A4%E6%AF%9B%E3%81%AE%E3%82%AD%E3%83%A7%E3%83%B3" n2="%E3%81%A8%E3%82%8D%E3%82%8D%E3%81%9D%E3%81%B0" n3="%64%65%62" dan="16,18,17,16" rate="2139.10,2342.40,2251.94,2061.89" sx="M,M,M,M"/><TAIKYOKU oya="0"/><INIT seed="0,0,0,0,2,87" ten="250,250,250,250" oya="0" hai0="80,28,102,125,100,101,20,52,55,129,134,48,24" hai1="30,27,66,75,39,107,58,19,121,65,111,43,81" hai2="6,114,88,135,36,90,56,86,40,67,31,14,0" hai3="16,99,127,5,119,126,68,77,45,131,70,95,94"/><T34/><D129/><U59/><E121/><V9/><F114/><W26/><G131/><T73/><D125/><N who="3" m="47625" /><G119/><T54/><D134/><U21/><E107/><V35/><F135/><W113/><G113/><T71/><D71/><N who="3" m="27177" /><G77/><T132/><D132/><U97/><E111/><V82/><F0/><W116/><G116/><T44/><D73/><U72/><E39/><V22/><F35/><W93/><G45/><T11/><D11/><U8/><E43/><V92/><F36/><W61/><G61/><T124/><D124/><U130/><E130/><V91/><F40/><W51/><G51/><T106/><D106/><U110/><E110/><V123/><F123/><W109/><G5/><T15/><D80/><U1/><E75/><V89/><F67/><W4/><G4/><T79/><D79/><U29/><E72/><V49/><F49/><W78/><G78/><T105/><D105/><U122/><E122/><V85/><F56/><W3/><G3/><T115/><D115/><U120/><E120/><V133/><F133/><W69/><N who="3" m="27185" /><W37/><DORA hai="96" /><G37/><T117/><REACH who="0" step="1"/><D117/><REACH who="0" ten="240,250,250,250" step="2"/><U17/><E81/><V62/><REACH who="2" step="1"/><F62/><REACH who="2" ten="240,250,240,250" step="2"/><W104/><G109/><T13/><D13/><U23/><E1/><V98/><F98/><W83/><G99/><T7/><D7/><U42/><E97/><V112/><F112/><W63/><G63/><T103/><N who="0" m="25600" /><DORA hai="64" /><T53/><D53/><U76/><E66/><V47/><F47/><W84/><G104/><T38/><D38/><U41/><E65/><V74/><F74/><W2/><G2/><T118/><D118/><U32/><E42/><RYUUKYOKU ba="0,2" sc="240,15,250,-15,240,15,250,-15" hai0="15,20,24,28,34,44,48,52,54,55" hai2="6,9,14,22,31,82,85,86,88,89,90,91,92" /><INIT seed="0,1,2,1,3,104" ten="255,235,255,235" oya="0" hai0="128,110,51,11,61,25,8,121,122,64,111,99,100" hai1="15,21,36,53,113,45,3,31,68,56,127,91,85" hai2="101,32,124,46,39,60,19,48,103,117,90,78,133" hai3="52,20,82,80,108,50,6,9,75,97,28,92,77"/><T107/><D128/><U73/><E3/><V134/><F39/><W49/><G108/><N who="0" m="41515" /><D51/><U5/><E68/><V120/><F120/><N who="0" m="46186" /><D25/><U114/><E127/><V69/><F124/><W12/><G82/><T22/><D22/><U106/><E36/><V135/><F117/><W109/><G109/><T115/><D115/><U35/><E21/><V88/><F32/><W23/><G28/><T7/><D7/><U79/><E31/><V130/><F130/><W40/><G40/><T10/><D10/><U38/><E35/><V93/><F19/><W1/><G49/><T41/><D41/><U118/><E38/><V76/><F60/><W132/><G1/><T42/><D42/><U54/><E5/><V14/><F14/><W86/><G75/><T87/><D87/><U67/><E85/><V4/><F4/><W84/><G84/><T95/><D107/><U27/><E106/><V16/><F69/><AGARI ba="1,2" hai="8,11,61,64,69,95,99,100" m="46186,41515" machi="69" ten="30,2900,0" yaku="14,1,10,1" doraHai="104" who="0" fromWho="2" sc="255,52,235,0,255,-32,235,0" /><INIT seed="0,2,0,0,5,4" ten="307,235,223,235" oya="0" hai0="88,129,31,90,60,15,94,27,23,77,34,47,78" hai1="64,124,121,17,33,107,79,8,97,93,53,1,80" hai2="89,41,24,48,68,62,130,38,5,84,105,118,56" hai3="108,13,114,32,82,3,99,119,67,9,30,83,2"/><T117/><D117/><U19/><E121/><V115/><F105/><W21/><G119/><T103/><D129/><U40/><E33/><V57/><F115/><W74/><G114/><T45/><D103/><U6/><E107/><V22/><F118/><W102/><G108/><T43/><D90/><U59/><E64/><V133/><F133/><W85/><G74/><T70/><D47/><U100/><E124/><V29/><F38/><W92/><G82/><T111/><D111/><U123/><E40/><V125/><F68/><W71/><G32/><T39/><D60/><U69/><E69/><V20/><F125/><W101/><G101/><T132/><D132/><U54/><E123/><V18/><F5/><W26/><G67/><T75/><D75/><U10/><E10/><V86/><F86/><W113/><G71/><T36/><D36/><U106/><E53/><V61/><F130/><W55/><G55/><T35/><D35/><U73/><REACH who="1" step="1"/><E106/><REACH who="1" ten="307,225,223,235" step="2"/><V52/><F41/><W120/><G120/><T7/><D70/><U76/><E76/><V87/><F57/><W109/><G109/><T42/><D42/><U116/><E116/><V135/><F135/><W81/><G113/><T37/><D34/><U58/><E58/><V72/><F72/><W91/><REACH who="3" step="1"/><G81/><REACH who="3" ten="307,225,223,225" step="2"/><T98/><D39/><U14/><E14/><N who="2" m="9303" /><F87/><W104/><G104/><T63/><D15/><U96/><E96/><V12/><F12/><W66/><G66/><T16/><D98/><U126/><E126/><V134/><F134/><W95/><G95/><AGARI ba="2,2" hai="22,24,29,48,52,56,61,62,84,89,95" m="9303" machi="95" ten="30,3900,0" yaku="25,1,8,1,54,1" doraHai="4" who="2" fromWho="3" sc="307,0,225,0,223,65,225,-45" /><INIT seed="1,0,0,2,4,73" ten="307,225,288,180" oya="1" hai0="33,116,134,104,60,9,65,61,58,22,36,50,29" hai1="119,131,67,103,57,96,28,64,84,24,70,13,100" hai2="90,39,117,79,122,30,109,88,75,47,78,99,94" hai3="110,120,38,123,111,114,71,125,127,54,25,48,18"/><U46/><E119/><V51/><F39/><W7/><G7/><T55/><D116/><U5/><E70/><V97/><F117/><W56/><G18/><T133/><D36/><U106/><E131/><V86/><F122/><N who="3" m="46635" /><G25/><N who="0" m="16567" /><D33/><U26/><E103/><V130/><F75/><W91/><G91/><T0/><D104/><U118/><E118/><V126/><F130/><W43/><G71/><T135/><D0/><U40/><E57/><V112/><F109/><N who="3" m="41483" /><G114/><T85/><D9/><U124/><E26/><V6/><F112/><W63/><G38/><T132/><D132/><U129/><E129/><V68/><F68/><W11/><G11/><T92/><D65/><U89/><E13/><V21/><F6/><W121/><N who="3" m="46643" /><W62/><DORA hai="115" /><G43/><T10/><D10/><U101/><E5/><V19/><F30/><W44/><G44/><T93/><D93/><U53/><E40/><N who="2" m="25063" /><F126/><AGARI ba="0,0" hai="48,54,56,62,63,125,126,127" m="41483,46643" machi="126" ten="50,8000,1" yaku="18,1,14,1,34,2" doraHai="73,115" who="3" fromWho="2" sc="307,0,225,0,288,-80,180,80" /><INIT seed="2,0,0,2,0,4" ten="307,225,208,260" oya="2" hai0="86,55,50,71,14,82,59,117,41,31,103,25,16" hai1="72,23,115,113,34,1,22,13,109,89,46,57,62" hai2="129,44,40,10,17,76,78,104,91,132,61,54,21" hai3="125,43,52,69,33,88,94,19,111,74,8,102,47"/><V114/><F114/><W70/><G74/><T79/><D71/><U119/><E119/><V12/><F104/><W100/><G33/><T85/><D117/><U118/><E118/><V120/><F120/><W48/><G111/><T30/><D103/><N who="3" m="39465" /><G69/><T68/><D68/><U49/><E1/><V42/><F129/><W124/><G70/><T101/><D101/><U122/><E34/><V7/><F132/><W93/><G124/><T58/><D41/><U121/><E72/><V75/><F91/><W97/><G94/><T64/><D86/><U99/><E109/><V27/><F75/><W26/><G125/><T95/><D95/><N who="1" m="56815" /><E13/><V3/><F3/><W38/><G38/><T37/><D37/><U5/><E5/><V24/><F24/><W130/><G130/><T67/><D59/><U131/><E131/><V18/><F7/><W15/><G26/><T80/><D80/><U107/><E107/><V123/><F123/><N who="1" m="47113" /><E115/><V63/><F42/><AGARI ba="0,0" hai="8,15,19,42,43,47,48,52,88,93,97" m="39465" machi="42" ten="30,7700,0" yaku="8,1,52,1,54,2" doraHai="4" who="3" fromWho="2" sc="307,0,225,0,208,-77,260,77" /><INIT seed="3,0,0,4,1,83" ten="307,225,131,337" oya="3" hai0="37,49,2,117,36,20,59,74,84,6,4,47,119" hai1="123,42,112,104,77,45,73,33,92,50,115,29,107" hai2="10,129,114,9,12,95,5,106,68,16,89,88,27" hai3="97,99,131,3,13,121,134,76,15,61,57,7,85"/><W128/><G121/><T66/><D74/><U124/><E123/><V26/><F114/><N who="1" m="43561" /><E124/><V135/><F106/><N who="1" m="40489" /><E73/><V24/><F68/><W51/><G51/><T82/><D20/><U71/><E71/><V52/><F129/><N who="3" m="49739" /><G3/><T132/><D2/><U105/><E77/><V40/><F135/><W23/><G134/><T58/><D132/><U100/><E105/><V133/><F133/><W54/><G23/><T35/><D35/><U11/><E11/><V53/><F40/><W31/><G31/><T19/><D19/><U98/><E29/><V70/><F70/><W96/><G7/><T101/><D101/><U55/><E33/><V64/><F64/><W126/><G126/><T86/><D66/><U22/><E22/><V14/><REACH who="2" step="1"/><F89/><REACH who="2" ten="307,225,121,337" step="2"/><W25/><G25/><T79/><D79/><U111/><E111/><V109/><F109/><W30/><G30/><T87/><D37/><U38/><E38/><V8/><F8/><W34/><G34/><T21/><D36/><U78/><E78/><V32/><F32/><W72/><G72/><T90/><D21/><U39/><E39/><V93/><F93/><W46/><G76/><T48/><D90/><U67/><E67/><V80/><F80/><W28/><G28/><T69/><D82/><U116/><E116/><V94/><F94/><W113/><G113/><T122/><D69/><U130/><E130/><V108/><F108/><W91/><G91/><T118/><D122/><U110/><E110/><V43/><F43/><W75/><G75/><T62/><D118/><U103/><E42/><V44/><F44/><W60/><G46/><RYUUKYOKU ba="0,1" sc="307,-15,225,15,121,15,337,-15" hai1="45,50,55,92,98,100,103" hai2="5,9,10,12,14,16,24,26,27,52,53,88,95" /><INIT seed="4,1,1,3,0,28" ten="292,240,136,322" oya="0" hai0="132,41,27,133,11,107,8,48,50,121,117,18,135" hai1="125,83,108,99,33,6,38,43,115,13,54,96,56" hai2="29,89,44,67,20,93,5,53,7,91,10,37,112" hai3="88,24,134,106,105,52,61,120,92,97,114,59,90"/><T64/><D107/><U122/><E108/><V119/><F112/><W35/><G114/><T118/><D121/><U69/><E115/><V68/><F119/><N who="0" m="45578" /><D64/><U65/><E122/><V0/><F7/><W130/><G120/><T60/><D60/><U127/><E83/><V55/><F67/><W2/><G2/><T39/><D39/><U58/><E69/><V77/><F68/><W15/><G130/><T129/><D129/><U34/><E65/><V19/><F91/><W85/><G134/><T66/><D66/><U111/><E111/><V82/><F29/><W116/><G116/><T74/><D74/><U71/><E71/><V32/><F32/><N who="1" m="12393" /><E43/><V76/><F37/><W14/><G24/><T110/><D110/><U70/><E38/><V62/><F44/><W26/><G26/><T86/><D86/><U84/><E84/><V51/><F62/><W30/><G30/><T12/><D41/><U103/><E70/><V21/><F82/><W113/><G35/><T94/><D94/><N who="1" m="58775" /><E99/><V98/><F55/><W79/><G79/><T31/><D11/><N who="1" m="4343" /><E54/><V22/><F19/><W23/><G113/><T102/><D102/><U100/><E100/><V16/><F16/><W131/><G131/><T95/><D95/><U128/><E128/><V57/><AGARI ba="1,1" hai="0,5,10,20,21,22,51,53,57,76,77,89,93,98" machi="57" ten="30,1100,0" yaku="0,1" doraHai="28" who="2" fromWho="2" sc="292,-6,240,-4,136,24,322,-4" /><INIT seed="5,0,0,4,0,80" ten="286,236,160,318" oya="1" hai0="73,56,47,4,72,52,104,32,64,74,22,76,21" hai1="114,122,27,41,94,70,23,90,38,37,86,8,106" hai2="26,58,54,14,2,65,123,40,127,107,20,108,87" hai3="116,111,93,44,98,16,5,102,103,50,95,35,118"/><U62/><E122/><V81/><F2/><W84/><G111/><T36/><D32/><U126/><E114/><V25/><F108/><W46/><G35/><T77/><D104/><U53/><E126/><V78/><F123/><W49/><G5/><T82/><D64/><U128/><E128/><V63/><F127/><W1/><G1/><T96/><D96/><U97/><E8/><V60/><F107/><W100/><G16/><T67/><D67/><U0/><E0/><V130/><F40/><W34/><G34/><T42/><D4/><U99/><E70/><V91/><F130/><W117/><G84/><T115/><D115/><U18/><E41/><V112/><F112/><W6/><G6/><T110/><D110/><U30/><E30/><V39/><F39/><W3/><G3/><T68/><D68/><U109/><E109/><V48/><F63/><W132/><G132/><T89/><D89/><U17/><E17/><V45/><F14/><W88/><G95/><T19/><D77/><U51/><E62/><V55/><F65/><W15/><G15/><T133/><D133/><U29/><E29/><V124/><F124/><W11/><G11/><T57/><D57/><U120/><E120/><V59/><F45/><AGARI ba="0,0" hai="44,45,46,49,50,88,93,98,100,102,103,116,117,118" machi="45" ten="50,3200,0" yaku="12,1,54,1" doraHai="80" who="3" fromWho="2" sc="286,0,236,0,160,-32,318,32" /><INIT seed="6,0,0,3,1,18" ten="286,236,128,350" oya="2" hai0="59,23,69,103,40,26,107,72,135,118,28,13,83" hai1="47,21,58,68,100,104,30,27,61,24,128,49,14" hai2="9,84,82,48,20,5,42,41,16,51,57,6,120" hai3="62,132,87,66,78,123,79,134,114,81,22,54,108"/><V94/><F120/><W38/><G108/><T2/><D69/><U119/><E119/><V0/><F6/><W74/><G123/><T85/><D72/><U71/><E128/><V4/><F4/><W65/><G38/><T111/><D2/><U125/><E125/><V115/><F115/><W88/><G114/><T101/><D111/><U110/><E110/><V112/><F112/><W98/><G98/><T133/><D40/><U75/><E75/><V122/><F122/><W117/><G117/><T60/><D13/><U64/><E14/><V130/><F130/><W1/><G1/><T121/><D107/><U25/><E104/><V35/><F35/><W36/><G36/><T95/><D95/><U124/><E124/><V97/><F51/><W15/><G54/><N who="0" m="33911" /><D118/><U63/><E100/><V43/><F57/><W53/><G53/><T50/><D50/><U12/><E12/><V45/><F94/><W67/><G62/><T102/><D121/><U92/><E92/><V70/><F70/><W7/><G7/><T91/><D135/><N who="3" m="51753" /><G74/><T31/><D133/><U109/><E109/><V86/><F97/><W99/><G99/><T126/><D126/><U80/><E80/><V76/><REACH who="2" step="1"/><F86/><REACH who="2" ten="286,236,118,350" step="2"/><W89/><G87/><T44/><D44/><U32/><E32/><V33/><F33/><W11/><G81/><T129/><D129/><U46/><E71/><V55/><F55/><W39/><G39/><T90/><D85/><U17/><E49/><V113/><F113/><W105/><G105/><T37/><D37/><U52/><E30/><N who="0" m="11305" /><D83/><U106/><E106/><V96/><F96/><RYUUKYOKU ba="0,1" sc="286,10,236,10,118,10,350,-30" hai0="23,26,90,91,101,102,103" hai1="17,21,24,25,27,46,47,52,58,61,63,64,68" hai2="0,5,9,16,20,41,42,43,45,48,76,82,84" /><INIT seed="6,1,1,1,2,23" ten="296,246,128,320" oya="2" hai0="109,19,24,18,61,55,60,39,93,15,119,63,124" hai1="21,42,25,6,130,70,33,13,117,2,46,22,120" hai2="122,105,29,11,126,121,12,135,37,90,132,0,123" hai3="125,116,31,84,50,65,73,57,111,113,104,75,88"/><V27/><F37/><W56/><G116/><T20/><D109/><U80/><E117/><V99/><F105/><W129/><G104/><T69/><D39/><U115/><E70/><V87/><F99/><W51/><G111/><T127/><D119/><U41/><E115/><V36/><F36/><W112/><G125/><N who="0" m="48203" /><D93/><U26/><E2/><V43/><F43/><N who="1" m="16393" /><E33/><V92/><F0/><W40/><G31/><T53/><D69/><U82/><E46/><V85/><F85/><W86/><G129/><T14/><D14/><U108/><E130/><V131/><F131/><W8/><G40/><T48/><D48/><U114/><E120/><V64/><F64/><W94/><G8/><AGARI ba="1,1" hai="8,15,18,19,20,24,53,55,60,61,63" m="48203" machi="8" ten="30,2000,0" yaku="18,1,52,1" doraHai="23" who="0" fromWho="3" sc="296,33,246,0,128,0,320,-23" /><INIT seed="7,0,0,4,4,98" ten="329,246,128,297" oya="3" hai0="27,65,106,52,116,129,103,72,89,87,47,68,0" hai1="104,111,21,131,130,2,94,102,109,122,100,88,40" hai2="50,71,39,107,66,84,5,69,74,14,28,15,17" hai3="42,61,101,13,105,55,37,115,54,70,19,4,86"/><W76/><G115/><T127/><D116/><U135/><E2/><V113/><F74/><W46/><G4/><T83/><D0/><U29/><E40/><V64/><F39/><W99/><G76/><T43/><D72/><U79/><E122/><V30/><F107/><W22/><REACH who="3" step="1"/><G86/><REACH who="3" ten="329,246,128,287" step="2"/><T112/><D112/><U60/><E79/><V85/><F113/><W36/><G36/><T110/><D87/><U96/><E109/><V90/><F5/><W91/><G91/><T133/><D89/><U26/><E111/><V18/><F90/><W93/><G93/><T49/><D110/><U9/><E104/><V31/><F31/><W114/><G114/><T11/><D106/><U120/><E120/><V44/><F50/><W38/><G38/><T1/><D49/><U119/><E119/><V121/><F121/><W8/><G8/><T25/><D11/><U95/><E95/><V108/><F108/><W33/><G33/><T48/><D48/><U51/><E51/><V132/><F44/><W3/><G3/><T75/><D1/><U56/><E9/><V81/><F81/><W118/><G118/><T41/><D83/><U117/><E117/><V35/><F35/><W80/><G80/><T97/><D47/><U62/><E62/><V12/><F12/><W7/><G7/><T67/><D43/><U58/><E60/><V73/><F73/><W124/><G124/><T128/><D127/><U63/><E63/><V125/><F125/><W134/><G134/><T82/><D133/><U123/><E135/><V92/><F132/><W24/><G24/><T6/><D27/><RYUUKYOKU ba="0,1" sc="329,-15,246,-15,128,15,287,15" hai2="14,15,17,18,28,30,64,66,69,71,84,85,92" hai3="13,19,22,37,42,46,54,55,61,70,99,101,105" /><INIT seed="7,1,1,2,4,53" ten="314,231,143,302" oya="3" hai0="123,99,39,78,51,21,42,12,101,129,14,30,37" hai1="43,29,26,47,28,125,80,32,63,22,58,55,20" hai2="71,6,10,34,92,122,85,8,104,75,113,108,67" hai3="102,124,24,59,100,77,94,130,3,135,35,1,52"/><W31/><G124/><T7/><D123/><U106/><E125/><V40/><F108/><W19/><G130/><T93/><D78/><U36/><E106/><V110/><F110/><W33/><G33/><T131/><D51/><U97/><E29/><V38/><F122/><W0/><G135/><T134/><D134/><U82/><E97/><V119/><F119/><W70/><G70/><T109/><D109/><U11/><E11/><V117/><F117/><W86/><G19/><N who="0" m="10471" /><D42/><U118/><E118/><V79/><F10/><W48/><REACH who="3" step="1"/><G94/><REACH who="3" ten="314,231,143,292" step="2"/><T15/><D30/><U111/><E111/><V120/><F120/><W115/><G115/><T65/><D7/><U121/><E121/><V56/><F113/><W61/><G61/><T128/><D65/><U114/><E114/><V16/><F71/><W132/><G132/><T72/><D72/><U88/><E32/><V95/><F34/><W41/><G41/><T60/><D60/><U44/><E28/><V66/><F75/><W116/><G116/><T64/><D64/><U84/><E43/><V9/><F104/><W69/><G69/><T49/><D49/><U105/><E105/><V17/><F67/><W91/><G91/><T25/><D25/><U4/><E4/><V13/><F95/><W133/><G133/><T126/><D126/><U76/><E88/><N who="2" m="53263" /><F79/><W83/><AGARI ba="1,2" hai="0,1,3,24,31,35,48,52,59,77,83,86,100,102" machi="83" ten="40,12000,1" yaku="1,1,0,1,52,1,54,1,53,1" doraHai="53" doraHaiUra="46" who="3" fromWho="3" sc="314,-41,231,-41,143,-41,292,143" owari="273,7.3,190,-21.0,102,-39.8,435,53.5" /></mjloggm>