<mjloggm ver="2.3"><GO type="169" lobby="0"/><UN n0="%E6%B0%B4%E9%99%B8%E9%A9%9A%E9%AD%9A%31" n1="%E3%81%A8%E3%81%B3%E3%81%BE%E3%81%93" n2="%E3%82%A2%E3%83%AA%E3%82%A2%E3%83%B3%E3%83%AD%E3%83%BC%E3%83%89" n3="%E3%81%BD%E3%81%A3%E3%81%91%E3%81%95%E3%82%93" dan="16,16,16,16" rate="2113.14,2177.92,2122.76,2139.23" sx="M,M,F,M"/><TAIKYOKU oya="0"/><INIT seed="0,0,0,5,2,68" ten="250,250,250,250" oya="0" hai0="1,14,15,69,64,41,84,113,111,110,52,3,99" hai1="87,36,40,103,88,121,33,93,120,66,81,21,83" hai2="2,46,28,102,100,37,94,25,63,4,23,133,5" hai3="73,80,10,97,19,51,6,57,106,49,118,126,114"/><T11/><D113/><U92/><E33/><V101/><F133/><W131/><G118/><T85/><D41/><U50/><E50/><V90/><F63/><W29/><G29/><T115/><D115/><U39/><E66/><V16/><F2/><W7/><G57/><T32/><D32/><U134/><E40/><V117/><F117/><W107/><G19/><N who="0" m="8671" /><D69/><U123/><E21/><V31/><F37/><W71/><G71/><T56/><D64/><U62/><E62/><V34/><F46/><W58/><G58/><T55/><D15/><U116/><E116/><V129/><F129/><W122/><G10/><T124/><D55/><U125/><E134/><V38/><F38/><W72/><G106/><T70/><D70/><U20/><E125/><V48/><F48/><W67/><G107/><T53/><D53/><U30/><E83/><V47/><F47/><W132/><G67/><T79/><D99/><U86/><E103/><V105/><F105/><W112/><G132/><T82/><D85/><U96/><E92/><V18/><F34/><W12/><G126/><T24/><D24/><U22/><E22/><V45/><F45/><W9/><G12/><T13/><D13/><U75/><E75/><V74/><F74/><W109/><G73/><T0/><D124/><U60/><E60/><V119/><F119/><W91/><G72/><T76/><D76/><N who="1" m="46375" /><E87/><N who="2" m="52575" /><F28/><W127/><G127/><T26/><D26/><U130/><E130/><V17/><AGARI ba="0,0" hai="4,5,16,17,18,23,25,31,100,101,102" m="52575" machi="17" ten="30,2000,0" yaku="8,1,54,1" doraHai="68" who="2" fromWho="2" sc="250,-10,250,-5,250,20,250,-5" /><INIT seed="1,0,0,5,0,2" ten="240,245,270,245" oya="1" hai0="99,73,78,83,96,7,85,31,9,40,77,128,112" hai1="1,108,122,115,48,114,20,125,82,107,39,49,70" hai2="4,36,100,98,55,66,89,86,62,102,106,12,34" hai3="118,87,37,116,88,127,52,109,28,69,16,117,121"/><U110/><E107/><V57/><F36/><W103/><G121/><T22/><D112/><N who="1" m="43051" /><E82/><V27/><F102/><W14/><G69/><T92/><D128/><U45/><E20/><V119/><F119/><W111/><G37/><T15/><D40/><N who="1" m="22687" /><E1/><V79/><F79/><W71/><G71/><T50/><D50/><N who="1" m="19563" /><E70/><V42/><F42/><W80/><G103/><T113/><D113/><U72/><E72/><V124/><F34/><W67/><G28/><T64/><D73/><U133/><E122/><V75/><F27/><W26/><G26/><N who="0" m="16855" /><D78/><U132/><E125/><V24/><F24/><W65/><G127/><T23/><D23/><U120/><E120/><V97/><F75/><W93/><G80/><T74/><D74/><U21/><E21/><V18/><F124/><W0/><G0/><T44/><D99/><U94/><E94/><V56/><F100/><W60/><G14/><T43/><D43/><U131/><E131/><V8/><F106/><W35/><G35/><T68/><D68/><U32/><E32/><V59/><F98/><W10/><G10/><T3/><D3/><U84/><E84/><V126/><F97/><W61/><G16/><T5/><D96/><U104/><E104/><V123/><F123/><W17/><G17/><N who="0" m="8431" /><D92/><U47/><E47/><V91/><F126/><W81/><G93/><T30/><D44/><U130/><E130/><V134/><F18/><W51/><G51/><T76/><D30/><U95/><E95/><V46/><F8/><W105/><G105/><T90/><D64/><N who="3" m="24649" /><G61/><T6/><AGARI ba="0,0" hai="5,6,7,76,77,83,85,90" m="8431,16855" machi="6" ten="30,7900,0" yaku="8,1,52,3" doraHai="2" who="0" fromWho="0" sc="240,79,245,-39,270,-20,245,-20" /><INIT seed="2,0,0,0,2,18" ten="319,206,250,225" oya="2" hai0="96,107,54,119,126,125,121,104,124,111,70,67,133" hai1="112,25,35,57,14,38,24,50,53,32,16,116,30" hai2="91,28,37,3,42,26,1,88,103,66,61,134,128" hai3="131,31,130,72,109,80,69,135,114,56,115,106,63"/><V127/><F128/><N who="3" m="49195" /><G31/><T101/><D121/><U15/><E38/><V98/><F134/><W113/><G106/><T0/><D0/><U99/><E112/><V45/><F127/><W19/><G135/><T11/><D11/><U122/><E122/><V7/><F7/><W13/><G69/><T48/><D133/><U10/><E116/><V120/><F1/><W90/><G109/><T85/><D111/><U27/><E35/><V47/><F47/><W46/><G46/><T39/><D39/><U132/><E132/><V33/><F3/><W59/><G63/><N who="0" m="40319" /><D85/><U94/><REACH who="1" step="1"/><E15/><REACH who="1" ten="319,196,250,225" step="2"/><V65/><F120/><W71/><G13/><T41/><D119/><U97/><E97/><V17/><F65/><W49/><G113/><T118/><D118/><U22/><E22/><V21/><F33/><W68/><G114/><T64/><D64/><U8/><E8/><V2/><F2/><W52/><G115/><T117/><D117/><U93/><E93/><N who="2" m="58831" /><F17/><W108/><G108/><T105/><D41/><U78/><E78/><V92/><F92/><W23/><G19/><T79/><D79/><U40/><E40/><V43/><F42/><W20/><G20/><T87/><D107/><U86/><E86/><V34/><F34/><W4/><G23/><T89/><D105/><U76/><E76/><V73/><F73/><W83/><G72/><T29/><D87/><U58/><E58/><AGARI ba="0,1" hai="21,26,28,37,43,45,58,61,66,88,91" m="58831" machi="58" ten="30,5800,0" yaku="25,1,52,1,54,1" doraHai="18" who="2" fromWho="1" sc="319,0,196,-58,250,68,225,0" /><INIT seed="2,1,0,5,5,53" ten="319,138,318,225" oya="2" hai0="131,98,94,88,16,36,90,99,29,2,104,120,51" hai1="18,10,74,133,92,11,84,43,93,26,63,37,130" hai2="78,50,30,65,22,71,8,46,42,76,20,27,44" hai3="68,122,109,132,112,100,77,103,80,82,38,52,110"/><V9/><F71/><W115/><G68/><T73/><D36/><U129/><E74/><V72/><F65/><W101/><G38/><T119/><D73/><U7/><E133/><V106/><F106/><W13/><G13/><T118/><D2/><U24/><E37/><V125/><F125/><W55/><G132/><T127/><D29/><U107/><E107/><V61/><F61/><W121/><REACH who="3" step="1"/><G101/><REACH who="3" ten="319,138,318,215" step="2"/><T91/><D127/><U123/><E123/><V81/><F76/><AGARI ba="1,1" hai="52,55,76,77,80,82,100,103,109,110,112,115,121,122" machi="76" ten="25,8000,1" yaku="1,1,2,1,22,2,54,1,53,0" doraHai="53" doraHaiUra="31" who="3" fromWho="2" sc="319,0,138,0,318,-83,215,93" /><INIT seed="3,0,0,0,4,49" ten="319,138,235,308" oya="3" hai0="90,96,20,72,28,21,84,14,89,7,11,22,108" hai1="9,15,8,91,39,58,17,124,123,6,42,59,132" hai2="118,87,133,43,16,125,115,3,31,92,23,32,65" hai3="114,35,69,135,64,61,29,41,81,26,24,112,18"/><W80/><G135/><T134/><D108/><U67/><E123/><V66/><F118/><W131/><G41/><T52/><D72/><U13/><E132/><V119/><F119/><W5/><G5/><T50/><D134/><U57/><E124/><V98/><F133/><W51/><G131/><T82/><D96/><U74/><E74/><V128/><F125/><W4/><G4/><T106/><D106/><U102/><E102/><V70/><F115/><W36/><G36/><T1/><D1/><U45/><E91/><V2/><F128/><W53/><G18/><T116/><D116/><U99/><E99/><V47/><F87/><W55/><G24/><N who="0" m="16391" /><D90/><U94/><E94/><V117/><F117/><W60/><G60/><T44/><AGARI ba="0,0" hai="7,11,14,21,22,44,50,52,82,84,89" m="16391" machi="44" ten="30,4000,0" yaku="8,1,52,1,54,1" doraHai="49" who="0" fromWho="0" sc="319,40,138,-10,235,-10,308,-20" /><INIT seed="4,0,0,3,4,41" ten="359,128,225,288" oya="0" hai0="46,134,90,8,44,86,87,132,15,76,88,102,27" hai1="130,68,77,38,100,95,84,16,74,106,22,73,98" hai2="25,47,61,71,3,2,99,30,10,81,59,66,54" hai3="104,56,32,50,14,97,112,107,39,4,49,85,53"/><T33/><D102/><U23/><E68/><V82/><F99/><W124/><G39/><T55/><D33/><U20/><E130/><V37/><F82/><W116/><G116/><T110/><D27/><U6/><E6/><V117/><F117/><W114/><G32/><T122/><D122/><U108/><E108/><V18/><F81/><W40/><G124/><T63/><D76/><U43/><E77/><V118/><F118/><W62/><G85/><N who="0" m="32267" /><D110/><U127/><E127/><V45/><F37/><W48/><G40/><T113/><D113/><N who="3" m="43625" /><G97/><T52/><D134/><U119/><E119/><V120/><F120/><W123/><G123/><T64/><D64/><U115/><E115/><V125/><F125/><W131/><G131/><T103/><D103/><U105/><E43/><V80/><F80/><W60/><G60/><T89/><D132/><U36/><E36/><V65/><F65/><W29/><G29/><T111/><D111/><U7/><E7/><V135/><F135/><W34/><G34/><T17/><D63/><U129/><E38/><V26/><F30/><W42/><G42/><T72/><D72/><U133/><E129/><V69/><F2/><W93/><G93/><T79/><D79/><U92/><E133/><V21/><F25/><W96/><G96/><T101/><D101/><U24/><E92/><V94/><F94/><W78/><G78/><T91/><N who="0" m="22528" /><DORA hai="126" /><T121/><D121/><U5/><E84/><V31/><F66/><W19/><G4/><T28/><D28/><U67/><E5/><N who="2" m="1343" /><F31/><W9/><AGARI ba="0,0" hai="9,14,19,48,49,50,53,56,62,104,107" m="43625" machi="9" ten="30,1100,0" yaku="15,1" doraHai="41,126" who="3" fromWho="3" sc="359,-5,128,-3,225,-3,288,11" /><INIT seed="5,0,0,0,4,100" ten="354,125,222,299" oya="1" hai0="128,3,77,69,66,102,39,85,49,48,1,60,9" hai1="101,95,62,75,99,132,61,78,31,82,116,104,12" hai2="56,65,20,51,45,97,4,84,81,19,58,57,2" hai3="64,129,40,83,114,28,119,122,111,10,67,89,73"/><U70/><E116/><V117/><F117/><W92/><G122/><T32/><D39/><U54/><E132/><V15/><F2/><W106/><G106/><T16/><D32/><U46/><E31/><V43/><F4/><W29/><G111/><T80/><D128/><U133/><E133/><V134/><F134/><W37/><G129/><T25/><D3/><U98/><E70/><V47/><F97/><W121/><G10/><T22/><D1/><U14/><E46/><N who="2" m="26079" /><F65/><W33/><G83/><T55/><D9/><U50/><E50/><V105/><F105/><W59/><G92/><T127/><D127/><U5/><E5/><V124/><F124/><W17/><G17/><T34/><D34/><U24/><E24/><V7/><F7/><W113/><G59/><T109/><D109/><U125/><E125/><V123/><F123/><W30/><G30/><T42/><D42/><U79/><E79/><AGARI ba="0,0" hai="15,19,20,45,47,56,57,58,79,81,84" m="26079" machi="79" ten="30,1000,0" yaku="8,1" doraHai="100" who="2" fromWho="1" sc="354,0,125,-10,222,10,299,0" /><INIT seed="6,0,0,3,5,42" ten="354,115,232,299" oya="2" hai0="74,26,31,68,60,28,10,114,59,32,112,78,43" hai1="64,53,51,73,58,106,92,44,70,81,83,115,116" hai2="11,37,96,27,126,62,104,79,102,66,95,121,45" hai3="109,4,93,131,71,23,111,80,130,41,85,61,50"/><V108/><F121/><W120/><G120/><T5/><D31/><U56/><E106/><V89/><F126/><W48/><G4/><T52/><D68/><U9/><E116/><V20/><F108/><W76/><G93/><T100/><D100/><U6/><E115/><N who="0" m="44073" /><D43/><U14/><E73/><V35/><F35/><W119/><G119/><T63/><D78/><U122/><E122/><V129/><F129/><N who="3" m="49163" /><G23/><T19/><D19/><U91/><E70/><V134/><F134/><W110/><G41/><T18/><D18/><U87/><E64/><AGARI ba="0,0" hai="48,50,61,64,71,76,80,85,109,110,111" m="49163" machi="64" ten="40,1300,0" yaku="19,1" doraHai="42" who="3" fromWho="1" sc="354,0,115,-13,232,0,299,13" /><INIT seed="7,0,0,5,4,16" ten="354,102,232,312" oya="3" hai0="45,135,67,83,101,5,25,127,27,14,37,17,82" hai1="43,70,35,120,77,55,132,38,104,133,72,80,65" hai2="134,103,51,81,100,2,15,90,7,119,3,6,112" hai3="99,115,42,84,31,105,57,34,130,76,19,131,46"/><W13/><G115/><T22/><D135/><U92/><E92/><V86/><F119/><W102/><G57/><T12/><D127/><U98/><E55/><V97/><F134/><W87/><G31/><T95/><D67/><U50/><E50/><V79/><F112/><W111/><G34/><T36/><D36/><U116/><E116/><V114/><F2/><W78/><G111/><T68/><D68/><U71/><E120/><V75/><F3/><W73/><G73/><T85/><D45/><U32/><E133/><V4/><F114/><W23/><G84/><T56/><D37/><U66/><E132/><V107/><F103/><W28/><G28/><T88/><D56/><U9/><E9/><V21/><F51/><N who="3" m="27095" /><G87/><T44/><D44/><U33/><E65/><V59/><F59/><W0/><G0/><T1/><D1/><U18/><E18/><V121/><F121/><W60/><G60/><T8/><D101/><U26/><E26/><AGARI ba="0,0" hai="5,8,12,14,17,22,25,26,27,82,83,85,88,95" machi="26" ten="40,5200,0" yaku="8,1,52,1,54,1" doraHai="16" who="0" fromWho="1" sc="354,52,102,-52,232,0,312,0" owari="406,50.6,50,-45.0,232,-16.8,312,11.2" /></mjloggm>