<mjloggm ver="2.3"><GO type="169" lobby="0"/><UN n0="%6E%61%67%61%69%6D%6F" n1="%E7%BD%AA%E5%88%91%E6%B3%95%E5%AE%9A%E4%B8%BB%E7%BE%A9" n2="%6E%61%74%73%75%6D%65%65" n3="%E3%82%B7%E3%83%AB%E3%83%90%E3%83%BC%E3%83%96%E3%83%AC%E3%83%83%E3%83%88" dan="16,17,16,16" rate="2127.51,2220.45,2072.11,2203.43" sx="M,M,F,M"/><TAIKYOKU oya="0"/><INIT seed="0,0,0,0,5,71" ten="250,250,250,250" oya="0" hai0="103,45,129,74,4,67,134,113,80,56,22,62,125" hai1="83,105,14,100,117,5,25,98,82,15,48,3,112" hai2="55,64,115,70,102,78,95,75,123,29,108,97,0" hai3="32,34,49,54,111,57,33,13,101,59,40,110,88"/><T36/><D113/><U23/><E117/><V99/><F115/><W66/><G101/><T21/><D134/><U11/><E112/><V116/><F123/><W118/><G118/><T2/><D129/><U86/><E48/><V35/><F0/><W96/><G40/><T72/><D125/><U27/><E27/><V119/><F108/><W1/><G1/><T30/><D103/><U73/><E73/><V39/><F55/><W42/><G42/><T84/><D74/><U51/><E51/><V114/><F114/><W43/><G43/><T128/><D72/><U37/><E37/><V109/><F109/><N who="3" m="41483" /><G13/><T76/><D128/><U31/><REACH who="1" step="1"/><E83/><REACH who="1" ten="250,240,250,250" step="2"/><V58/><F75/><W19/><G49/><T8/><REACH who="0" step="1"/><D30/><REACH who="0" ten="240,240,250,250" step="2"/><U127/><E127/><V120/><F29/><W126/><G126/><T89/><D89/><AGARI ba="0,2" hai="3,5,11,14,15,23,25,31,82,86,89,98,100,105" machi="89" ten="30,7700,0" yaku="1,1,7,1,53,2" doraHai="71" doraHaiUra="10" who="1" fromWho="0" sc="240,-77,240,97,250,0,250,0" /><INIT seed="1,0,0,5,0,101" ten="163,337,250,250" oya="1" hai0="100,110,90,77,51,54,116,25,134,10,83,103,73" hai1="114,84,8,60,38,29,47,121,123,21,26,82,91" hai2="1,53,130,37,6,20,43,42,3,96,74,7,41" hai3="125,39,17,78,16,68,66,89,132,22,36,72,30"/><U112/><E60/><V79/><F37/><W46/><G132/><T19/><D134/><U50/><E38/><V23/><F74/><W2/><G125/><T69/><D69/><U18/><E8/><V75/><F130/><W113/><G2/><T0/><D116/><U135/><E135/><V76/><F43/><W129/><G30/><T71/><D71/><U119/><E119/><V15/><F96/><W33/><G22/><T126/><D126/><U57/><E57/><V122/><F15/><W12/><G89/><T32/><D110/><U111/><E111/><V93/><F93/><W28/><G28/><T98/><D90/><U9/><E123/><V67/><F67/><W107/><G12/><T11/><D0/><U34/><E121/><V88/><F88/><W95/><G95/><T24/><D103/><U45/><E45/><V104/><F75/><W44/><G33/><T80/><D80/><U124/><E124/><V109/><F109/><W31/><G31/><T27/><D32/><U92/><E92/><V117/><F117/><W128/><G66/><T64/><D64/><U118/><E118/><V63/><F122/><W133/><G68/><T48/><D19/><U61/><E61/><V70/><F63/><W40/><G133/><T35/><D35/><U62/><E62/><V102/><F70/><W97/><G17/><T115/><D115/><U56/><E9/><V131/><F131/><W120/><G120/><T127/><D127/><U49/><E34/><V85/><F102/><N who="3" m="62927" /><G129/><T59/><D51/><U13/><E114/><V94/><F94/><W55/><G128/><RYUUKYOKU ba="0,0" sc="163,30,337,-10,250,-10,250,-10" hai0="10,11,24,25,27,48,54,59,73,77,83,98,100" /><INIT seed="2,1,0,0,2,28" ten="193,327,240,240" oya="2" hai0="92,24,107,18,13,98,8,90,135,44,15,6,21" hai1="35,104,113,40,31,121,55,72,111,14,58,61,77" hai2="125,34,53,22,102,50,62,54,95,110,56,69,91" hai3="134,2,1,71,84,118,51,3,112,79,64,70,27"/><V65/><F125/><W127/><G118/><T76/><D135/><U132/><E113/><V116/><F116/><W130/><G130/><T63/><D107/><U57/><E104/><V45/><F110/><W66/><G134/><T117/><D117/><U37/><E132/><V11/><F102/><W59/><G127/><T109/><D109/><U30/><E111/><V81/><F22/><W78/><G112/><T7/><D76/><U80/><E35/><V20/><F20/><W32/><G51/><T123/><D123/><U48/><E121/><V19/><F34/><W124/><G59/><T16/><D13/><U83/><E37/><V133/><F133/><W47/><G47/><T89/><D44/><U126/><E126/><V128/><F128/><W36/><G36/><T43/><D43/><U60/><E60/><V103/><F103/><W41/><G41/><T26/><D26/><U129/><E129/><V94/><F54/><W97/><G97/><T39/><D39/><U33/><E33/><V49/><F49/><W96/><G96/><T23/><D8/><U115/><E115/><V122/><F122/><W25/><G124/><T17/><D17/><U82/><E14/><N who="2" m="7647" /><F69/><N who="3" m="26123" /><G32/><T42/><D42/><U0/><E40/><V68/><F68/><W12/><G12/><T86/><REACH who="0" step="1"/><D63/><REACH who="0" ten="183,327,240,240" step="2"/><U10/><E10/><V93/><F45/><W87/><G27/><T114/><D114/><U88/><E61/><V85/><F62/><W108/><G25/><T46/><D46/><U4/><E77/><N who="3" m="29194" /><G108/><T52/><D52/><U131/><E55/><V29/><F29/><N who="1" m="10761" /><E131/><V38/><F38/><RYUUKYOKU ba="1,1" sc="183,10,327,-30,240,10,240,10" hai0="6,7,15,16,18,21,23,24,86,89,90,92,98" hai2="50,53,56,65,81,85,91,93,94,95" hai3="1,2,3,64,66,84,87" /><INIT seed="2,2,1,4,0,82" ten="193,297,250,250" oya="2" hai0="94,66,127,124,74,28,111,38,32,72,121,25,26" hai1="18,116,61,7,58,91,40,27,134,106,14,53,8" hai2="93,71,6,133,98,4,15,87,11,29,0,128,2" hai3="54,5,45,102,17,20,36,95,115,65,10,56,122"/><V13/><F71/><W75/><G122/><T79/><D121/><U103/><E116/><V114/><F114/><W85/><G75/><T69/><D38/><U83/><E134/><V50/><F133/><W22/><G65/><T37/><D37/><U47/><E106/><V3/><F128/><W123/><G123/><T43/><D43/><U129/><E129/><V109/><F109/><W55/><G115/><T99/><D111/><U130/><E130/><V125/><F125/><W31/><G31/><T33/><D66/><U135/><E135/><V117/><F117/><W97/><G85/><T80/><D69/><U132/><E132/><V131/><F131/><W118/><G118/><T100/><D72/><U62/><E103/><V113/><F113/><W67/><G67/><T68/><D68/><U105/><E105/><V63/><F63/><W16/><G36/><T34/><REACH who="0" step="1"/><D25/><REACH who="0" ten="183,297,250,250" step="2"/><U110/><E110/><V108/><F108/><W73/><G73/><T120/><D120/><U35/><E27/><V88/><F29/><W48/><G22/><AGARI ba="2,2" hai="22,26,28,32,33,34,74,79,80,94,99,100,124,127" machi="22" ten="40,1300,0" yaku="1,1,53,0" doraHai="82" doraHaiUra="101" who="0" fromWho="3" sc="183,39,297,0,250,0,250,-19" /><INIT seed="3,0,0,0,0,88" ten="222,297,250,231" oya="3" hai0="96,103,87,19,2,33,40,41,81,116,29,20,4" hai1="93,129,51,47,126,112,130,31,46,60,50,13,48" hai2="52,98,66,111,27,34,61,5,108,11,67,28,80" hai3="101,42,8,135,120,109,125,117,53,57,36,106,64"/><W68/><G120/><T89/><D116/><U114/><E31/><V54/><F67/><W85/><G117/><T37/><D37/><U18/><E18/><V83/><F98/><W128/><G128/><N who="1" m="49258" /><E13/><V26/><F26/><W38/><G125/><T32/><D32/><U79/><E79/><V55/><F83/><W59/><G135/><T23/><D33/><U123/><E123/><V14/><REACH who="2" step="1"/><F80/><REACH who="2" ten="222,297,240,231" step="2"/><W6/><G64/><T77/><D77/><U86/><E126/><V105/><F105/><W132/><G106/><T72/><D72/><U39/><E114/><V110/><F110/><W121/><G109/><T56/><D81/><U10/><E112/><V22/><F22/><W49/><G85/><T122/><D23/><U25/><E25/><V131/><F131/><W95/><G121/><T133/><D20/><U118/><E118/><V62/><F62/><W24/><G24/><T17/><D87/><U134/><E60/><V73/><F73/><W63/><G63/><T69/><D133/><U102/><E134/><V44/><F44/><W3/><G132/><T97/><D97/><N who="1" m="59695" /><E47/><V43/><F43/><W76/><G76/><T74/><D41/><N who="1" m="22847" /><E86/><V71/><AGARI ba="0,1" hai="5,11,14,27,28,34,52,54,55,61,66,71,108,111" machi="71" ten="30,7900,0" yaku="1,1,0,1,54,1,53,1" doraHai="88" doraHaiUra="1" who="2" fromWho="2" sc="222,-20,297,-20,240,89,231,-39" /><INIT seed="4,0,0,4,0,93" ten="202,277,329,192" oya="0" hai0="121,114,128,126,69,8,92,26,82,33,44,11,129" hai1="42,77,110,107,13,104,134,37,80,100,6,0,2" hai2="88,25,63,21,76,108,65,79,135,105,83,89,32" hai3="132,119,41,19,116,56,133,5,95,123,112,101,24"/><T52/><D69/><U55/><E110/><V98/><F108/><W87/><G41/><T124/><D114/><U64/><E64/><V120/><F120/><W62/><G5/><T48/><D121/><U20/><E134/><N who="3" m="51818" /><G112/><T58/><D82/><U28/><E55/><V113/><F113/><W99/><G123/><T38/><D33/><U9/><E0/><V72/><F79/><W85/><G19/><T7/><D26/><U131/><E131/><N who="0" m="50249" /><D92/><U97/><E107/><V71/><F135/><W61/><G24/><T18/><D18/><U49/><E28/><N who="2" m="19471" /><F21/><W59/><G87/><T75/><D75/><N who="1" m="43071" /><E20/><V84/><F72/><W78/><G78/><T40/><D8/><U12/><E49/><V14/><F14/><AGARI ba="0,0" hai="7,11,14,38,40,44,48,52,58,124,126" m="50249" machi="14" ten="30,2900,0" yaku="19,1,54,1" doraHai="93" who="0" fromWho="2" sc="202,29,277,0,329,-29,192,0" /><INIT seed="4,1,0,4,4,72" ten="231,277,300,192" oya="0" hai0="58,23,35,51,85,42,19,125,78,106,61,76,112" hai1="52,91,7,17,88,5,13,16,108,68,100,21,55" hai2="97,122,31,47,117,90,29,110,25,28,38,94,37" hai3="9,77,80,99,39,92,62,69,134,22,128,101,44"/><T0/><D112/><U129/><E108/><V40/><F110/><W133/><G128/><T33/><D106/><U115/><E68/><V59/><F122/><W11/><G22/><T65/><D0/><U12/><E129/><V2/><F2/><W46/><G62/><T8/><D125/><U116/><E116/><V83/><F117/><W3/><G69/><T120/><D120/><U98/><E115/><V1/><F1/><W81/><G81/><T32/><D8/><U79/><E79/><V54/><F83/><W93/><G93/><T121/><D85/><U53/><E100/><V60/><REACH who="2" step="1"/><F38/><REACH who="2" ten="231,277,290,192" step="2"/><W14/><G39/><T109/><D109/><U96/><E55/><V45/><F45/><W135/><G3/><T36/><D36/><U89/><E89/><V74/><F74/><N who="3" m="43063" /><G11/><T118/><D118/><U10/><E10/><V126/><F126/><W50/><G50/><T131/><D131/><U130/><E130/><V30/><F30/><W84/><G84/><T18/><D121/><U75/><E75/><V48/><F48/><W103/><G103/><T123/><D123/><U71/><E71/><V66/><F66/><W73/><G73/><T82/><D82/><U87/><E87/><V104/><F104/><W102/><G102/><T105/><D105/><U132/><REACH who="1" step="1"/><E21/><AGARI ba="1,1" hai="21,25,28,29,31,37,40,47,54,59,60,90,94,97" machi="21" ten="30,2000,0" yaku="1,1,7,1,53,0" doraHai="72" doraHaiUra="127" who="2" fromWho="1" sc="231,0,277,-23,290,33,192,0" /><INIT seed="5,0,0,1,1,57" ten="231,254,323,192" oya="1" hai0="127,128,85,65,33,49,112,20,46,114,96,10,108" hai1="52,73,27,121,77,120,130,12,135,63,110,107,89" hai2="55,19,17,28,111,43,102,70,118,9,24,67,123" hai3="26,4,113,117,61,14,32,39,99,16,92,68,58"/><U133/><E107/><V91/><F111/><W88/><G113/><T106/><D33/><U18/><E73/><V78/><F118/><W35/><G39/><T83/><D108/><U42/><E42/><V100/><F78/><W131/><G68/><T15/><D20/><U103/><E103/><V6/><F123/><W41/><G41/><T81/><D81/><U132/><E77/><V38/><F55/><N who="3" m="34015" /><G131/><T116/><D128/><U23/><E130/><V48/><F38/><W22/><G117/><T3/><D3/><U34/><E110/><V109/><F109/><W76/><G76/><T134/><D116/><U30/><E89/><V56/><F70/><W90/><G90/><T36/><D36/><U84/><E84/><V119/><F91/><W95/><G95/><T98/><D106/><U115/><E115/><V51/><F102/><W45/><G45/><T126/><D114/><U79/><E79/><V71/><F71/><W53/><G53/><T94/><D112/><U82/><E82/><V54/><F100/><W87/><G87/><T1/><D1/><U8/><E34/><N who="3" m="12842" /><G14/><T64/><D85/><U122/><E122/><V80/><F119/><W40/><G40/><T62/><D83/><U66/><E66/><V47/><F67/><W104/><G4/><T60/><D65/><U0/><E0/><N who="2" m="199" /><F80/><W101/><G101/><T72/><D64/><U7/><E7/><V124/><F28/><W5/><G5/><T74/><D74/><U11/><E11/><V44/><F43/><W75/><G104/><T93/><D72/><AGARI ba="0,0" hai="16,22,26,72,75,88,92,99" m="12842,34015" machi="72" ten="30,7700,0" yaku="25,1,52,1,54,2" doraHai="57" who="3" fromWho="0" sc="231,-77,254,0,323,0,192,77" /><INIT seed="6,0,0,1,5,90" ten="154,254,323,269" oya="2" hai0="97,57,28,115,41,104,73,52,124,100,75,36,74" hai1="72,18,62,6,76,45,95,123,53,32,107,88,64" hai2="49,106,47,59,96,3,85,11,5,111,82,69,29" hai3="21,23,112,38,14,125,80,66,131,83,51,17,55"/><V16/><F69/><W132/><G38/><T101/><D115/><U108/><E108/><V46/><F29/><W103/><G131/><T129/><D129/><U77/><E107/><V98/><F111/><W54/><G125/><T4/><D124/><U1/><E123/><V12/><F59/><W34/><G34/><T61/><D28/><U93/><E32/><V91/><F106/><W19/><G132/><T89/><D4/><U102/><E72/><V22/><REACH who="2" step="1"/><F47/><REACH who="2" ten="154,254,313,269" step="2"/><W114/><G114/><T134/><D134/><U113/><E113/><V92/><F92/><W109/><G112/><T58/><D104/><U67/><E45/><V135/><F135/><W44/><G109/><T27/><D57/><N who="1" m="35119" /><E95/><V120/><F120/><W25/><G66/><T65/><D65/><U48/><E67/><V37/><F37/><W39/><G39/><T118/><D118/><U116/><E64/><V110/><F110/><W126/><G126/><T121/><D121/><U63/><E116/><V94/><F94/><W105/><G105/><T43/><D36/><U130/><E93/><V78/><F78/><W68/><G68/><T31/><D89/><U33/><E88/><V99/><F99/><W24/><G103/><T8/><D97/><U42/><E77/><V30/><F30/><N who="3" m="17679" /><G55/><AGARI ba="0,1" hai="3,5,11,12,16,22,46,49,55,82,85,91,96,98" machi="55" ten="30,5800,0" yaku="1,1,7,1,54,1,53,0" doraHai="90" doraHaiUra="71" who="2" fromWho="3" sc="154,0,254,0,313,68,269,-58" /><INIT seed="6,1,0,0,4,27" ten="154,254,381,211" oya="2" hai0="22,96,86,4,97,44,128,104,11,57,45,79,39" hai1="119,56,112,82,73,31,36,43,16,93,126,72,98" hai2="60,85,70,108,87,66,80,110,84,63,8,67,49" hai3="34,92,18,24,91,103,89,111,5,117,29,9,32"/><V121/><F121/><W20/><G111/><T62/><D128/><U131/><E119/><V38/><F38/><W1/><G117/><T127/><D127/><U26/><E131/><V55/><F8/><W42/><G42/><T30/><D39/><U105/><E126/><V14/><F14/><N who="3" m="9303" /><G32/><T48/><D104/><U13/><E105/><V64/><F80/><W12/><G12/><T134/><D134/><U118/><E118/><V51/><F55/><W78/><G78/><T76/><D76/><U58/><E112/><V28/><F28/><W100/><G91/><T125/><D125/><U19/><E43/><V59/><F70/><W94/><G92/><T54/><D45/><U71/><E71/><V109/><F59/><W115/><G115/><T123/><D123/><U25/><E36/><V77/><F77/><W120/><G120/><T113/><D113/><U88/><E19/><V47/><F47/><W23/><G23/><T41/><D11/><N who="1" m="6207" /><E73/><V135/><F135/><W7/><G5/><T102/><D4/><U52/><E72/><V75/><F75/><W81/><G81/><N who="0" m="47423" /><D102/><N who="1" m="60751" /><E31/><V133/><F133/><W53/><G53/><T10/><D10/><U130/><E130/><V124/><F124/><W95/><G95/><T69/><D69/><U2/><E2/><V99/><F109/><W74/><G74/><T6/><D6/><U40/><E40/><V101/><F108/><W90/><G90/><T132/><D132/><U50/><E58/><V129/><F110/><W122/><G122/><T114/><D114/><U46/><E56/><V35/><F129/><W65/><G65/><RYUUKYOKU ba="1,0" sc="154,10,254,10,381,-30,211,10" hai0="22,30,41,44,48,54,57,62,96,97" hai1="25,26,46,50,52,82,88" hai3="1,7,9,24,29,34,89,94,100,103" /><INIT seed="7,2,0,2,0,61" ten="164,264,351,221" oya="3" hai0="121,102,43,31,71,7,39,115,134,53,2,4,48" hai1="84,42,51,88,37,101,80,62,85,103,96,44,73" hai2="0,94,34,125,120,54,128,76,36,86,106,65,8" hai3="122,135,127,97,107,1,60,109,67,33,129,132,90"/><W5/><G122/><T112/><D121/><U100/><E73/><V119/><F106/><W52/><G129/><T77/><D77/><U22/><E37/><V124/><F120/><W9/><G127/><N who="2" m="48713" /><F119/><W69/><G109/><T27/><D102/><U58/><E85/><V46/><F34/><W89/><G33/><T93/><D93/><U17/><E96/><V72/><F72/><W26/><G26/><T23/><D134/><N who="3" m="51241" /><G52/><T75/><D75/><U20/><REACH who="1" step="1"/><E17/><REACH who="1" ten="164,254,351,221" step="2"/><V114/><F86/><W99/><G97/><T35/><D35/><U91/><E91/><V25/><F76/><W3/><G90/><T6/><D2/><U126/><E126/><V16/><F0/><N who="3" m="167" /><G89/><T18/><D18/><U104/><E104/><V79/><F16/><W29/><G29/><T40/><D39/><U110/><E110/><V14/><F36/><W83/><G83/><T63/><D115/><U130/><E130/><V41/><F114/><W12/><G12/><T133/><D112/><U123/><E123/><V57/><F14/><W59/><G99/><T10/><D133/><U108/><E108/><V82/><F82/><W15/><G15/><T30/><D30/><U74/><E74/><V68/><F79/><W32/><G107/><T117/><D117/><U55/><AGARI ba="2,1" hai="20,22,42,44,51,55,58,62,80,84,88,100,101,103" machi="55" ten="30,8000,1" yaku="1,1,0,1,8,1,54,1,53,1" doraHai="61" doraHaiUra="78" who="1" fromWho="1" sc="164,-22,254,96,351,-22,221,-42" owari="142,-35.8,350,45.0,329,12.9,179,-22.1" /></mjloggm>