<mjloggm ver="2.3"><GO type="169" lobby="0"/><UN n0="%E3%81%9D%E3%82%93%E3%81%97%E6%A7%98" n1="%E6%8E%A2%39" n2="%E2%97%8E%E3%82%88%E3%81%97%E2%97%8E" n3="%E3%81%8B%E3%81%AA%E3%81%8D%E3%83%BC" dan="18,17,17,17" rate="2236.18,2159.67,2186.34,2224.16" sx="M,M,M,F"/><TAIKYOKU oya="0"/><INIT seed="0,0,0,4,1,18" ten="250,250,250,250" oya="0" hai0="65,62,120,50,97,117,12,69,47,118,61,57,101" hai1="28,6,98,67,84,93,21,59,42,20,111,48,87" hai2="92,26,129,82,105,112,88,114,16,127,106,2,91" hai3="110,43,32,31,13,121,58,119,63,76,103,86,22"/><T116/><D12/><U80/><E111/><V23/><F2/><W133/><G119/><T30/><D30/><U109/><E109/><V4/><F4/><W85/><G110/><T128/><D120/><U41/><E6/><V3/><F3/><W52/><G32/><T34/><D34/><U77/><E87/><V53/><F127/><W54/><G121/><T56/><D128/><U44/><E41/><V45/><F129/><W29/><G133/><T11/><D11/><U38/><E28/><N who="3" m="10826" /><G43/><T130/><D130/><U1/><E1/><V68/><F68/><W99/><G76/><T75/><D75/><U40/><E40/><V90/><F82/><W35/><G35/><T5/><D5/><U27/><E27/><V125/><F125/><W123/><G123/><T33/><D33/><U74/><E74/><V95/><F95/><N who="3" m="58879" /><G54/><N who="0" m="30047" /><D97/><U83/><E83/><V39/><F92/><W78/><G78/><T124/><D101/><N who="1" m="60623" /><E38/><V36/><F36/><W81/><G81/><T24/><D24/><U55/><E42/><V100/><F39/><W134/><G134/><T60/><D124/><U19/><E19/><AGARI ba="0,0" hai="13,19,22,52,58,63,85,86" m="58879,10826" machi="19" ten="30,3900,0" yaku="8,1,52,1,54,1" doraHai="18" who="3" fromWho="1" sc="250,0,250,-39,250,0,250,39" /><INIT seed="1,0,0,2,1,104" ten="250,211,250,289" oya="1" hai0="99,53,88,97,28,107,34,49,73,120,124,31,62" hai1="118,59,119,108,91,29,56,78,71,96,40,98,60" hai2="102,20,39,74,70,65,92,79,41,43,89,106,17" hai3="50,21,42,115,44,38,16,37,10,26,51,30,126"/><U6/><E6/><V47/><F41/><W33/><G115/><T127/><D62/><U8/><E29/><N who="0" m="11337" /><D34/><U3/><E40/><V109/><F109/><W90/><G126/><N who="0" m="48171" /><D107/><U13/><E3/><V116/><F116/><W58/><G37/><T117/><D117/><U69/><E78/><V66/><F106/><W52/><G90/><T36/><D36/><U86/><E108/><V87/><F102/><W95/><G95/><N who="0" m="56551" /><D99/><U68/><E119/><V84/><F84/><W14/><REACH who="3" step="1"/><G38/><REACH who="3" ten="250,211,250,279" step="2"/><T67/><D120/><U7/><E118/><V72/><F79/><W82/><G82/><T63/><D49/><U46/><E91/><V93/><F93/><W22/><AGARI ba="0,1" hai="10,14,16,21,22,26,30,33,42,44,50,51,52,58" machi="22" ten="30,8000,1" yaku="1,1,0,1,54,2,53,1" doraHai="104" doraHaiUra="4" who="3" fromWho="3" sc="250,-20,211,-40,250,-20,279,90" /><INIT seed="2,0,0,3,1,82" ten="230,171,230,369" oya="2" hai0="4,34,130,102,1,41,35,81,129,3,54,52,29" hai1="100,105,45,40,135,93,114,73,51,80,108,133,37" hai2="97,50,66,38,74,11,120,94,44,57,87,0,98" hai3="9,67,62,110,21,112,85,90,83,55,25,26,127"/><V128/><F120/><W126/><G110/><T48/><D102/><U5/><E108/><V88/><F74/><W7/><G112/><T19/><D41/><U124/><E114/><V113/><F113/><W30/><G55/><N who="0" m="21035" /><D48/><U47/><E124/><V49/><F128/><N who="0" m="49258" /><D29/><U134/><E47/><V89/><F38/><W63/><G26/><T111/><D111/><U104/><E51/><V6/><F44/><W99/><G99/><T8/><D19/><U91/><E5/><V22/><F97/><W86/><G67/><T84/><D1/><U18/><E18/><V78/><F78/><AGARI ba="0,0" hai="3,4,8,34,35,78,81,84" m="49258,21035" machi="78" ten="30,3900,0" yaku="19,1,52,1,54,1" doraHai="82" who="0" fromWho="2" sc="230,39,171,0,230,-39,369,0" /><INIT seed="3,0,0,2,4,12" ten="269,171,191,369" oya="3" hai0="104,57,109,129,89,13,10,125,122,91,110,14,94" hai1="49,0,19,73,103,30,133,6,81,50,11,127,111" hai2="26,60,131,82,16,39,135,42,70,43,40,102,21" hai3="62,58,132,53,4,15,64,92,3,67,31,83,120"/><W77/><G120/><T79/><D122/><U35/><E111/><V78/><F131/><W90/><G3/><T18/><D104/><U134/><E103/><V113/><F113/><W130/><G130/><T25/><D129/><U17/><E127/><V2/><F135/><N who="1" m="51721" /><E30/><V95/><F2/><W76/><G31/><T8/><D25/><U128/><E35/><V48/><F39/><W45/><G83/><T47/><D125/><U1/><E1/><V52/><F70/><W108/><G108/><T115/><D115/><U106/><E106/><V33/><F33/><W34/><G34/><T99/><D79/><N who="3" m="30281" /><G45/><T68/><D68/><U72/><E81/><V69/><F69/><W22/><G132/><T20/><D20/><U23/><E23/><V101/><F60/><W121/><G121/><T123/><D123/><U97/><E97/><V85/><REACH who="2" step="1"/><F95/><REACH who="2" ten="269,171,181,369" step="2"/><W74/><G92/><T105/><D105/><U114/><E114/><V93/><F93/><W32/><G62/><T117/><D109/><U61/><E61/><V84/><F84/><W5/><G32/><T98/><D110/><U59/><E128/><V24/><F24/><W88/><G74/><N who="1" m="28778" /><E49/><V126/><F126/><W27/><G27/><T7/><D94/><U119/><E119/><V36/><F36/><W56/><G64/><T124/><D117/><U112/><E112/><V51/><F51/><W55/><G67/><T65/><D124/><U96/><E96/><V66/><F66/><W29/><G29/><T71/><D99/><U54/><AGARI ba="0,1" hai="0,6,11,17,19,50,54,59" m="28778,51721" machi="54" ten="40,5200,0" yaku="20,1,52,2" doraHai="12" who="1" fromWho="1" sc="269,-13,171,62,181,-13,369,-26" /><INIT seed="4,0,0,5,2,3" ten="256,233,168,343" oya="0" hai0="88,28,69,58,119,32,52,73,124,41,23,38,17" hai1="102,106,21,90,62,22,7,29,117,125,30,83,114" hai2="109,33,130,127,50,76,75,8,57,97,72,15,80" hai3="49,5,121,131,13,56,53,111,19,40,44,113,112"/><T100/><D119/><U63/><E117/><V12/><F109/><W35/><G111/><T59/><D69/><U71/><E106/><V93/><F33/><W42/><G35/><T39/><D73/><U60/><E102/><V101/><F127/><W126/><G126/><T95/><D100/><U31/><E125/><V11/><F130/><W55/><G131/><T24/><D41/><U87/><E71/><V74/><F50/><W107/><G107/><T123/><D59/><U4/><E114/><N who="3" m="44138" /><G5/><AGARI ba="0,0" hai="4,5,7,21,22,29,30,31,60,62,63,83,87,90" machi="5" ten="40,8000,1" yaku="8,1,52,3" doraHai="3" who="1" fromWho="3" sc="256,0,233,80,168,0,343,-80" /><INIT seed="5,0,0,1,1,112" ten="256,313,168,263" oya="1" hai0="126,80,104,11,59,23,16,60,64,128,110,120,63" hai1="123,79,75,73,50,31,33,98,84,13,87,27,32" hai2="70,97,52,86,53,115,95,38,62,108,9,25,103" hai3="30,66,124,71,78,68,100,20,116,130,82,129,47"/><U57/><E123/><V7/><F108/><W61/><G124/><T40/><D110/><U36/><E36/><V106/><F38/><W88/><G100/><T131/><D126/><U89/><E33/><V90/><F115/><W92/><G68/><T122/><D104/><U76/><E98/><V58/><F70/><W21/><G116/><T49/><D11/><U135/><E135/><V77/><F25/><W74/><G47/><N who="0" m="25831" /><D80/><U56/><E13/><V85/><F77/><W10/><G10/><T55/><D16/><U111/><E111/><V105/><F85/><W46/><G46/><T54/><D23/><U3/><E3/><V39/><F39/><W65/><G65/><T34/><D34/><U125/><E125/><V114/><F114/><W107/><G107/><T26/><D26/><U43/><E43/><V1/><REACH who="2" step="1"/><F53/><REACH who="2" ten="256,313,158,263" step="2"/><N who="0" m="19978" /><D63/><U72/><E79/><V69/><F69/><W109/><G109/><T94/><D94/><AGARI ba="0,1" hai="1,7,9,52,58,62,86,90,94,95,97,103,105,106" machi="94" ten="30,7700,0" yaku="1,1,7,1,54,1,53,1" doraHai="112" doraHaiUra="5" who="2" fromWho="0" sc="256,-77,313,0,158,87,263,0" /><INIT seed="6,0,0,5,4,129" ten="179,313,245,263" oya="2" hai0="98,31,14,11,5,112,53,58,88,30,68,115,69" hai1="21,37,102,76,124,113,117,84,130,19,1,79,56" hai2="38,6,77,26,25,48,114,65,49,131,126,39,55" hai3="13,15,42,120,8,118,22,3,60,90,108,83,45"/><V105/><F105/><W18/><G118/><T61/><D69/><U80/><E117/><V125/><F77/><W35/><G120/><T82/><D68/><U10/><E37/><N who="2" m="13835" /><F131/><W93/><G108/><T71/><D71/><U27/><E113/><V121/><F121/><W128/><G35/><T67/><D67/><U122/><E124/><N who="2" m="47723" /><F65/><W33/><G33/><T91/><D115/><U116/><E116/><V73/><F73/><W17/><G3/><T7/><D112/><U96/><E130/><V72/><F72/><W75/><G75/><T92/><REACH who="0" step="1"/><D5/><REACH who="0" ten="169,313,245,263" step="2"/><U78/><E122/><V123/><F123/><W101/><G128/><T20/><D20/><U81/><E21/><V100/><F114/><W119/><G22/><T59/><D59/><U50/><E56/><V132/><F6/><W94/><G119/><T46/><D46/><U87/><E10/><V89/><F49/><W63/><G8/><T74/><D74/><U66/><E50/><V54/><F48/><W104/><G45/><T133/><D133/><U85/><E66/><V43/><F132/><W57/><G57/><T110/><D110/><U107/><E1/><V64/><F64/><W4/><G4/><T106/><D106/><U36/><E36/><V109/><F109/><W41/><G104/><T52/><D52/><U9/><E9/><V34/><F54/><W134/><G134/><T44/><D44/><U29/><E107/><V23/><F55/><W95/><G60/><T103/><D103/><U47/><E47/><V51/><F100/><W24/><G101/><T70/><D70/><U135/><E102/><RYUUKYOKU ba="0,1" sc="169,30,313,-10,245,-10,263,-10" hai0="7,11,14,30,31,53,58,61,82,88,91,92,98" /><INIT seed="7,1,1,3,5,83" ten="199,303,235,253" oya="3" hai0="21,60,7,0,99,109,103,122,121,81,20,51,125" hai1="42,29,25,53,34,24,49,5,102,70,58,79,61" hai2="132,123,17,126,133,85,108,124,56,128,22,131,94" hai3="95,68,30,55,120,118,52,77,116,115,43,27,69"/><W129/><G120/><T35/><D109/><U6/><E79/><V28/><F123/><W10/><G115/><T23/><D35/><U33/><E102/><V38/><F38/><W88/><G129/><N who="2" m="49737" /><F108/><W73/><G43/><T2/><D125/><N who="2" m="48234" /><F56/><W15/><G68/><T39/><D39/><U12/><E12/><N who="2" m="9511" /><F28/><W47/><G69/><T65/><D51/><U48/><E48/><V75/><F75/><W54/><G47/><T92/><D122/><U37/><E37/><V46/><F46/><W67/><G67/><T105/><D121/><U31/><E42/><V97/><F85/><W14/><G73/><T114/><D114/><U135/><E135/><V4/><F4/><W11/><G77/><T41/><D41/><U82/><E82/><V106/><F106/><W87/><G118/><T18/><D18/><U57/><E70/><V134/><F94/><W100/><G100/><T93/><D81/><U91/><E91/><V19/><F19/><W59/><G59/><T16/><D16/><U101/><E101/><V63/><F97/><W40/><G116/><T86/><D7/><U8/><E8/><N who="3" m="3114" /><G40/><T78/><D78/><U84/><E84/><V112/><F112/><W64/><G64/><AGARI ba="1,1" hai="5,6,24,25,29,31,33,34,49,53,57,58,61,64" machi="64" ten="30,2000,0" yaku="7,1,9,1" doraHai="83" who="1" fromWho="3" sc="199,0,303,33,235,0,253,-23" owari="199,-30.1,336,43.6,235,3.5,230,-17.0" /></mjloggm>