<mjloggm ver="2.3"><GO type="169" lobby="0"/><UN n0="%E3%83%A4%E3%83%8A%E3%83%AA%E3%83%B3%E3%82%B9%E3%82%AD%E3%83%BC" n1="%E3%81%BD%E3%81%A3%E3%81%91%E3%81%95%E3%82%93" n2="%E7%A9%BA%E9%96%91%E9%81%8A%E7%9C%9F" n3="%E3%82%88%E3%81%97%E3%81%A0%E3%81%84%E3%81%9F%E3%82%8B" dan="17,17,16,16" rate="2164.98,2162.16,2115.07,2152.01" sx="M,M,F,M"/><TAIKYOKU oya="0"/><INIT seed="0,0,0,2,2,125" ten="250,250,250,250" oya="0" hai0="25,3,114,53,61,52,15,43,122,27,31,82,83" hai1="44,73,78,68,93,115,29,123,74,109,35,104,85" hai2="118,87,94,64,113,6,133,79,65,32,103,119,20" hai3="28,116,121,80,26,120,37,14,98,54,56,11,96"/><T102/><D3/><U81/><E44/><V108/><F113/><W4/><G116/><N who="2" m="44585" /><F32/><W12/><G37/><T63/><D114/><U72/><E29/><V39/><F39/><W60/><G80/><T107/><D122/><N who="3" m="47209" /><G14/><T99/><D15/><U17/><E17/><V135/><F6/><W69/><G69/><T33/><D43/><U42/><E42/><V50/><F108/><W46/><G46/><T132/><D132/><N who="2" m="50762" /><F79/><W51/><G51/><T8/><D8/><U76/><E35/><AGARI ba="0,0" hai="4,11,12,26,28,35,54,56,60,96,98" m="47209" machi="35" ten="30,1000,0" yaku="13,1" doraHai="125" who="3" fromWho="1" sc="250,0,250,-10,250,0,250,10" /><INIT seed="1,0,0,3,0,92" ten="250,240,250,260" oya="1" hai0="97,48,34,1,62,91,129,104,100,74,63,31,15" hai1="84,43,10,27,116,125,99,68,50,75,20,103,12" hai2="127,54,19,28,67,131,110,115,64,111,13,70,47" hai3="45,72,30,26,123,86,52,119,23,93,55,17,65"/><U40/><E75/><V98/><F127/><W44/><G123/><T128/><D1/><U33/><E33/><V133/><F131/><N who="0" m="50250" /><D74/><U113/><E113/><V135/><F28/><W18/><G72/><T89/><D15/><U79/><E68/><V2/><F2/><W124/><G124/><T8/><D8/><U6/><E116/><V4/><F4/><W3/><G3/><T56/><D48/><U9/><E9/><V24/><F24/><W85/><G65/><N who="2" m="25161" /><F70/><W49/><G119/><T14/><D14/><U29/><E125/><V83/><F83/><W61/><G61/><N who="0" m="23051" /><D56/><U78/><E84/><N who="3" m="32362" /><G93/><T7/><D7/><U80/><E80/><V122/><F122/><W130/><G130/><T57/><D57/><U126/><E126/><V117/><F117/><W41/><G41/><T66/><D66/><U112/><E112/><V134/><F115/><W77/><G77/><T35/><D35/><U32/><E32/><V25/><F25/><AGARI ba="0,0" hai="25,31,34,89,91,97,100,104" m="23051,50250" machi="25" ten="30,2000,0" yaku="19,1,52,1" doraHai="92" who="0" fromWho="2" sc="250,20,240,0,250,-20,260,0" /><INIT seed="2,0,0,3,3,122" ten="270,240,230,260" oya="2" hai0="57,95,43,0,99,54,118,74,9,6,86,19,124" hai1="2,40,106,130,41,129,80,10,69,62,60,59,34" hai2="81,82,4,91,70,1,36,109,53,50,37,46,12" hai3="68,51,98,49,30,85,29,102,20,64,45,33,66"/><V117/><F117/><W101/><G33/><T28/><D118/><U107/><E34/><V58/><F70/><W120/><G120/><T100/><D74/><U121/><E121/><V113/><F113/><W84/><G98/><T14/><D124/><U119/><E119/><V78/><F1/><W92/><G68/><T135/><D135/><U35/><E35/><V72/><F109/><W111/><G92/><T21/><D43/><U110/><E69/><V47/><F4/><W126/><G20/><T52/><D28/><U131/><E80/><V25/><F12/><W65/><G126/><T56/><D56/><U15/><E2/><V71/><F71/><W55/><G111/><T133/><D133/><U38/><E110/><V83/><F25/><W108/><G108/><T63/><REACH who="0" step="1"/><D86/><REACH who="0" ten="260,240,230,260" step="2"/><U134/><E134/><V31/><F31/><N who="3" m="11787" /><G51/><T32/><D32/><U89/><E129/><V76/><F36/><W104/><G104/><T17/><D17/><U94/><E106/><V24/><F37/><W48/><G48/><T11/><D11/><U90/><E107/><V105/><F105/><W103/><AGARI ba="0,1" hai="45,49,55,64,65,66,84,85,101,102,103" m="11787" machi="103" ten="40,5200,0" yaku="26,2,8,1" doraHai="122" who="3" fromWho="3" sc="260,-13,240,-13,230,-26,260,62" /><INIT seed="3,0,0,3,0,94" ten="247,227,204,322" oya="3" hai0="100,62,79,83,86,56,3,114,13,111,101,72,1" hai1="23,69,89,54,37,29,68,36,124,106,60,99,44" hai2="15,88,87,98,12,43,125,132,31,107,127,135,38" hai3="9,78,92,84,113,32,71,22,26,95,67,104,76"/><W51/><G113/><T55/><D114/><U115/><E115/><V42/><F31/><W110/><G104/><T91/><D111/><U64/><E124/><N who="2" m="47691" /><F15/><W93/><G32/><T82/><REACH who="0" step="1"/><D13/><REACH who="0" ten="237,227,204,322" step="2"/><U25/><E69/><V90/><F12/><W112/><G110/><T74/><D74/><U63/><E25/><V30/><F135/><W50/><G112/><T61/><D61/><U16/><E63/><V39/><F132/><W18/><G9/><T108/><D108/><U96/><E60/><V5/><F5/><W75/><G75/><T70/><D70/><U21/><E68/><V129/><F129/><W49/><G71/><T66/><D66/><U118/><E64/><V126/><F126/><W130/><G130/><T121/><D121/><U133/><E133/><V109/><F109/><W41/><G67/><T7/><D7/><U45/><E118/><V10/><F10/><W8/><G8/><T0/><AGARI ba="0,1" hai="0,1,3,55,56,62,72,79,82,83,86,91,100,101" machi="0" ten="30,2000,0" yaku="1,1,0,1,53,0" doraHai="94" doraHaiUra="123" who="0" fromWho="0" sc="237,30,227,-5,204,-5,322,-10" /><INIT seed="4,0,0,5,5,62" ten="267,222,199,312" oya="0" hai0="27,93,88,36,66,48,42,110,39,79,124,100,55" hai1="77,102,73,20,116,23,34,16,12,84,65,41,118" hai2="45,81,121,50,3,89,108,6,133,22,122,60,10" hai3="82,59,69,37,114,95,33,21,131,19,64,96,67"/><T104/><D124/><U115/><E73/><V1/><F108/><W11/><G33/><T40/><D110/><U56/><E34/><V113/><F113/><W119/><G119/><T57/><D79/><U47/><E115/><V13/><F133/><W24/><G37/><T112/><D112/><U75/><E75/><V4/><F22/><W78/><G114/><T99/><D27/><U29/><E102/><V70/><F81/><W14/><G59/><T8/><D8/><U87/><E116/><V32/><F89/><W74/><G69/><T38/><REACH who="0" step="1"/><D66/><REACH who="0" ten="257,222,199,312" step="2"/><U111/><E111/><V54/><F121/><W134/><G134/><T132/><D132/><U2/><E118/><V86/><F122/><W105/><G131/><T61/><D61/><N who="1" m="38055" /><E77/><V127/><F127/><W0/><G105/><T17/><D17/><N who="1" m="10279" /><E29/><V97/><F6/><W43/><G78/><T80/><D80/><U106/><E106/><V51/><F4/><W94/><G82/><T103/><D103/><U90/><E90/><V107/><F107/><W68/><G19/><T128/><D128/><U5/><E5/><V30/><F30/><W83/><G83/><T49/><D49/><N who="1" m="26863" /><E2/><V9/><F1/><W31/><G0/><T26/><D26/><AGARI ba="0,1" hai="16,23,26,84,87" m="26863,10279,38055" machi="26" ten="30,3900,0" yaku="8,1,52,1,54,1" doraHai="62" who="1" fromWho="0" sc="257,-39,222,49,199,0,312,0" /><INIT seed="5,0,0,0,5,104" ten="218,271,199,312" oya="1" hai0="124,8,99,92,49,111,88,108,71,29,126,66,133" hai1="15,75,60,56,6,102,85,87,118,132,5,109,16" hai2="130,26,79,103,115,40,30,44,63,93,97,20,65" hai3="10,18,55,116,13,47,31,43,3,83,28,24,51"/><U135/><E118/><V50/><F130/><W78/><G116/><T38/><D38/><U80/><E102/><V123/><F115/><W86/><G3/><T74/><D29/><U17/><E109/><V84/><F123/><W42/><REACH who="3" step="1"/><G31/><REACH who="3" ten="218,271,199,302" step="2"/><T113/><D111/><U120/><E120/><V1/><F1/><W107/><G107/><T117/><D108/><U69/><E69/><V45/><F45/><W101/><G101/><T36/><D117/><U100/><E100/><V57/><F79/><W48/><G48/><T4/><D49/><U67/><E17/><V95/><REACH who="2" step="1"/><F84/><REACH who="2" ten="218,271,189,302" step="2"/><W77/><G77/><T76/><D76/><N who="1" m="44063" /><E85/><V125/><F125/><W39/><G39/><T91/><D36/><U0/><E87/><V68/><F68/><W134/><G134/><N who="1" m="51242" /><E0/><V82/><F82/><W73/><G73/><T12/><D74/><U96/><E96/><V90/><F90/><W112/><G112/><T21/><D133/><U22/><AGARI ba="0,2" hai="5,6,15,16,22,56,60,67" m="51242,44063" machi="22" ten="30,6000,0" yaku="20,1,52,1,54,1" doraHai="104" who="1" fromWho="1" sc="218,-20,271,80,189,-20,302,-20" /><INIT seed="5,1,0,1,4,29" ten="198,351,169,282" oya="1" hai0="1,106,98,46,44,32,90,19,107,126,38,23,45" hai1="53,113,25,110,128,132,34,130,76,26,22,61,49" hai2="105,122,18,47,60,35,14,4,40,71,54,5,72" hai3="82,3,74,79,21,67,16,119,75,101,92,36,55"/><U93/><E113/><V81/><F105/><W63/><G119/><T87/><D1/><U70/><E132/><V66/><F122/><W124/><G124/><T51/><D126/><U10/><E76/><V117/><F117/><W15/><G36/><T11/><D11/><U134/><E134/><V78/><F54/><W8/><G55/><T20/><D32/><U111/><E93/><V59/><F71/><W12/><G3/><T118/><D118/><U64/><E10/><V89/><F89/><W115/><G115/><T114/><D114/><U83/><E83/><V77/><F77/><W69/><G92/><T24/><D38/><U62/><E62/><V84/><F35/><W52/><G52/><N who="0" m="29799" /><D98/><U96/><E96/><V125/><F72/><W73/><REACH who="3" step="1"/><G101/><REACH who="3" ten="198,351,169,272" step="2"/><T37/><D37/><U97/><E53/><V129/><F125/><W85/><G85/><T0/><D0/><U91/><E49/><N who="2" m="26855" /><F129/><W95/><G95/><N who="0" m="54751" /><D107/><U127/><E127/><V17/><F84/><W103/><G103/><T116/><D106/><U13/><E97/><V33/><F81/><W131/><G131/><T31/><D116/><U56/><E128/><V39/><F39/><W57/><G57/><T86/><D86/><U48/><E56/><V104/><F104/><W41/><G41/><T28/><D28/><U88/><E130/><V9/><F78/><W133/><G133/><T100/><D100/><U109/><E110/><V6/><F59/><W99/><G99/><T43/><D43/><U42/><E109/><V108/><F108/><W94/><G94/><T80/><D80/><U102/><E111/><RYUUKYOKU ba="1,1" sc="198,15,351,-15,169,-15,272,15" hai0="19,20,23,24,31,45,46" hai3="8,12,15,16,21,63,67,69,73,74,75,79,82" /><INIT seed="6,2,1,0,0,107" ten="213,336,154,287" oya="2" hai0="84,35,46,122,29,45,60,73,70,85,95,135,131" hai1="15,134,79,28,32,21,65,119,9,39,49,64,63" hai2="78,92,74,43,86,72,41,93,89,114,113,118,132" hai3="109,80,31,100,98,19,14,53,44,106,125,102,130"/><V71/><F71/><W66/><G109/><T33/><D122/><U10/><E32/><V99/><F118/><W54/><G130/><T58/><D70/><U16/><E39/><V37/><F132/><W69/><G125/><T26/><D131/><U103/><E119/><V96/><F78/><W38/><G102/><T27/><D135/><U110/><E110/><V17/><F17/><W12/><G31/><T77/><D95/><U87/><E103/><V111/><F111/><W68/><G12/><T75/><D77/><U20/><E49/><V52/><F52/><W18/><G18/><T8/><D60/><U116/><E116/><V13/><F13/><W24/><G24/><T120/><D58/><N who="1" m="36983" /><E65/><V126/><F126/><W22/><G80/><T59/><D59/><U3/><E3/><V123/><F123/><W104/><G104/><T83/><D83/><N who="1" m="47615" /><E134/><V6/><F6/><W23/><G69/><T30/><D120/><U117/><E117/><V128/><F128/><W94/><G106/><T34/><D34/><U88/><E88/><V55/><F55/><W101/><G101/><T42/><D42/><N who="2" m="15882" /><F37/><W112/><G66/><T1/><D1/><U5/><E5/><V115/><F99/><W124/><G124/><T50/><D50/><U97/><E97/><V62/><F62/><W61/><G68/><T25/><D25/><AGARI ba="2,1" hai="9,10,15,16,20,21,25,28" m="47615,36983" machi="25" ten="30,2000,0" yaku="8,1,54,1" doraHai="107" who="1" fromWho="0" sc="213,-26,336,36,154,0,287,0" /><INIT seed="7,0,0,2,3,14" ten="187,372,154,287" oya="3" hai0="125,95,97,126,8,117,66,17,18,128,1,73,32" hai1="105,116,129,132,114,112,42,61,26,106,6,119,60" hai2="102,21,47,15,77,55,29,33,135,58,74,30,57" hai3="80,25,86,59,27,113,83,111,68,49,46,2,70"/><W34/><G113/><N who="1" m="43626" /><E132/><V123/><F135/><W115/><G115/><T76/><D117/><N who="1" m="45131" /><E129/><V78/><F123/><W28/><G111/><T37/><D32/><U118/><E118/><V69/><F69/><W40/><G2/><T62/><D37/><U122/><E122/><V51/><F33/><W121/><G121/><T44/><D44/><U54/><E42/><V24/><F30/><W10/><G80/><T134/><D134/><U13/><E26/><V20/><F102/><W9/><G59/><T104/><D128/><U124/><E124/><V120/><F120/><W101/><G101/><T127/><D127/><U4/><E54/><V23/><F23/><W110/><G110/><T88/><D125/><U130/><E130/><V12/><F12/><W41/><G41/><T31/><D1/><U22/><E22/><V89/><F89/><W109/><G109/><T56/><D88/><U39/><E39/><V63/><F74/><W50/><G50/><T19/><D73/><U53/><E53/><V87/><F87/><W75/><G75/><T133/><D133/><U71/><E71/><V3/><F3/><W131/><G131/><T92/><D126/><U91/><E91/><V52/><F58/><W82/><G82/><T103/><D56/><U79/><E79/><V65/><F55/><W85/><G85/><T90/><D76/><U84/><E84/><V35/><F35/><W43/><G43/><T94/><D90/><U99/><E99/><V16/><AGARI ba="0,0" hai="15,16,20,21,24,29,47,51,52,57,63,65,77,78" machi="16" ten="30,8000,1" yaku="0,1,8,1,52,1,54,2" doraHai="14" who="2" fromWho="2" sc="187,-20,372,-20,154,80,287,-40" owari="167,-33.3,352,45.2,234,-16.6,247,4.7" /></mjloggm>