<mjloggm ver="2.3"><GO type="225" lobby="0"/><UN n0="%E9%A6%AC%E5%BC%95%E7%81%AB%33" n1="%E7%B4%94%E6%BD%94%E3%83%94%E3%83%A9%E3%83%8B%E3%82%A2" n2="%72%61%6B%33" n3="%E6%98%93%E5%88%A9%E8%96%A9%E4%BC%AF" dan="16,16,16,17" rate="2135.88,2182.81,2095.09,2238.52" sx="M,M,M,F"/><TAIKYOKU oya="0"/><INIT seed="0,0,0,4,2,101" ten="250,250,250,250" oya="0" hai0="94,44,96,69,27,3,130,126,57,15,9,30,79" hai1="112,131,49,120,87,54,41,23,118,64,115,58,70" hai2="89,45,60,111,7,42,14,29,124,84,20,76,61" hai3="86,132,110,77,74,127,39,113,73,12,11,72,24"/><T31/><D69/><U91/><E118/><V4/><F111/><W50/><G113/><N who="1" m="43594" /><E120/><V13/><F124/><W128/><G39/><T19/><D126/><U104/><E131/><V37/><F76/><W71/><G71/><T75/><D130/><U125/><E125/><V51/><F37/><W98/><G128/><T52/><D3/><U55/><E23/><V122/><F122/><W109/><G132/><T18/><D44/><N who="1" m="25743" /><E104/><V0/><F0/><W103/><G24/><T21/><D79/><U108/><E108/><N who="3" m="41578" /><G50/><T90/><D75/><U133/><E133/><V82/><F29/><W8/><G127/><T38/><D38/><U48/><E87/><V47/><F47/><W67/><G67/><T80/><D80/><U102/><E102/><V6/><REACH who="2" step="1"/><F20/><REACH who="2" ten="250,250,240,250" step="2"/><W88/><G77/><T99/><D99/><U46/><E91/><V93/><F93/><N who="3" m="54423" /><G12/><AGARI ba="0,1" hai="4,6,7,12,13,14,42,45,51,60,61,82,84,89" machi="12" ten="40,2600,0" yaku="1,1,8,1,53,0" doraHai="101" doraHaiUra="134" who="2" fromWho="3" sc="250,0,250,0,240,36,250,-26" /><INIT seed="1,0,0,5,1,122" ten="250,250,276,224" oya="1" hai0="86,30,29,81,116,59,42,123,12,7,44,119,96" hai1="84,68,127,130,88,61,89,83,94,105,73,87,75" hai2="72,124,66,16,131,125,3,103,10,56,49,91,46" hai3="51,95,27,15,126,32,38,70,18,90,52,63,93"/><U5/><E105/><V47/><F72/><W97/><G126/><T132/><D123/><U101/><E127/><V110/><F103/><W65/><G38/><T39/><D132/><U102/><E5/><V135/><F135/><W57/><G93/><T120/><D120/><U13/><E13/><V31/><F31/><W104/><G32/><T113/><D113/><U128/><E61/><V115/><F91/><W53/><G53/><T79/><D30/><U67/><E68/><V107/><F56/><W24/><REACH who="3" step="1"/><G104/><REACH who="3" ten="250,250,276,214" step="2"/><T43/><D39/><U21/><E67/><V99/><F66/><W33/><G33/><T64/><D64/><U108/><E21/><AGARI ba="0,1" hai="15,18,21,24,27,51,52,57,63,65,70,90,95,97" machi="21" ten="30,7700,0" yaku="1,1,7,1,54,1,53,1" doraHai="122" doraHaiUra="8" who="3" fromWho="1" sc="250,0,250,-77,276,0,214,87" /><INIT seed="2,0,0,5,0,47" ten="250,173,276,301" oya="2" hai0="89,101,73,26,49,94,40,24,134,102,88,78,13" hai1="135,17,97,123,53,33,16,79,66,93,2,44,67" hai2="70,76,131,71,107,55,85,1,27,106,98,121,14" hai3="0,30,122,77,42,117,51,6,56,72,41,119,25"/><V90/><F1/><W65/><G122/><T69/><D69/><U75/><E123/><V81/><F131/><W96/><G72/><T104/><D134/><U95/><E33/><V22/><F14/><W133/><G77/><T100/><D104/><U124/><E2/><V28/><F121/><W39/><G39/><T46/><D89/><U63/><E135/><V110/><F110/><W50/><G133/><T5/><D78/><U7/><E7/><V130/><F130/><W113/><G113/><T36/><D36/><U4/><E4/><V3/><F3/><W91/><G6/><T54/><D40/><U11/><E124/><V74/><F55/><W12/><G12/><T61/><D61/><U52/><E75/><V126/><F126/><W109/><G0/><T20/><D73/><U80/><E79/><V99/><F99/><W86/><G96/><N who="0" m="57415" /><D20/><U103/><E80/><V129/><F129/><W83/><G109/><T64/><D64/><N who="1" m="24619" /><E11/><AGARI ba="0,0" hai="5,11,13,24,26,46,49,54,100,101,102" m="57415" machi="11" ten="30,3900,0" yaku="8,1,52,1,54,1" doraHai="47" who="0" fromWho="1" sc="250,39,173,-39,276,0,301,0" /><INIT seed="3,0,0,1,1,58" ten="289,134,276,301" oya="3" hai0="19,80,132,31,69,109,71,35,94,20,110,13,23" hai1="100,43,28,7,91,27,129,75,60,99,46,68,10" hai2="16,12,39,51,115,96,0,55,107,70,79,77,134" hai3="122,120,59,34,8,78,89,66,116,5,86,118,88"/><W2/><G34/><T101/><D35/><N who="1" m="20895" /><E91/><V111/><F115/><W37/><G37/><T61/><D132/><U95/><E95/><V44/><F0/><W67/><G78/><T83/><D31/><U93/><E93/><V4/><F134/><W17/><G17/><T64/><D71/><U24/><E129/><V73/><F4/><W87/><G5/><T121/><D121/><U49/><E49/><V22/><F70/><W54/><G8/><T63/><D63/><U36/><E10/><V131/><F131/><W117/><G2/><T50/><D50/><U33/><E7/><V113/><F113/><W124/><G124/><T133/><D133/><U53/><E53/><V62/><F39/><W108/><G54/><T104/><D104/><N who="1" m="63519" /><E24/><V26/><F73/><W92/><G59/><T21/><D94/><U105/><E33/><V47/><F47/><W72/><G72/><T81/><REACH who="0" step="1"/><D101/><REACH who="0" ten="279,134,276,301" step="2"/><U102/><E102/><V56/><F111/><AGARI ba="0,1" hai="13,19,20,21,23,61,64,69,80,81,83,109,110,111" machi="111" ten="40,8000,1" yaku="1,1,2,1,14,1,52,1,53,0" doraHai="58" doraHaiUra="48" who="0" fromWho="2" sc="279,90,134,0,276,-80,301,0" owari="369,46.9,134,-36.6,196,-20.4,301,10.1" /></mjloggm>