<mjloggm ver="2.3"><GO type="169" lobby="0"/><UN n0="%E3%81%8B%E3%82%81%E3%81%98%E3%82%8D%E3%81%86" n1="%E6%A8%99" n2="%61%6B%69%62%61%62%61%6E" n3="%E6%B9%8A%E6%96%97%E3%81%8B%E3%81%92%E3%81%82%E3%81%8D" dan="16,16,17,16" rate="2153.92,2122.33,2179.03,2108.64" sx="M,M,M,M"/><TAIKYOKU oya="0"/><INIT seed="0,0,0,3,1,16" ten="250,250,250,250" oya="0" hai0="66,53,118,47,39,26,84,106,82,79,97,52,98" hai1="59,1,102,72,55,11,73,30,122,115,27,5,76" hai2="13,37,20,123,29,93,133,83,4,48,42,44,91" hai3="40,92,46,112,103,75,105,28,60,99,131,86,36"/><T119/><D66/><U6/><E6/><V109/><F123/><W135/><G131/><T21/><D118/><U24/><E122/><V49/><F109/><W80/><G135/><T104/><D119/><U95/><E115/><V23/><F133/><W85/><G112/><T81/><D81/><U25/><E76/><V18/><F4/><W96/><G28/><T3/><D3/><U70/><E70/><V107/><F107/><W64/><G75/><T9/><D9/><U34/><E73/><V116/><F116/><W130/><G80/><T67/><D67/><U89/><E102/><V10/><F83/><W127/><G127/><T51/><D39/><U45/><E45/><V17/><F29/><W124/><G130/><T87/><D87/><U35/><E72/><V88/><F91/><W77/><G77/><T65/><D65/><U2/><E2/><V33/><F33/><W61/><G61/><T114/><D114/><U43/><E43/><V31/><F31/><W90/><REACH who="3" step="1"/><G124/><REACH who="3" ten="250,250,250,240" step="2"/><T128/><D128/><U113/><E113/><V101/><F101/><W12/><G12/><T134/><D134/><U110/><E110/><V7/><F7/><W111/><G111/><T56/><D104/><U58/><E34/><V74/><F74/><W129/><G129/><T78/><D78/><U125/><E125/><V57/><F13/><W41/><G41/><T50/><D106/><U63/><REACH who="1" step="1"/><E58/><AGARI ba="0,1" hai="36,40,46,58,60,64,85,86,90,92,96,99,103,105" machi="58" ten="30,3900,0" yaku="1,1,7,1,53,1" doraHai="16" doraHaiUra="38" who="3" fromWho="1" sc="250,0,250,-39,250,0,240,49" /><INIT seed="1,0,0,2,4,20" ten="250,211,250,289" oya="1" hai0="63,62,81,93,70,10,57,13,113,121,22,64,109" hai1="123,48,44,125,111,59,19,76,114,106,79,91,100" hai2="124,115,14,131,72,38,116,119,103,104,108,95,83" hai3="78,3,85,11,39,28,0,53,51,8,34,126,61"/><U130/><E123/><V69/><RYUUKYOKU type="yao9" ba="0,0" sc="250,0,211,0,250,0,289,0" hai2="14,38,69,72,83,95,103,104,108,115,116,119,124,131" /><INIT seed="1,1,0,0,2,116" ten="250,211,250,289" oya="1" hai0="70,84,2,35,14,106,107,15,90,32,119,58,61" hai1="53,74,62,47,85,108,125,22,59,31,37,105,100" hai2="93,133,39,21,5,24,51,44,45,112,117,99,49" hai3="23,115,87,7,127,27,36,3,72,88,25,109,78"/><U40/><E74/><V92/><F117/><W52/><G115/><T80/><D119/><U17/><E125/><V20/><F39/><W130/><G36/><T94/><D2/><U126/><E108/><V113/><F5/><W43/><G43/><T30/><D70/><U128/><E126/><V75/><F75/><W103/><G127/><T98/><D107/><U82/><E128/><V83/><F83/><W41/><G41/><T81/><D106/><U56/><E31/><V9/><F9/><W46/><G103/><T124/><D80/><U19/><E59/><V71/><F71/><W73/><G109/><T1/><D1/><U57/><E57/><V129/><F24/><W120/><G120/><T131/><D131/><U69/><E69/><V42/><F42/><W102/><G102/><T28/><D124/><U135/><E135/><V13/><F13/><N who="0" m="4618" /><D35/><U16/><E100/><V89/><F129/><W114/><G114/><T60/><D60/><U132/><E105/><V79/><F79/><W97/><G78/><N who="0" m="46135" /><D32/><U0/><E0/><V68/><F68/><W63/><G63/><T38/><D38/><U76/><REACH who="1" step="1"/><E132/><REACH who="1" ten="250,201,250,289" step="2"/><V26/><F133/><W64/><G130/><T104/><D104/><U65/><E65/><AGARI ba="1,1" hai="28,30,58,61,65,90,94,98" m="46135,4618" machi="65" ten="30,1000,0" yaku="8,1" doraHai="116" who="0" fromWho="1" sc="250,23,201,-13,250,0,289,0" /><INIT seed="2,0,0,4,5,26" ten="273,188,250,289" oya="2" hai0="11,14,83,48,20,15,70,95,6,112,17,28,96" hai1="114,106,32,67,82,104,43,68,47,131,108,30,92" hai2="60,4,111,79,78,56,73,97,3,36,25,102,130" hai3="5,49,121,123,80,55,119,98,27,71,94,91,7"/><V53/><F130/><W40/><G119/><T42/><D70/><U8/><E114/><V38/><F111/><W37/><G71/><T23/><D112/><U133/><E131/><V107/><F3/><W35/><G37/><T109/><D109/><U33/><E108/><V72/><F4/><W84/><G40/><T118/><D118/><U44/><E82/><V126/><F126/><W76/><G121/><T41/><D83/><U21/><E92/><V134/><F134/><W39/><G39/><T89/><D48/><U0/><E133/><V62/><F38/><W66/><G66/><T9/><D23/><U63/><E21/><V122/><F36/><W75/><G123/><T65/><D65/><U132/><E132/><V101/><F122/><W117/><G117/><T10/><D11/><U31/><E43/><V110/><F110/><W45/><G75/><T52/><D52/><U16/><E33/><V93/><F60/><W125/><G125/><T115/><D115/><U34/><E34/><V57/><F57/><W124/><G124/><T74/><D74/><N who="2" m="28778" /><F25/><AGARI ba="0,0" hai="6,9,10,14,15,17,20,25,28,41,42,89,95,96" machi="25" ten="40,2600,0" yaku="8,1,52,1" doraHai="26" who="0" fromWho="2" sc="273,26,188,0,250,-26,289,0" /><INIT seed="3,0,0,0,2,130" ten="299,188,224,289" oya="3" hai0="101,99,63,22,45,87,106,18,92,3,58,53,26" hai1="67,114,37,133,70,15,34,6,60,47,134,0,57" hai2="80,28,103,10,52,20,123,127,95,24,77,78,5" hai3="46,12,68,14,108,128,131,74,61,38,50,35,129"/><W116/><G116/><T36/><D3/><U44/><E114/><V112/><F112/><W102/><G74/><T113/><D113/><U83/><E34/><V66/><F127/><W85/><G35/><T135/><D135/><N who="1" m="51723" /><E0/><V125/><F125/><W56/><G68/><T76/><D106/><U65/><E37/><V120/><F66/><N who="3" m="39207" /><G38/><T30/><D36/><U97/><E97/><N who="2" m="59839" /><F52/><N who="3" m="29783" /><G108/><T82/><D45/><N who="1" m="17483" /><E83/><V19/><F28/><AGARI ba="0,0" hai="18,22,26,28,30,53,58,63,76,82,87,92,99,101" machi="28" ten="40,1300,0" yaku="8,1" doraHai="130" who="0" fromWho="2" sc="299,13,188,0,224,-13,289,0" /><INIT seed="4,0,0,1,5,113" ten="312,188,211,289" oya="0" hai0="120,28,128,110,123,37,96,92,42,69,48,105,111" hai1="85,83,2,125,1,74,64,41,88,18,30,118,131" hai2="58,132,135,19,122,23,60,109,0,71,49,25,55" hai3="6,119,133,78,84,53,65,90,116,16,72,22,17"/><T94/><D28/><U11/><E131/><V114/><F122/><N who="0" m="46634" /><D69/><U51/><E125/><V130/><F130/><W63/><G6/><T3/><D3/><U126/><E126/><V82/><F109/><N who="0" m="41482" /><D37/><U107/><E107/><V44/><F114/><W101/><G133/><N who="2" m="51273" /><F82/><W15/><G101/><N who="0" m="62631" /><D128/><U97/><E64/><N who="2" m="41351" /><F0/><W34/><G34/><T12/><D12/><U102/><E30/><V61/><F61/><W39/><G39/><T93/><D48/><U52/><E1/><V121/><F121/><W56/><G17/><T5/><D42/><U7/><E18/><V91/><F91/><W8/><G8/><T10/><D10/><U76/><E41/><V14/><F44/><W134/><G134/><T54/><D54/><U104/><E52/><V57/><F57/><W9/><G53/><T77/><D5/><U68/><E68/><V40/><F40/><W31/><G31/><T75/><D77/><U24/><E24/><AGARI ba="0,0" hai="14,19,23,24,25,49,55,58" m="41351,51273" machi="24" ten="30,1000,0" yaku="20,1" doraHai="113" who="2" fromWho="1" sc="312,0,188,-10,211,10,289,0" /><INIT seed="5,0,0,3,3,36" ten="312,178,221,289" oya="1" hai0="118,66,51,0,98,57,101,80,121,34,125,110,103" hai1="77,130,65,74,114,37,16,92,128,46,5,64,28" hai2="91,117,17,18,53,2,63,12,122,9,54,6,35" hai3="134,11,60,73,8,62,89,27,42,56,3,129,25"/><U72/><E28/><V40/><F117/><W75/><G129/><N who="1" m="49770" /><E5/><V119/><F119/><W33/><G89/><T100/><D118/><U1/><E1/><V31/><F122/><W44/><G134/><T127/><D34/><U67/><E114/><V95/><F35/><W22/><G33/><T55/><D0/><U43/><E92/><V85/><F31/><W15/><G3/><T68/><D110/><U52/><E77/><V21/><F17/><W88/><G88/><T71/><D121/><U61/><E16/><V4/><F4/><W86/><G15/><T133/><D80/><U19/><E19/><V26/><F2/><W30/><G30/><T94/><D133/><U105/><E105/><V24/><F24/><W32/><G32/><T135/><D135/><U99/><E99/><V69/><F40/><W49/><G25/><T90/><REACH who="0" step="1"/><D66/><REACH who="0" ten="302,178,221,289" step="2"/><N who="1" m="16899" /><U124/><DORA hai="48" /><E124/><AGARI ba="0,1" hai="51,55,57,68,71,90,94,98,100,101,103,124,125,127" machi="124" ten="40,5200,0" yaku="1,1,18,1,52,1,53,0" doraHai="36,48" doraHaiUra="104,70" who="0" fromWho="1" sc="302,62,178,-52,221,0,289,0" /><INIT seed="6,0,0,3,1,3" ten="364,126,221,289" oya="2" hai0="23,80,115,61,114,120,68,94,116,96,123,30,106" hai1="44,10,9,59,127,66,107,20,62,132,91,40,54" hai2="25,70,105,88,69,7,128,28,108,34,45,118,87" hai3="56,110,64,37,99,86,35,0,67,93,112,122,15"/><V33/><F118/><W83/><G110/><T95/><D116/><U48/><E132/><V119/><F119/><W117/><G0/><T82/><D68/><U36/><E127/><V84/><F108/><W32/><G37/><T134/><D61/><U71/><E107/><V81/><F105/><W2/><G2/><T24/><D106/><U113/><E113/><N who="0" m="43017" /><D95/><U76/><E76/><V53/><F34/><W63/><G122/><N who="0" m="46635" /><D134/><U111/><E111/><V12/><F128/><W38/><G38/><T26/><D24/><U75/><E75/><V1/><F1/><W29/><G67/><T58/><D58/><U121/><E121/><V51/><REACH who="2" step="1"/><F87/><REACH who="2" ten="364,126,211,289" step="2"/><W77/><G117/><T131/><D131/><U47/><E47/><V73/><F73/><W22/><G112/><T74/><D74/><U100/><E100/><AGARI ba="0,1" hai="23,26,30,80,82,94,96,100" m="46635,43017" machi="100" ten="30,1000,0" yaku="15,1" doraHai="3" who="0" fromWho="1" sc="364,20,126,-10,211,0,289,0" /><INIT seed="7,0,0,2,2,1" ten="384,116,211,289" oya="3" hai0="107,131,82,104,23,109,76,16,72,52,49,78,81" hai1="27,70,30,50,126,57,98,39,42,129,62,112,54" hai2="33,18,5,122,119,111,47,127,91,6,89,120,37" hai3="114,63,95,90,85,7,10,113,69,73,103,22,94"/><W134/><G73/><T28/><D109/><U60/><E129/><V59/><F111/><W11/><G134/><T58/><D28/><U123/><E126/><V100/><F119/><W55/><G22/><T34/><D34/><U116/><E123/><N who="2" m="47147" /><F33/><W68/><G10/><T101/><D101/><U40/><E116/><V87/><F100/><W43/><G43/><T17/><D131/><U79/><E112/><N who="3" m="43114" /><G103/><T86/><D17/><U102/><E79/><V99/><F59/><N who="3" m="35327" /><G95/><T77/><D77/><U132/><E132/><V56/><F56/><W128/><G128/><T29/><D29/><U135/><E135/><V108/><F127/><W133/><G133/><T106/><D106/><U105/><E39/><V32/><F32/><W31/><G31/><T110/><D110/><U19/><E19/><V9/><F18/><W15/><AGARI ba="0,0" hai="7,11,15,68,69,85,90,94" m="35327,43114" machi="15" ten="30,3000,0" yaku="15,1,52,1" doraHai="1" who="3" fromWho="3" sc="384,-10,116,-10,211,-10,289,30" /><INIT seed="7,1,0,4,3,115" ten="374,106,201,319" oya="3" hai0="9,43,6,35,101,49,126,79,66,89,70,112,96" hai1="14,120,100,57,63,20,111,38,84,28,116,29,77" hai2="76,119,88,98,81,67,42,91,33,52,64,46,23" hai3="133,45,11,129,122,24,7,47,132,72,18,113,83"/><W1/><G122/><T68/><D35/><U131/><E120/><V107/><F33/><W4/><G113/><T55/><D112/><U59/><E38/><V30/><F119/><W51/><G129/><T13/><D126/><U118/><E111/><V32/><F32/><W86/><G72/><T5/><D5/><U103/><E131/><V34/><F34/><W108/><G4/><T134/><D134/><N who="3" m="51817" /><G108/><T125/><D125/><U95/><E57/><V8/><F8/><W22/><G51/><T127/><D127/><U27/><E29/><V110/><F42/><W0/><G1/><T124/><D89/><AGARI ba="1,0" hai="0,7,11,18,22,24,45,47,83,86,89" m="51817" machi="89" ten="30,1500,0" yaku="20,1" doraHai="115" who="3" fromWho="0" sc="374,-18,106,0,201,0,319,18" /><INIT seed="7,2,0,5,1,63" ten="356,106,201,337" oya="3" hai0="96,73,110,81,78,104,30,29,135,22,134,20,45" hai1="76,68,14,28,34,105,7,52,31,60,16,24,123" hai2="27,65,2,41,54,133,53,79,39,83,129,46,26" hai3="10,12,107,75,69,94,130,67,13,101,42,18,15"/><W50/><G75/><T33/><D110/><U64/><E105/><V86/><F129/><W121/><G107/><T44/><D22/><U92/><E123/><V4/><F133/><N who="0" m="50698" /><D33/><U98/><E76/><V23/><F27/><W37/><G37/><T80/><D80/><U40/><E31/><N who="0" m="11785" /><D20/><U132/><E132/><V100/><F100/><AGARI ba="2,0" hai="44,45,73,78,81,96,100,104" m="11785,50698" machi="100" ten="30,1000,0" yaku="20,1" doraHai="63" who="0" fromWho="2" sc="356,16,106,0,201,-16,337,0" owari="372,47.2,106,-39.4,185,-21.5,337,13.7" /></mjloggm>