<mjloggm ver="2.3"><GO type="169" lobby="0"/><UN n0="%E3%81%AC%E3%81%AC%E3%81%84%E3%81%AC" n1="%E6%B2%B3%E7%AB%A5%E3%81%AE%E3%83%AF%E3%82%AB%E3%83%9E%E3%83%84" n2="%E3%83%95%E3%83%AB%E3%82%BC%E3%83%B3%E3%83%84%E3%81%8F%E3%82%93" n3="%E7%88%86%E7%89%8C%E3%82%A6%E3%82%B7%E3%82%B8%E3%83%9E%E3%81%8F%E3%82%93" dan="16,17,16,16" rate="2076.61,2196.91,2159.49,2130.43" sx="M,M,F,M"/><TAIKYOKU oya="0"/><INIT seed="0,0,0,5,5,27" ten="250,250,250,250" oya="0" hai0="0,39,15,31,21,48,135,1,37,91,86,32,57" hai1="134,50,90,45,71,10,88,130,49,46,126,64,80" hai2="129,121,25,24,17,115,38,100,22,8,73,63,89" hai3="132,5,40,9,42,77,67,65,58,52,59,120,70"/><T103/><D32/><U55/><E130/><V2/><F115/><W107/><G107/><T81/><D135/><U3/><E134/><V13/><F121/><W33/><G132/><T62/><D48/><U26/><E126/><V114/><F114/><W122/><G77/><T14/><D14/><U124/><E124/><V47/><F129/><W99/><G99/><T78/><D103/><U94/><E80/><V68/><F100/><W6/><G33/><T97/><D15/><U11/><E3/><V51/><F73/><W92/><G92/><T61/><D61/><U76/><E76/><V12/><F2/><W96/><G96/><T112/><D112/><U106/><E106/><V30/><F38/><W123/><G70/><T18/><D39/><U53/><E26/><V35/><F89/><W133/><G133/><T60/><D60/><U108/><E108/><V4/><F63/><N who="3" m="38143" /><G67/><T56/><D37/><U79/><E79/><V19/><F68/><W43/><G9/><T118/><D118/><U41/><E41/><V29/><REACH who="2" step="1"/><F13/><REACH who="2" ten="250,250,240,250" step="2"/><W66/><G66/><N who="0" m="39239" /><D1/><U128/><E64/><V116/><F116/><W34/><G34/><T82/><D0/><U16/><E128/><V102/><F102/><W125/><G125/><T113/><D113/><U104/><E71/><V7/><F7/><W131/><G131/><T83/><D91/><U69/><E69/><V93/><F93/><W74/><G74/><T36/><D36/><U105/><E94/><V127/><F127/><W23/><G6/><T95/><D95/><U119/><E119/><V109/><F109/><W117/><G5/><RYUUKYOKU ba="0,1" sc="250,-15,250,15,240,15,250,-15" hai1="10,11,16,45,46,49,50,53,55,88,90,104,105" hai2="4,8,12,17,19,22,24,25,29,30,35,47,51" /><INIT seed="1,1,1,5,4,111" ten="235,265,255,235" oya="1" hai0="126,86,100,127,118,74,101,20,110,68,21,50,122" hai1="89,60,63,28,135,12,79,123,93,3,51,72,41" hai2="133,9,121,67,90,29,106,98,40,2,34,95,35" hai3="97,5,62,52,80,109,77,131,59,83,87,125,15"/><U39/><E123/><V18/><F121/><W46/><G109/><T112/><D118/><U69/><E3/><V13/><F133/><W32/><G32/><T71/><D110/><U130/><E39/><V102/><F40/><W128/><G125/><N who="0" m="47627" /><D122/><U104/><E104/><V85/><F67/><W103/><G46/><T107/><D107/><U17/><E130/><N who="3" m="49706" /><G80/><T94/><D74/><U0/><E0/><V78/><F29/><W73/><G73/><T4/><D50/><U42/><E28/><V129/><F129/><W23/><G23/><N who="0" m="8779" /><D4/><U53/><E135/><V58/><F2/><W33/><G33/><T16/><D16/><U56/><E41/><V10/><F9/><N who="3" m="4527" /><G97/><T113/><D86/><U1/><E1/><V134/><F134/><W124/><G124/><T105/><D105/><U99/><E42/><V82/><REACH who="2" step="1"/><F58/><REACH who="2" ten="235,265,245,235" step="2"/><W6/><G6/><T96/><D100/><AGARI ba="1,2" hai="52,59,62,77,83,87,100,103" m="4527,49706" machi="100" ten="30,2000,0" yaku="19,1,54,1" doraHai="111" who="3" fromWho="0" sc="235,-23,265,0,245,0,235,43" /><INIT seed="2,0,0,3,4,25" ten="212,265,245,278" oya="2" hai0="62,68,78,73,36,103,51,76,129,18,37,53,33" hai1="48,85,27,0,4,16,95,64,30,6,135,92,83" hai2="70,7,89,11,118,38,125,31,65,104,98,108,47" hai3="128,97,54,107,115,56,79,67,114,61,74,43,126"/><V75/><F118/><W59/><G126/><T45/><D129/><U26/><E135/><V88/><F125/><W134/><G134/><T113/><D113/><N who="3" m="43017" /><G128/><T111/><D111/><U81/><E64/><V55/><F108/><W19/><G43/><T91/><D103/><U101/><E0/><V63/><F75/><W1/><G1/><T82/><D78/><U13/><E48/><V87/><F87/><W122/><G122/><T9/><D33/><U57/><E57/><V130/><F130/><W42/><G42/><T40/><D91/><U119/><E119/><V3/><F38/><W121/><G121/><T14/><REACH who="0" step="1"/><D53/><REACH who="0" ten="202,265,245,278" step="2"/><U58/><E101/><V71/><F55/><W34/><G54/><T10/><D10/><U120/><E120/><V96/><F89/><W100/><G34/><T110/><D110/><U112/><E112/><V32/><F88/><W106/><G79/><T21/><D21/><U90/><E83/><V22/><F22/><W80/><G80/><T93/><D93/><U20/><E92/><V5/><F104/><W66/><G107/><T86/><D86/><U72/><E95/><V35/><F35/><W60/><G74/><T15/><D15/><U133/><E72/><V105/><F105/><W8/><G8/><T69/><D69/><U132/><E133/><V124/><F71/><W117/><G117/><T44/><D44/><U109/><E132/><V2/><F47/><W23/><G23/><T17/><D17/><AGARI ba="0,1" hai="17,19,56,59,60,61,66,67,97,100,106" m="43017" machi="17" ten="30,1000,0" yaku="11,1" doraHai="25" who="3" fromWho="0" sc="202,-10,265,0,245,0,278,20" /><INIT seed="3,0,0,2,5,14" ten="192,265,245,298" oya="3" hai0="117,54,59,133,83,95,62,119,93,24,96,8,75" hai1="99,124,41,77,65,129,82,25,69,38,106,11,45" hai2="112,70,42,29,121,123,80,23,1,19,2,91,15" hai3="128,98,116,37,49,27,134,89,66,105,43,28,92"/><W73/><G116/><T97/><D133/><U20/><E129/><V5/><F112/><W88/><G128/><T48/><D119/><U3/><E124/><V64/><F42/><W34/><G134/><T21/><D117/><U26/><E69/><V39/><F39/><W58/><G73/><T87/><D75/><N who="1" m="43327" /><E65/><V104/><F104/><W108/><G105/><T56/><D8/><U6/><E20/><V74/><F29/><W51/><G108/><T110/><D110/><U10/><E10/><V50/><F5/><W122/><G122/><N who="2" m="46601" /><F50/><W36/><G89/><T68/><D68/><U86/><E86/><N who="2" m="50631" /><F74/><W113/><G113/><T71/><D71/><U13/><E13/><V130/><F130/><W16/><G37/><T46/><D59/><U0/><E0/><V100/><F100/><AGARI ba="0,0" hai="3,6,11,25,26,38,41,45,99,100,106" m="43327" machi="100" ten="30,1000,0" yaku="25,1" doraHai="14" who="1" fromWho="2" sc="192,0,265,10,245,-10,298,0" /><INIT seed="4,0,0,0,3,26" ten="192,275,235,298" oya="0" hai0="86,45,98,91,35,120,124,76,18,28,55,22,5" hai1="64,99,87,8,49,79,71,2,133,3,100,96,38" hai2="110,65,41,13,75,88,47,114,93,59,51,11,83" hai3="17,107,62,37,135,128,14,58,12,112,56,122,121"/><T1/><D120/><U72/><E38/><V30/><F114/><W9/><G37/><T57/><D76/><U32/><E72/><V16/><F110/><W50/><G112/><T33/><D124/><U106/><E133/><V103/><F30/><W109/><G109/><T34/><D45/><U53/><E99/><V25/><F25/><W115/><G115/><T131/><D131/><U89/><E79/><V61/><F103/><W69/><G107/><T40/><D40/><U82/><E32/><V52/><F75/><W113/><G113/><T42/><D42/><U48/><E48/><V68/><F83/><W104/><G104/><T10/><D98/><U74/><E74/><V24/><F24/><W54/><G69/><T4/><D4/><U15/><E64/><V67/><F68/><W101/><G135/><T21/><D18/><U63/><E63/><V108/><F108/><W27/><G128/><T7/><D7/><U6/><REACH who="1" step="1"/><E71/><REACH who="1" ten="192,265,235,298" step="2"/><V92/><F92/><W90/><G50/><T44/><D44/><AGARI ba="0,1" hai="2,3,6,8,15,44,49,53,82,87,89,96,100,106" machi="44" ten="30,7700,0" yaku="1,1,2,1,7,1,53,1" doraHai="26" doraHaiUra="84" who="1" fromWho="0" sc="192,-77,265,87,235,0,298,0" /><INIT seed="5,0,0,2,0,102" ten="115,352,235,298" oya="1" hai0="68,6,51,72,126,63,89,16,42,36,39,122,64" hai1="9,38,73,81,49,88,84,52,15,79,120,8,22" hai2="50,74,114,100,1,106,11,3,117,90,98,94,43" hai3="59,35,31,113,119,30,108,130,99,65,80,14,24"/><U45/><E120/><V123/><F123/><W2/><G2/><T44/><D126/><U115/><E115/><V66/><F117/><W69/><G113/><T127/><D127/><U7/><E38/><V121/><F121/><W129/><G108/><T116/><D116/><U0/><E22/><V125/><F125/><W13/><G69/><T111/><D111/><U28/><E28/><V67/><F114/><W107/><G119/><T92/><D72/><U12/><REACH who="1" step="1"/><E8/><REACH who="1" ten="115,342,235,298" step="2"/><V118/><F11/><W4/><G30/><T101/><D122/><U23/><E23/><V57/><F118/><W21/><G21/><T60/><D39/><U40/><E40/><V46/><F43/><W95/><G31/><T53/><D36/><U37/><E37/><V78/><F1/><W58/><G129/><T133/><D42/><U56/><E56/><V55/><F3/><W134/><G58/><T48/><D44/><U71/><E71/><V10/><F10/><W135/><G59/><T93/><D68/><U33/><E33/><V104/><F57/><W91/><G35/><T87/><D63/><U112/><E112/><V75/><F66/><W77/><G65/><T109/><D60/><U124/><E124/><V27/><F67/><W5/><G130/><T61/><D61/><U86/><E86/><V26/><F46/><W32/><G32/><T110/><D64/><U82/><AGARI ba="0,1" hai="0,7,9,12,15,45,49,52,73,79,81,82,84,88" machi="82" ten="20,12000,1" yaku="1,1,0,1,7,1,54,2,53,0" doraHai="102" doraHaiUra="132" who="1" fromWho="1" sc="115,-40,342,130,235,-40,298,-40" /><INIT seed="5,1,0,1,2,97" ten="75,472,195,258" oya="1" hai0="29,117,19,88,108,52,12,17,120,57,85,79,74" hai1="112,43,124,51,30,110,75,4,91,70,107,106,109" hai2="18,67,66,21,32,36,46,53,20,15,76,131,22" hai3="98,48,100,61,59,16,86,68,41,6,69,11,56"/><U116/><E116/><V121/><F121/><W58/><G86/><T26/><D108/><U135/><E70/><V132/><F32/><W133/><G133/><T73/><D117/><U33/><E75/><V128/><F132/><W8/><G6/><T44/><D44/><U23/><E33/><V122/><F122/><W78/><G78/><T129/><D129/><N who="2" m="49738" /><F76/><W24/><G8/><T95/><D120/><U28/><E51/><N who="2" m="28919" /><F36/><W13/><G24/><T64/><D64/><AGARI ba="1,0" hai="15,18,20,21,22,64,66,67" m="28919,49738" machi="64" ten="30,1000,0" yaku="19,1" doraHai="97" who="2" fromWho="0" sc="75,-13,472,0,195,13,258,0" /><INIT seed="6,0,0,2,4,0" ten="62,472,208,258" oya="2" hai0="19,63,28,113,13,35,29,57,33,3,128,126,49" hai1="114,86,68,83,132,115,53,116,133,120,84,130,31" hai2="59,71,70,101,80,124,90,112,129,82,42,118,108" hai3="66,87,77,74,14,107,119,58,20,102,91,26,41"/><V79/><F118/><W131/><G119/><T18/><D49/><U72/><E116/><V10/><F112/><N who="1" m="43049" /><E120/><V117/><F117/><W106/><G131/><T38/><D38/><U34/><E68/><V75/><F129/><W52/><G41/><T24/><D113/><U27/><E130/><V8/><F124/><W45/><G45/><T62/><D128/><U81/><E53/><V111/><F101/><W78/><G66/><T7/><D57/><U89/><E72/><V23/><F23/><W103/><G74/><T125/><D63/><U48/><E48/><V12/><F8/><W105/><G14/><T50/><D50/><U2/><E2/><V100/><F100/><W46/><G102/><T16/><D62/><U127/><E127/><N who="0" m="48649" /><D3/><U60/><E60/><V109/><F59/><W104/><G103/><T32/><D24/><U21/><E34/><N who="0" m="8705" /><T67/><DORA hai="51" /><D67/><U98/><E98/><V40/><F71/><W1/><G1/><T5/><D13/><U4/><E4/><AGARI ba="0,0" hai="4,5,7,16,18,19,28,29" m="8705,48649" machi="4" ten="50,16000,3" yaku="28,2,18,1,34,2,52,3,54,1" doraHai="0,51" who="0" fromWho="1" sc="62,160,472,-160,208,0,258,0" /><INIT seed="7,0,0,2,1,87" ten="222,312,208,258" oya="3" hai0="97,73,106,36,59,132,33,58,111,122,131,123,4" hai1="8,16,78,117,98,92,114,0,45,80,96,76,19" hai2="21,77,135,34,129,1,68,83,60,116,29,26,70" hai3="79,27,13,101,24,110,2,35,18,74,65,66,130"/><W125/><G2/><T119/><RYUUKYOKU type="yao9" ba="0,0" sc="222,0,312,0,208,0,258,0" hai0="4,33,36,58,59,73,97,106,111,119,122,123,131,132" /><INIT seed="7,1,0,5,5,112" ten="222,312,208,258" oya="3" hai0="26,14,116,97,65,44,17,27,130,134,61,16,79" hai1="43,15,69,85,42,58,64,100,95,4,62,123,113" hai2="114,47,29,103,35,127,31,45,120,91,124,75,1" hai3="115,93,129,118,70,109,36,87,132,28,52,23,7"/><W0/><G115/><T94/><D134/><U37/><E113/><V126/><F114/><W73/><G109/><T18/><D130/><U102/><E123/><V54/><F120/><W90/><G118/><T74/><D116/><U59/><E69/><V40/><F1/><W60/><G129/><T25/><D74/><U99/><E37/><V20/><F35/><W108/><G108/><T81/><D44/><U3/><E3/><V117/><F117/><W84/><G73/><T9/><D81/><U12/><E100/><V82/><F103/><W78/><G36/><T68/><REACH who="0" step="1"/><D79/><REACH who="0" ten="212,312,208,258" step="2"/><U133/><E133/><V38/><F75/><W63/><G78/><T21/><D21/><U19/><E42/><V119/><F20/><W11/><G23/><T121/><D121/><U89/><E43/><V34/><F34/><W80/><G132/><T71/><D71/><U72/><E72/><V13/><F119/><W24/><G70/><T33/><D33/><U67/><E58/><V104/><F82/><W131/><G131/><T96/><D96/><U105/><E59/><V122/><F122/><W57/><G80/><T22/><D22/><U56/><E56/><V92/><F45/><W135/><G135/><T10/><D10/><U77/><E77/><V88/><F47/><W107/><G11/><T76/><D76/><U106/><E99/><V110/><F110/><W83/><G83/><T66/><D66/><U128/><E128/><V32/><F32/><W111/><G57/><T2/><D2/><U30/><E67/><V101/><F40/><W8/><G0/><T41/><D41/><RYUUKYOKU ba="1,1" sc="212,30,312,-10,208,-10,258,-10" hai0="9,14,16,17,18,25,26,27,61,65,68,94,97" owari="242,-15.8,312,41.2,198,-30.2,248,4.8" /></mjloggm>