<mjloggm ver="2.3"><GO type="169" lobby="0"/><UN n0="%E3%83%8F%E3%82%BF%E3%83%A2%E3%83%88%E3%83%92%E3%83%AD" n1="%61%63%74%75%61%72%69%65" n2="%E4%B9%9D%E7%B4%8B%E9%BE%8D%E5%8F%B2%E9%80%B2" n3="%E5%8D%83%E6%96%97%E4%BA%94%E5%8D%81%E9%88%B4" dan="17,16,19,16" rate="2159.24,2055.16,2288.51,2080.86" sx="M,M,M,F"/><TAIKYOKU oya="0"/><INIT seed="0,0,0,4,3,87" ten="250,250,250,250" oya="0" hai0="41,86,125,128,72,38,77,53,127,29,95,13,12" hai1="130,91,104,112,0,17,124,3,49,65,52,98,94" hai2="126,26,133,99,56,76,70,5,97,81,117,55,7" hai3="2,43,121,106,73,23,66,116,37,68,44,71,25"/><T6/><D128/><U135/><E130/><V62/><F126/><N who="0" m="48138" /><D72/><U39/><E124/><V31/><F133/><W21/><G116/><T107/><D107/><U69/><E135/><V57/><F70/><W115/><G115/><T47/><D29/><U20/><E39/><V108/><F108/><W45/><G106/><T109/><D109/><U84/><E112/><V120/><F120/><W9/><G73/><T16/><D6/><U96/><E65/><V51/><F117/><W64/><G121/><T58/><D16/><U67/><E67/><V132/><F132/><W19/><G2/><T15/><D95/><U27/><E69/><V119/><F7/><W24/><G9/><T34/><D34/><U110/><E110/><V28/><F5/><W75/><G75/><T88/><D77/><U114/><E114/><V14/><F14/><W60/><G37/><T122/><D122/><U103/><REACH who="1" step="1"/><E98/><REACH who="1" ten="250,240,250,250" step="2"/><V48/><F99/><W79/><G43/><T40/><D41/><U42/><E42/><V102/><F97/><W101/><G66/><T33/><D33/><U100/><E100/><V82/><F102/><W111/><G68/><T4/><D4/><U113/><E113/><V46/><F119/><W11/><G101/><T85/><D88/><U54/><E54/><V50/><F55/><W80/><G111/><T74/><D74/><U92/><E92/><V18/><F76/><W36/><G36/><T93/><D93/><U134/><E134/><V22/><F82/><W59/><G71/><T90/><D90/><U89/><E89/><V1/><F81/><W8/><G80/><RYUUKYOKU ba="0,1" sc="250,15,240,15,250,-15,250,-15" hai0="12,13,15,38,40,47,53,58,85,86" hai1="0,3,17,20,27,49,52,84,91,94,96,103,104" /><INIT seed="0,1,1,0,0,27" ten="265,255,235,235" oya="0" hai0="33,59,74,6,132,133,31,25,88,29,124,120,18" hai1="19,71,94,67,83,121,30,32,96,119,99,107,60" hai2="104,36,98,81,116,123,135,87,28,52,69,4,102" hai3="125,20,50,91,35,131,11,93,66,118,79,0,80"/><T13/><D74/><U62/><E119/><V86/><F123/><W129/><G35/><T130/><D120/><U17/><E121/><V12/><F36/><W40/><G118/><T42/><D130/><N who="3" m="49673" /><G66/><T68/><D68/><U110/><E110/><V22/><F69/><W97/><G125/><T90/><D124/><U56/><E83/><V108/><F108/><W15/><G0/><T112/><D112/><U61/><E61/><V16/><F135/><N who="0" m="51786" /><D42/><U43/><E43/><V10/><F116/><W64/><G64/><T114/><D114/><U115/><E115/><V82/><F28/><N who="0" m="10826" /><D33/><U7/><E99/><V63/><F82/><W54/><G20/><N who="0" m="13463" /><D59/><U8/><E32/><V105/><F105/><W75/><G40/><T126/><D126/><U117/><E107/><V127/><F127/><W38/><G38/><T78/><D78/><U34/><E71/><V2/><REACH who="2" step="1"/><F81/><REACH who="2" ten="265,255,225,235" step="2"/><W37/><G37/><T9/><AGARI ba="1,2" hai="6,9,13,88,90" m="13463,10826,51786" machi="9" ten="30,12000,1" yaku="20,1,52,3,54,1" doraHai="27" who="0" fromWho="0" sc="265,143,255,-41,225,-41,235,-41" /><INIT seed="0,2,0,1,2,0" ten="408,214,184,194" oya="0" hai0="26,82,128,116,40,18,25,7,6,12,81,84,105" hai1="87,107,61,41,75,62,57,69,133,51,76,38,113" hai2="55,70,13,1,90,65,96,5,117,101,88,108,110" hai3="121,114,119,63,44,135,95,39,50,80,73,104,20"/><T71/><D116/><U42/><E75/><V86/><F1/><W22/><G114/><T37/><D105/><U23/><E107/><V118/><F55/><W125/><G119/><N who="2" m="45577" /><F65/><W8/><G39/><T72/><D71/><U16/><E133/><V94/><F70/><W91/><G104/><T11/><D128/><U19/><E113/><V132/><F132/><W33/><G135/><T67/><D72/><U77/><E69/><V98/><F90/><W29/><G125/><T103/><D103/><U27/><E38/><V97/><F101/><W66/><G121/><T32/><D67/><U109/><E109/><V59/><F59/><W53/><G8/><AGARI ba="2,0" hai="5,8,13,86,88,94,96,97,98,108,110" m="45577" machi="8" ten="40,5200,0" yaku="12,1,52,1,54,1" doraHai="0" who="2" fromWho="3" sc="408,0,214,0,184,58,194,-58" /><INIT seed="1,0,0,5,5,116" ten="408,214,242,136" oya="1" hai0="68,119,67,106,121,107,33,99,74,7,60,81,122" hai1="73,57,66,127,1,115,53,77,85,49,30,15,89" hai2="52,90,14,56,18,124,91,10,76,75,29,2,130" hai3="8,114,65,134,24,113,117,55,128,13,31,5,96"/><U36/><E1/><V120/><F124/><W48/><G117/><T101/><D119/><U51/><E36/><V132/><F132/><W123/><G123/><N who="0" m="47115" /><D33/><U93/><E127/><V78/><F130/><W112/><G128/><T35/><D35/><U109/><E109/><V108/><F108/><W102/><G65/><T22/><D7/><U54/><E66/><V61/><F120/><W95/><G134/><T12/><D12/><U105/><E105/><V125/><F125/><W79/><G79/><N who="2" m="30249" /><F75/><W70/><G70/><T40/><D22/><U28/><E115/><V6/><F2/><W42/><G42/><T104/><D40/><U50/><E73/><V62/><F29/><W64/><G64/><T111/><D111/><U126/><E77/><AGARI ba="0,0" hai="60,67,68,74,77,81,99,101,104,106,107" m="47115" machi="77" ten="30,8000,1" yaku="13,1,23,1,52,3" doraHai="116" who="0" fromWho="1" sc="408,80,214,-80,242,0,136,0" /><INIT seed="2,0,0,5,2,35" ten="488,134,242,136" oya="2" hai0="75,15,13,81,32,41,132,129,33,29,122,103,125" hai1="9,50,100,121,0,104,60,68,18,107,30,27,71" hai2="14,116,83,53,134,86,109,77,23,63,82,88,25" hai3="124,102,135,37,39,16,70,95,87,105,115,94,78"/><V24/><F116/><W47/><G70/><T99/><D122/><U55/><E121/><V5/><F134/><W59/><G135/><T46/><D129/><U110/><E110/><V66/><F53/><W118/><G118/><T10/><D15/><U48/><E18/><V38/><F38/><W101/><G124/><T26/><D125/><U130/><E130/><V3/><F109/><W108/><G108/><T67/><D67/><U97/><E104/><V127/><F3/><W42/><G115/><T56/><D56/><U1/><E9/><V89/><F127/><W7/><G39/><T20/><D81/><U62/><E50/><V54/><F54/><W31/><G31/><T58/><D58/><U112/><E62/><V8/><F83/><W74/><G7/><T43/><D75/><U34/><E112/><V111/><F111/><W19/><G101/><T40/><D46/><U52/><E55/><V114/><F114/><W128/><G128/><T61/><D61/><U92/><E92/><V76/><F76/><W73/><G59/><T45/><D45/><N who="1" m="27663" /><E71/><V21/><F63/><W131/><G94/><T72/><D72/><U91/><E91/><N who="2" m="34891" /><F66/><AGARI ba="0,0" hai="0,1,27,30,34,60,66,68,97,100,107" m="27663" machi="66" ten="30,7700,0" yaku="25,1,52,2,54,1" doraHai="35" who="1" fromWho="2" sc="488,0,134,77,242,-77,136,0" /><INIT seed="3,0,0,1,5,23" ten="488,211,165,136" oya="3" hai0="1,24,78,35,106,62,45,10,41,56,76,43,47" hai1="8,2,116,118,79,104,115,109,122,94,100,58,83" hai2="46,105,123,129,54,91,12,33,119,68,101,66,63" hai3="72,74,93,114,60,77,64,17,67,53,55,30,38"/><W14/><G114/><T107/><D107/><U44/><BYE who="0" /><E115/><V37/><F119/><W36/><G30/><UN n0="%E3%83%8F%E3%82%BF%E3%83%A2%E3%83%88%E3%83%92%E3%83%AD" /><T99/><D1/><U131/><E58/><V112/><F112/><W121/><G77/><T0/><D0/><U70/><E70/><V65/><F65/><W110/><G93/><T108/><D108/><U120/><E44/><V5/><F129/><W19/><G14/><T135/><D135/><U52/><E52/><V59/><F123/><N who="1" m="47145" /><E8/><V40/><F91/><W9/><G121/><T26/><D10/><U27/><E27/><V134/><F134/><W102/><G9/><T103/><D35/><U111/><E2/><V92/><F12/><W85/><G85/><T82/><D47/><U125/><E94/><V96/><F33/><W86/><G86/><T98/><D43/><U22/><E22/><V88/><F5/><W4/><G102/><T130/><D130/><U132/><E132/><V113/><F113/><W89/><G89/><T69/><D69/><U3/><E3/><V32/><F32/><W73/><G4/><T25/><D99/><N who="1" m="61471" /><E131/><V29/><F29/><W75/><G75/><T97/><D98/><U57/><E57/><V61/><F105/><W42/><G74/><T95/><D82/><U71/><E71/><V15/><F15/><W117/><G42/><T128/><D106/><U127/><E118/><V18/><F18/><W13/><G13/><T49/><D128/><U6/><E116/><V20/><F20/><W50/><G117/><T21/><D21/><U28/><E6/><V51/><F101/><W81/><G19/><T39/><D39/><AGARI ba="0,0" hai="37,39,40,46,51,54,59,61,63,66,68,88,92,96" machi="39" ten="40,2600,0" yaku="6,1,54,1" doraHai="23" who="2" fromWho="0" sc="488,-26,211,0,165,26,136,0" /><INIT seed="4,0,0,4,2,132" ten="462,211,191,136" oya="0" hai0="98,103,64,17,122,91,131,7,32,3,56,37,59" hai1="92,130,66,121,106,35,55,53,40,58,18,47,112" hai2="44,30,84,94,120,102,0,74,16,105,21,60,80" hai3="85,61,70,86,1,67,111,127,108,15,97,5,73"/><T128/><D32/><U46/><E106/><V50/><F120/><W22/><G73/><T14/><D37/><U78/><E35/><V10/><F105/><W29/><G1/><T119/><D119/><U87/><E121/><V116/><F116/><W27/><G97/><T13/><D91/><U77/><E130/><V83/><F74/><W57/><G70/><T135/><D135/><U114/><E18/><V51/><F60/><W9/><REACH who="3" step="1"/><G127/><REACH who="3" ten="462,211,191,126" step="2"/><T126/><D126/><U133/><E133/><V124/><F124/><W76/><G76/><T8/><D98/><U31/><E78/><V4/><F102/><W100/><G100/><T81/><D3/><U90/><E77/><V72/><F72/><W71/><G71/><T33/><D103/><U39/><E87/><AGARI ba="0,1" hai="5,9,15,22,27,29,57,61,67,85,86,87,108,111" machi="87" ten="40,5200,0" yaku="1,1,53,2" doraHai="132" doraHaiUra="123" who="3" fromWho="1" sc="462,0,211,-52,191,0,126,62" /><INIT seed="5,0,0,1,5,24" ten="462,159,191,188" oya="1" hai0="58,135,81,122,83,60,105,27,101,88,44,41,66" hai1="40,119,25,11,72,8,95,12,87,57,69,114,14" hai2="0,5,48,78,34,53,54,39,56,32,73,125,43" hai3="47,30,63,21,16,18,59,133,103,100,118,15,96"/><U131/><E72/><V61/><F125/><W33/><G133/><T115/><D122/><U110/><E69/><V113/><F113/><W6/><G118/><T127/><D127/><U22/><E119/><V126/><F126/><W109/><G109/><T29/><D135/><U10/><E40/><V128/><F128/><W82/><G96/><T23/><D115/><U46/><E46/><N who="2" m="23935" /><F53/><N who="3" m="34287" /><G33/><T17/><D101/><N who="3" m="38985" /><G47/><T1/><D1/><U123/><E123/><V75/><F61/><W91/><G91/><T116/><D105/><U74/><E74/><V26/><F75/><W55/><G82/><T37/><D116/><U7/><E114/><V121/><F121/><W4/><G55/><T2/><D2/><U117/><E117/><V42/><F42/><W99/><G99/><T79/><D79/><U112/><E112/><V106/><F106/><W45/><G45/><T9/><D88/><N who="1" m="53663" /><E110/><V129/><F129/><W76/><G76/><T50/><D37/><U90/><E90/><V3/><F3/><W80/><G80/><T20/><D9/><N who="1" m="3691" /><E131/><V67/><F78/><W65/><G65/><T68/><D68/><U35/><E35/><V92/><F67/><W89/><G89/><T51/><D51/><U98/><E98/><V49/><F73/><W124/><G124/><T132/><D132/><U94/><E94/><V134/><F92/><W104/><G104/><T62/><D62/><U13/><E57/><V28/><F134/><W77/><G77/><T107/><D107/><U111/><E111/><V31/><F56/><W108/><G108/><T70/><D70/><U97/><E97/><RYUUKYOKU ba="0,0" sc="462,15,159,15,191,-15,188,-15" hai0="17,20,23,27,29,41,44,50,58,60,66,81,83" hai1="7,11,12,13,14,22,25" /><INIT seed="5,1,0,1,1,58" ten="477,174,176,173" oya="1" hai0="35,51,87,29,91,127,39,38,50,69,100,56,45" hai1="126,40,102,13,73,130,4,131,57,42,118,65,16" hai2="132,111,83,116,33,21,3,36,41,128,68,113,11" hai3="129,63,34,48,37,70,77,10,6,120,44,103,0"/><U20/><E73/><V78/><RYUUKYOKU type="yao9" ba="1,0" sc="477,0,174,0,176,0,173,0" hai2="3,11,21,33,36,41,68,78,83,111,113,116,128,132" /><INIT seed="5,2,0,4,0,128" ten="477,174,176,173" oya="1" hai0="13,38,61,57,11,101,75,126,39,17,100,79,82" hai1="6,56,25,105,68,1,117,107,83,87,58,81,109" hai2="23,80,129,132,26,29,66,28,71,9,92,91,112" hai3="118,12,95,97,52,86,120,36,104,73,89,96,124"/><U53/><E117/><V51/><F129/><W50/><G36/><T30/><D126/><U59/><E68/><V37/><F37/><W45/><G124/><T42/><D39/><U77/><E109/><V70/><F112/><W32/><G118/><T46/><D30/><U24/><E1/><V119/><F119/><W116/><G116/><T114/><D114/><U3/><E3/><V44/><F29/><W40/><G120/><T93/><D93/><U111/><E111/><V88/><F132/><W113/><G113/><T121/><D121/><U108/><E6/><V133/><F133/><W94/><G32/><T65/><AGARI ba="2,0" hai="11,13,17,38,42,46,57,61,65,75,79,82,100,101" machi="65" ten="20,1500,0" yaku="0,1,7,1" doraHai="128" who="0" fromWho="0" sc="477,21,174,-9,176,-6,173,-6" /><INIT seed="6,0,0,2,2,53" ten="498,165,170,167" oya="2" hai0="114,128,44,42,87,89,10,75,23,105,86,3,19" hai1="30,40,122,127,11,66,102,56,94,47,54,116,101" hai2="118,33,39,5,117,93,32,73,61,77,78,36,126" hai3="90,104,92,24,68,46,58,96,38,7,18,83,21"/><V35/><F126/><W49/><G68/><T6/><D75/><U29/><E116/><V82/><F5/><W1/><G104/><T41/><D105/><U25/><E127/><V134/><F134/><W63/><G38/><T72/><D72/><U131/><E131/><V43/><F78/><W135/><G135/><T106/><D106/><U15/><E66/><V71/><F93/><W91/><G1/><T107/><D107/><U12/><E12/><V130/><F130/><W97/><G7/><T17/><D114/><U119/><E122/><V69/><F43/><W65/><G83/><T109/><D109/><U8/><E8/><V84/><F84/><N who="3" m="52295" /><G91/><T13/><D42/><AGARI ba="0,0" hai="18,21,24,42,46,49,58,63,65,96,97" m="52295" machi="42" ten="30,2000,0" yaku="8,1,52,1" doraHai="53" who="3" fromWho="0" sc="498,-20,165,0,170,0,167,20" /><INIT seed="7,0,0,1,5,119" ten="478,165,170,187" oya="3" hai0="123,132,120,77,3,62,101,92,87,49,106,32,34" hai1="74,60,41,76,21,127,129,46,79,4,58,71,26" hai2="55,103,91,70,19,83,135,44,102,31,42,66,73" hai3="69,27,88,15,53,24,45,115,80,13,121,23,95"/><W17/><G121/><T9/><D49/><U64/><E129/><V35/><F135/><W117/><G115/><T100/><D132/><U72/><E127/><V97/><F55/><W57/><G69/><T128/><D128/><U85/><E4/><V39/><F19/><N who="3" m="10751" /><G80/><T81/><D106/><U134/><E134/><V0/><F0/><W75/><G45/><T59/><D100/><U90/><E71/><V1/><F1/><W111/><G75/><T133/><D32/><U93/><E74/><V20/><F35/><W78/><G78/><T16/><D34/><U7/><E7/><V130/><F130/><W11/><G111/><T108/><D3/><U84/><E84/><V68/><F73/><W8/><G8/><T98/><D108/><U52/><E64/><V86/><F66/><W125/><G117/><T25/><D133/><U96/><E85/><V10/><F10/><W109/><G125/><T61/><D61/><U54/><E54/><V107/><REACH who="2" step="1"/><F103/><REACH who="2" ten="478,165,160,187" step="2"/><W118/><G109/><T110/><D110/><U94/><E72/><V104/><F104/><W131/><G118/><T38/><D38/><U40/><E93/><V113/><F113/><W99/><G131/><T33/><D9/><U112/><E112/><V36/><F36/><W43/><G43/><N who="1" m="16458" /><E46/><V63/><F63/><AGARI ba="0,1" hai="11,13,17,24,27,53,57,63,88,95,99" m="10751" machi="63" ten="30,2900,0" yaku="8,1,54,1" doraHai="119" who="3" fromWho="2" sc="478,0,165,0,160,-29,187,39" /><INIT seed="7,1,0,5,5,78" ten="478,165,131,226" oya="3" hai0="66,49,82,87,50,130,132,124,67,6,135,56,100" hai1="103,40,55,29,32,47,13,114,118,96,21,46,8" hai2="115,75,38,83,134,22,74,52,89,36,37,7,112" hai3="34,43,128,18,113,4,99,72,19,30,117,101,85"/><W64/><G72/><T120/><D120/><U107/><E114/><N who="2" m="43563" /><F134/><N who="0" m="51242" /><D124/><U28/><E32/><V17/><F7/><W58/><G128/><T70/><D130/><U24/><E118/><V1/><F1/><W97/><G85/><T48/><D70/><U98/><E55/><V122/><F122/><W39/><G43/><T27/><D100/><U44/><E98/><V80/><F89/><W53/><G30/><T57/><D27/><U110/><E110/><V33/><F33/><W106/><G4/><T15/><D66/><U68/><E68/><V59/><F75/><W20/><G39/><N who="2" m="9985" /><V131/><DORA hai="16" /><F74/><W111/><G34/><T116/><D67/><U14/><E14/><N who="2" m="9527" /><F131/><W3/><G113/><T127/><D127/><U104/><E104/><V133/><F133/><W109/><G3/><T60/><D60/><AGARI ba="1,0" hai="52,59,60,80,83" m="9527,9985,43563" machi="60" ten="40,8000,1" yaku="15,1,52,3,54,1" doraHai="78,16" who="2" fromWho="0" sc="478,-83,165,0,131,83,226,0" owari="395,49.5,165,-33.5,214,-18.6,226,2.6" /></mjloggm>