<mjloggm ver="2.3"><GO type="169" lobby="0"/><UN n0="%E4%B8%83%E7%94%9F%E5%A4%95" n1="%E3%81%82%E3%81%95%E3%81%B4%E3%82%93%EF%BC%A0%EF%BD%8D%EF%BD%8A" n2="%E3%80%90%E3%83%A1%E3%82%BF%E3%83%A9%E3%83%BC%E3%80%91" n3="%2D%E8%B1%8A%E5%8F%A3%E3%82%81%E3%81%90%E3%81%BF%2D" dan="16,18,17,17" rate="2096.13,2266.28,2122.78,2175.13" sx="M,M,M,F"/><TAIKYOKU oya="0"/><INIT seed="0,0,0,1,5,38" ten="250,250,250,250" oya="0" hai0="35,113,62,30,37,59,29,3,64,133,103,43,85" hai1="54,105,96,18,58,80,23,48,53,135,36,33,102" hai2="70,47,8,97,67,63,126,7,77,110,87,123,49" hai3="81,88,11,94,95,71,116,4,119,124,109,45,127"/><T22/><D113/><U51/><E135/><V15/><F110/><W21/><G71/><T40/><D133/><U117/><E33/><V99/><F126/><N who="3" m="48171" /><G109/><T16/><D3/><U5/><E117/><V32/><F32/><W52/><G94/><T1/><D1/><U90/><E36/><V68/><F68/><W84/><G21/><T66/><D37/><U120/><E120/><V34/><F34/><W79/><G11/><T13/><D103/><U104/><E5/><V41/><REACH who="2" step="1"/><F123/><REACH who="2" ten="250,250,240,250" step="2"/><W129/><G129/><T75/><D35/><U20/><E104/><V82/><AGARI ba="0,1" hai="7,8,15,41,47,49,63,67,70,77,82,87,97,99" machi="82" ten="30,12000,2" yaku="1,1,2,1,0,1,25,2,52,1,53,0" doraHai="38" doraHaiUra="130" who="2" fromWho="2" sc="250,-60,250,-30,240,130,250,-30" /><INIT seed="1,0,0,2,3,114" ten="190,220,370,220" oya="1" hai0="132,82,31,123,129,110,125,32,130,68,108,104,107" hai1="16,118,12,84,34,81,91,111,14,88,7,43,62" hai2="55,53,126,86,101,56,70,38,98,45,90,22,131" hai3="39,89,42,117,44,49,127,5,54,58,113,3,40"/><U124/><E34/><V67/><F126/><W106/><G106/><N who="0" m="40491" /><D68/><U50/><E124/><V75/><F75/><W2/><G113/><T128/><D31/><U122/><E122/><V15/><F131/><W24/><G127/><T66/><D32/><U71/><E111/><N who="0" m="42537" /><D66/><U10/><E118/><V134/><F134/><W13/><G117/><T76/><D125/><U95/><E71/><V8/><F22/><W69/><G42/><T48/><D48/><U11/><E62/><V27/><F27/><W1/><G69/><T115/><D115/><U28/><E28/><V63/><F38/><W102/><G102/><T59/><D59/><U37/><E37/><V93/><F45/><W36/><G24/><T18/><D18/><U80/><E91/><V109/><F109/><W74/><G74/><N who="0" m="43287" /><D132/><U121/><E121/><AGARI ba="0,0" hai="121,123,128,129,130" m="43287,42537,40491" machi="121" ten="40,8000,1" yaku="19,1,14,1,23,1,34,2" doraHai="114" who="0" fromWho="1" sc="190,80,220,-80,370,0,220,0" /><INIT seed="2,0,0,1,3,102" ten="270,140,370,220" oya="2" hai0="83,80,67,8,121,36,38,129,130,79,109,100,116" hai1="7,88,34,29,28,48,33,12,108,45,110,94,107" hai2="113,77,128,118,41,52,32,11,69,64,89,2,73" hai3="123,31,133,59,0,111,5,15,99,26,122,87,50"/><V98/><F113/><W112/><G0/><T131/><D121/><U1/><E1/><V61/><F118/><W49/><G111/><N who="1" m="42538" /><E7/><V124/><F124/><W35/><G133/><T115/><D115/><U20/><E12/><V66/><F128/><W72/><G72/><T68/><D109/><U57/><E57/><V40/><F32/><N who="1" m="12393" /><E20/><V42/><F77/><W114/><G15/><T30/><D116/><U6/><E6/><V46/><F73/><W47/><G5/><T58/><D58/><U119/><E119/><V65/><F11/><W19/><G59/><T63/><D30/><U95/><E95/><V71/><F2/><W106/><G19/><T91/><D8/><U81/><E81/><V17/><F17/><W22/><G35/><T105/><D83/><U21/><E21/><V93/><F71/><W23/><G23/><T78/><D78/><U74/><E74/><V37/><F37/><W90/><G114/><T126/><D79/><U16/><E16/><V3/><F3/><W44/><G112/><T104/><D80/><U84/><E107/><V9/><F9/><W14/><G14/><T53/><D105/><U120/><E120/><V82/><REACH who="2" step="1"/><F82/><REACH who="2" ten="270,140,360,220" step="2"/><N who="3" m="49527" /><G123/><T76/><D129/><U51/><E51/><AGARI ba="0,1" hai="40,41,42,46,51,52,61,64,65,66,69,89,93,98" machi="51" ten="40,3900,0" yaku="1,1,54,1,53,0" doraHai="102" doraHaiUra="134" who="2" fromWho="1" sc="270,0,140,-39,360,49,220,0" /><INIT seed="2,1,0,5,3,102" ten="270,101,409,220" oya="2" hai0="8,13,53,9,87,50,122,108,38,27,37,79,10" hai1="99,98,72,93,114,88,28,96,128,100,82,22,46" hai2="61,116,16,11,84,119,21,5,6,97,94,7,115" hai3="89,68,56,105,55,73,110,75,31,12,78,112,117"/><V132/><F115/><W30/><G117/><T103/><D122/><U67/><E114/><V124/><F124/><W106/><G112/><T1/><D108/><U24/><E128/><V83/><F132/><W54/><G68/><T120/><D120/><U85/><E72/><V134/><F134/><W133/><G133/><T34/><D1/><U126/><E126/><V125/><F125/><W123/><G123/><T129/><D103/><U33/><E33/><V63/><F11/><W26/><G12/><T113/><D129/><U4/><E4/><V101/><F119/><W64/><G64/><T66/><D66/><U77/><E77/><V32/><F32/><W76/><G56/><T130/><D130/><U20/><E46/><V45/><F45/><W2/><G89/><T111/><D111/><U71/><E71/><V127/><F116/><W57/><G57/><T39/><D13/><U109/><E109/><V52/><F52/><W74/><G110/><T86/><D113/><U65/><E65/><V81/><F81/><W60/><G60/><T25/><D79/><N who="3" m="30249" /><G26/><T23/><D34/><U80/><E80/><V131/><F131/><W70/><G70/><T95/><D25/><N who="1" m="16423" /><E67/><V35/><F35/><W14/><G14/><T43/><D27/><U91/><E100/><V69/><F69/><W18/><G2/><T19/><D39/><U104/><E104/><N who="3" m="40042" /><G18/><AGARI ba="1,0" hai="18,22,24,82,85,88,91,93,96,98,99" m="16423" machi="18" ten="30,2000,0" yaku="8,1,54,1" doraHai="102" who="1" fromWho="3" sc="270,0,101,23,409,0,220,-23" /><INIT seed="3,0,0,5,2,1" ten="270,124,409,197" oya="3" hai0="50,29,17,85,19,6,12,77,92,0,21,73,90" hai1="132,55,62,45,71,79,23,97,56,94,105,47,39" hai2="8,106,37,114,5,63,27,49,133,16,112,75,120" hai3="113,111,122,89,100,108,129,103,91,7,9,41,43"/><W124/><G113/><T13/><D29/><U32/><E32/><V14/><F37/><W74/><G74/><T88/><D73/><U36/><E105/><V107/><F75/><W84/><G122/><T46/><D77/><U2/><E79/><V4/><F120/><W69/><G69/><T35/><D35/><U60/><E2/><V28/><F133/><W116/><G116/><T102/><D102/><N who="3" m="38953" /><G124/><T104/><D104/><U20/><E132/><V98/><F98/><W67/><G67/><T82/><D0/><U128/><E128/><V80/><F80/><N who="3" m="49287" /><G91/><T83/><D90/><N who="1" m="55511" /><E71/><V38/><F38/><W125/><G125/><T51/><D51/><N who="1" m="30847" /><E39/><V123/><F107/><W78/><G78/><T117/><D117/><U10/><E10/><V44/><F106/><W127/><G127/><T15/><D21/><N who="1" m="8267" /><E36/><V110/><F123/><W30/><G30/><T101/><D101/><U61/><AGARI ba="0,0" hai="45,47,60,61,62" m="8267,30847,55511" machi="61" ten="30,1100,0" yaku="8,1" doraHai="1" who="1" fromWho="1" sc="270,-3,124,11,409,-3,197,-5" /><INIT seed="4,0,0,2,4,61" ten="267,135,406,192" oya="0" hai0="77,102,63,9,95,38,128,100,33,59,65,18,101" hai1="117,13,107,8,90,58,11,70,119,84,92,116,74" hai2="132,44,67,32,19,69,110,17,99,124,108,130,112" hai3="72,88,113,49,115,81,75,60,28,30,118,129,135"/><T122/><D122/><U39/><E70/><V16/><F32/><W41/><G118/><T24/><D38/><U3/><E39/><V71/><F112/><N who="3" m="43083" /><G129/><T64/><D128/><U79/><E107/><V68/><F130/><W31/><G135/><T125/><D125/><U10/><E3/><V127/><F132/><W48/><G60/><T1/><D77/><U111/><E111/><N who="2" m="42539" /><F44/><N who="3" m="25615" /><G49/><T46/><D46/><U47/><E47/><V123/><F99/><W120/><G120/><T14/><D1/><U109/><E109/><V62/><F123/><W2/><G2/><T45/><D45/><U104/><E104/><V43/><F43/><W37/><G37/><T131/><D131/><U12/><REACH who="1" step="1"/><E58/><REACH who="1" ten="267,125,406,192" step="2"/><V83/><F71/><W42/><G42/><T6/><D59/><U93/><E93/><V89/><F69/><W91/><G81/><AGARI ba="0,1" hai="8,10,11,12,13,74,79,81,84,90,92,116,117,119" machi="81" ten="50,1600,0" yaku="1,1,53,0" doraHai="61" doraHaiUra="35" who="1" fromWho="3" sc="267,0,125,26,406,0,192,-16" /><INIT seed="5,0,0,4,2,135" ten="267,151,406,176" oya="1" hai0="123,119,36,116,132,2,82,37,108,99,7,88,79" hai1="109,24,55,121,129,47,28,70,58,20,12,21,27" hai2="91,98,100,81,134,107,92,106,117,76,74,80,90" hai3="56,8,64,4,127,31,46,68,15,113,77,59,72"/><U23/><E70/><V101/><F134/><W26/><G113/><T128/><D108/><U95/><E121/><V103/><F117/><W14/><G68/><T110/><D110/><U44/><E109/><V84/><AGARI ba="0,0" hai="74,76,80,81,84,90,91,92,98,100,101,103,106,107" machi="84" ten="30,12000,2" yaku="0,1,35,6" doraHai="135" who="2" fromWho="2" sc="267,-30,151,-60,406,120,176,-30" /><INIT seed="6,0,0,1,0,8" ten="237,91,526,146" oya="2" hai0="117,86,94,95,104,64,106,65,44,53,108,80,41" hai1="98,110,74,113,16,120,34,130,51,105,26,76,42" hai2="84,99,28,131,134,56,85,38,27,52,77,36,103" hai3="97,55,58,6,7,107,0,71,91,128,109,30,57"/><V11/><F131/><W69/><G109/><T2/><D108/><U32/><E110/><V126/><F126/><W93/><G128/><T63/><D2/><U68/><E130/><V100/><F134/><W25/><G107/><T118/><D53/><U50/><E68/><V54/><F11/><W115/><G58/><T121/><D121/><U49/><E120/><V127/><F127/><W87/><G115/><T10/><D10/><U23/><E113/><V1/><F1/><W39/><G39/><T22/><D22/><U61/><E42/><V9/><F9/><W111/><G111/><T31/><D31/><U33/><E61/><V112/><F112/><W60/><G0/><T132/><D132/><U83/><REACH who="1" step="1"/><E51/><REACH who="1" ten="237,81,526,146" step="2"/><V123/><F123/><W88/><G71/><T81/><D63/><U70/><E70/><V72/><F38/><W114/><G69/><T82/><D41/><U96/><E96/><V43/><F43/><W125/><G114/><T21/><D117/><U62/><E62/><V135/><F36/><W101/><G125/><T5/><D118/><U102/><AGARI ba="0,1" hai="16,23,26,32,33,34,49,50,74,76,83,98,102,105" machi="102" ten="40,5200,0" yaku="1,1,0,1,54,1,53,0" doraHai="8" doraHaiUra="66" who="1" fromWho="1" sc="237,-13,81,62,526,-26,146,-13" /><INIT seed="7,0,0,2,2,128" ten="224,143,500,133" oya="3" hai0="135,117,105,97,53,56,37,132,38,91,78,33,52" hai1="100,1,36,39,46,6,110,79,134,18,40,75,55" hai2="26,0,9,77,47,16,57,21,61,51,58,63,125" hai3="5,96,94,22,8,118,72,23,107,24,19,70,62"/><W116/><G107/><T88/><D33/><U108/><E39/><V120/><F125/><W90/><G72/><T121/><D121/><U127/><E127/><V34/><F120/><W111/><G111/><T82/><D117/><U112/><E112/><V99/><F77/><W41/><G41/><T30/><D30/><U43/><E43/><V45/><F34/><W103/><G103/><T131/><D131/><U113/><E113/><V76/><F76/><W67/><REACH who="3" step="1"/><G23/><REACH who="3" ten="224,143,500,123" step="2"/><T106/><D105/><U4/><E100/><V69/><F21/><W95/><G95/><T98/><D106/><U48/><E108/><V101/><F101/><W35/><G35/><T31/><D82/><U66/><E110/><V85/><F9/><W20/><G20/><T50/><D37/><U7/><E36/><V93/><F93/><W104/><G104/><T68/><D38/><U44/><E40/><V129/><F129/><W126/><G126/><T29/><D29/><U10/><E75/><V114/><F114/><W86/><G86/><T25/><D31/><U2/><E10/><V102/><F85/><W14/><AGARI ba="0,1" hai="5,8,14,19,22,24,62,67,70,90,94,96,116,118" machi="14" ten="20,7800,0" yaku="1,1,0,1,7,1,53,1" doraHai="128" doraHaiUra="89" who="3" fromWho="3" sc="224,-26,143,-26,500,-26,123,88" /><INIT seed="7,1,0,3,1,31" ten="198,117,474,211" oya="3" hai0="45,70,69,114,11,59,50,23,89,35,60,78,97" hai1="108,93,88,117,103,134,92,42,51,28,34,109,91" hai2="5,18,68,119,96,46,6,115,128,47,102,14,17" hai3="95,82,20,74,132,100,53,19,94,113,48,52,62"/><W124/><G113/><T55/><D35/><U127/><E134/><V57/><F68/><W27/><G132/><T10/><D114/><U64/><E64/><V16/><F119/><W56/><G124/><T104/><D78/><U125/><E42/><V75/><F75/><W87/><G74/><T110/><D110/><N who="1" m="42603" /><E51/><V2/><F128/><W61/><G100/><T0/><D70/><U3/><E3/><V98/><F2/><W73/><G73/><T83/><D0/><U121/><E28/><V39/><F39/><W40/><G40/><T126/><D50/><U80/><E34/><V85/><F85/><W8/><G8/><T49/><D49/><U130/><E121/><V133/><F133/><W44/><G62/><T29/><D29/><U1/><E1/><V36/><F36/><W58/><G44/><T30/><D45/><U15/><E15/><V25/><F14/><W21/><G21/><T81/><D23/><U107/><E130/><V111/><F111/><W26/><G26/><T77/><D11/><U120/><E120/><V123/><F25/><W37/><G37/><T72/><D10/><U131/><E131/><V4/><F123/><W9/><G9/><T116/><D30/><U54/><E54/><V101/><F57/><W90/><AGARI ba="1,0" hai="19,20,27,48,52,53,56,58,61,82,87,90,94,95" machi="90" ten="20,7800,0" yaku="0,1,7,1,8,1,54,1" doraHai="31" who="3" fromWho="3" sc="198,-27,117,-27,474,-27,211,81" /><INIT seed="7,2,0,2,1,123" ten="171,90,447,292" oya="3" hai0="50,44,40,73,6,13,112,132,18,41,49,93,100" hai1="16,62,26,69,45,130,89,127,120,97,5,83,82" hai2="131,60,108,24,135,109,71,86,105,25,118,125,122" hai3="79,121,21,110,11,35,81,7,77,102,91,106,99"/><W42/><G121/><T92/><D73/><U32/><E120/><V38/><RYUUKYOKU type="yao9" ba="2,0" sc="171,0,90,0,447,0,292,0" hai2="24,25,38,60,71,86,105,108,109,118,122,125,131,135" /><INIT seed="7,3,0,1,4,68" ten="171,90,447,292" oya="3" hai0="47,60,76,107,85,17,133,57,90,109,49,75,94" hai1="113,67,88,95,122,3,11,87,7,66,110,83,55" hai2="2,37,19,121,80,112,84,128,101,123,38,10,25" hai3="41,5,86,64,124,89,26,30,48,34,100,15,8"/><W65/><G124/><T0/><D109/><U43/><E110/><V127/><F112/><W62/><G100/><T70/><D107/><U134/><E122/><N who="2" m="46603" /><F128/><W71/><G65/><T14/><D133/><U125/><E134/><V58/><F127/><W16/><G41/><T93/><D0/><U96/><E125/><V31/><F101/><W92/><REACH who="3" step="1"/><G48/><REACH who="3" ten="171,90,447,282" step="2"/><T9/><D49/><U118/><E113/><V116/><F116/><W102/><G102/><T126/><D126/><U129/><E118/><V99/><F38/><W74/><G74/><T29/><D75/><U78/><E129/><V53/><F37/><W24/><G24/><T111/><D111/><U104/><E104/><V20/><F25/><W54/><G54/><T12/><D70/><U69/><E69/><V131/><F53/><W39/><G39/><T119/><D119/><U81/><E43/><V33/><F131/><W40/><G40/><T44/><D60/><U6/><E6/><AGARI ba="3,1" hai="5,6,8,15,16,26,30,34,62,64,71,86,89,92" machi="6" ten="40,7700,0" yaku="1,1,54,1,53,1" doraHai="68" doraHaiUra="56" who="3" fromWho="1" sc="171,0,90,-86,447,0,282,96" /><INIT seed="7,4,0,5,2,109" ten="171,4,447,378" oya="3" hai0="37,48,41,75,58,130,89,19,24,17,106,35,127" hai1="50,3,25,63,64,65,77,26,71,78,68,42,85" hai2="122,18,62,1,67,45,108,34,119,79,114,117,107" hai3="14,72,40,73,115,4,47,128,33,5,94,103,86"/><W29/><G128/><T51/><D89/><U70/><E63/><V135/><F108/><W96/><G115/><T66/><D58/><U32/><E85/><V49/><F114/><W90/><G33/><T113/><D24/><U60/><E60/><V38/><F34/><W7/><G29/><T30/><D30/><U129/><E32/><V131/><F1/><W0/><G0/><T110/><D66/><U100/><E3/><V61/><F107/><W133/><G133/><T13/><D51/><U124/><E50/><V46/><F79/><W101/><G101/><T82/><D48/><U57/><E57/><V92/><F92/><W91/><G91/><T55/><D13/><U8/><E100/><V2/><F2/><W105/><REACH who="3" step="1"/><G14/><REACH who="3" ten="171,4,447,368" step="2"/><T81/><D35/><U104/><E129/><V121/><F131/><W111/><G111/><T99/><D113/><U31/><E31/><V69/><F135/><W126/><G126/><T53/><D127/><U80/><E124/><V12/><F119/><W15/><G15/><T59/><D130/><U84/><E104/><V120/><F117/><W83/><G83/><T28/><D82/><N who="1" m="47183" /><E8/><V74/><F12/><W76/><G76/><T116/><D81/><U97/><E97/><V54/><F122/><W112/><G112/><T44/><D99/><U134/><E134/><V16/><F121/><W95/><G95/><T22/><D110/><U6/><E6/><V20/><F120/><W52/><G52/><T118/><D116/><U102/><E102/><V36/><F54/><W9/><G9/><T11/><D118/><U132/><E132/><RYUUKYOKU ba="4,1" sc="171,-10,4,-10,447,-10,368,30" hai3="4,5,7,40,47,72,73,86,90,94,96,103,105" owari="161,-23.9,-6,-50.6,447,54.7,398,19.8" /></mjloggm>