<mjloggm ver="2.3"><GO type="169" lobby="0"/><UN n0="%E4%BF%9D%E8%82%B2%E5%A3%AB" n1="%48%61%6C%66%73" n2="%E5%BA%84%E5%8F%B8%E5%81%A5%E5%A4%AA%E6%9C%97" n3="%64%69%76%61" dan="16,17,16,16" rate="2214.27,2153.23,2073.48,2042.85" sx="M,M,M,M"/><TAIKYOKU oya="0"/><INIT seed="0,0,0,3,3,40" ten="250,250,250,250" oya="0" hai0="7,9,10,60,69,70,11,105,64,45,43,103,48" hai1="53,57,87,71,44,127,122,128,109,81,21,96,79" hai2="41,28,61,50,75,104,135,114,89,78,33,77,47" hai3="12,3,42,132,62,84,37,100,102,63,82,74,17"/><T31/><D31/><U86/><E122/><V56/><F114/><W67/><G3/><T112/><D112/><U76/><E109/><V35/><F135/><W32/><G32/><T30/><D30/><U39/><E127/><V13/><F104/><W4/><G4/><T24/><D24/><U95/><E71/><V94/><F13/><W91/><G74/><T111/><D111/><U18/><E128/><V72/><F72/><W27/><G27/><T8/><D8/><U110/><E110/><V36/><F36/><W73/><G73/><T16/><D16/><U117/><E117/><V119/><F119/><W108/><G108/><T66/><D66/><U25/><E39/><V68/><F68/><W19/><G19/><T130/><D130/><U85/><E79/><V134/><F134/><W129/><G132/><T52/><D70/><U54/><E44/><V58/><F58/><W120/><G120/><T1/><REACH who="0" step="1"/><D43/><REACH who="0" ten="240,250,250,250" step="2"/><U90/><REACH who="1" step="1"/><E53/><REACH who="1" ten="240,240,250,250" step="2"/><V131/><F131/><W59/><G129/><T115/><D115/><U93/><E93/><V113/><F113/><W23/><G42/><T97/><AGARI ba="0,2" hai="1,7,9,10,11,45,48,52,60,64,69,97,103,105" machi="97" ten="30,11700,0" yaku="1,1,0,1,52,1,54,1,53,0" doraHai="40" doraHaiUra="133" who="0" fromWho="0" sc="240,137,240,-39,250,-39,250,-39" /><INIT seed="0,1,0,5,0,7" ten="377,201,211,211" oya="0" hai0="77,74,8,82,32,131,14,107,21,12,75,113,33" hai1="31,85,134,48,71,95,65,84,53,47,72,51,78" hai2="69,68,97,13,114,101,121,22,63,126,45,98,87" hai3="54,17,112,15,80,96,37,119,38,4,20,117,28"/><T86/><D113/><U1/><E134/><V130/><F121/><W90/><G112/><T67/><D107/><U34/><E1/><V16/><F114/><W81/><G81/><T30/><D131/><U18/><E72/><V5/><F126/><W35/><G38/><T24/><D67/><U94/><E34/><V100/><F130/><W9/><G37/><T104/><D104/><U125/><E31/><V122/><F122/><W3/><G54/><T76/><D76/><U49/><E71/><V36/><F87/><N who="3" m="50535" /><G96/><T83/><D83/><U103/><E65/><V73/><F73/><W46/><G46/><T105/><D105/><U92/><E78/><V57/><F98/><W127/><G127/><T118/><D118/><U123/><E123/><V11/><F45/><W58/><G58/><T40/><D40/><U115/><E103/><V88/><F36/><W19/><G19/><T23/><D33/><U44/><E125/><V70/><F97/><W116/><G116/><T59/><D59/><U6/><E6/><V43/><F88/><W26/><AGARI ba="1,0" hai="3,4,9,15,17,20,26,28,35,117,119" m="50535" machi="26" ten="30,2000,0" yaku="24,1,52,1" doraHai="7" who="3" fromWho="3" sc="377,-11,201,-6,211,-6,211,23" /><INIT seed="1,0,0,0,2,123" ten="366,195,205,234" oya="1" hai0="26,94,97,46,107,47,75,66,62,128,100,104,17" hai1="0,64,30,96,133,99,45,2,85,93,108,5,67" hai2="40,65,48,74,113,88,32,35,78,90,55,23,84" hai3="59,118,50,18,61,86,119,109,43,42,105,14,38"/><U127/><E127/><V103/><F113/><W7/><G105/><T41/><D75/><U77/><E133/><V80/><F40/><W92/><G7/><T117/><D117/><U3/><E30/><V115/><F115/><W130/><G130/><T20/><D128/><U51/><E5/><V125/><F125/><W63/><G38/><T58/><REACH who="0" step="1"/><D47/><REACH who="0" ten="356,195,205,234" step="2"/><U106/><E45/><V37/><F37/><AGARI ba="0,1" hai="17,20,26,37,41,46,58,62,66,94,97,100,104,107" machi="37" ten="30,3900,0" yaku="1,1,2,1,7,1,53,0" doraHai="123" doraHaiUra="28" who="0" fromWho="2" sc="356,49,195,0,205,-39,234,0" /><INIT seed="2,0,0,3,3,54" ten="405,195,166,234" oya="2" hai0="77,79,27,26,123,45,38,53,33,43,76,89,117" hai1="25,47,17,14,115,84,20,8,113,100,65,60,73" hai2="122,50,4,37,116,99,98,135,15,125,52,121,71" hai3="3,134,80,22,112,108,78,29,96,128,6,74,90"/><V97/><F116/><W36/><G108/><T110/><D123/><U28/><E73/><V119/><F119/><W86/><G134/><T87/><D117/><U5/><E47/><V92/><F37/><W16/><G128/><T44/><D110/><U75/><E75/><V57/><F135/><W82/><G36/><T12/><D33/><U91/><E100/><V30/><F125/><W0/><G112/><T104/><D104/><U63/><E63/><V131/><F131/><W35/><G6/><T94/><D44/><U64/><E64/><V109/><F71/><W32/><G32/><T11/><REACH who="0" step="1"/><D53/><REACH who="0" ten="395,195,166,234" step="2"/><U21/><E113/><V133/><F109/><W24/><REACH who="3" step="1"/><G96/><REACH who="3" ten="395,195,166,224" step="2"/><T7/><AGARI ba="0,2" hai="7,11,12,26,27,38,43,45,76,77,79,87,89,94" machi="7" ten="30,4000,0" yaku="1,1,2,1,0,1,53,0" doraHai="54" doraHaiUra="34" who="0" fromWho="0" sc="395,60,195,-10,166,-20,224,-10" /><INIT seed="3,0,0,1,4,35" ten="455,185,146,214" oya="3" hai0="119,120,31,75,93,32,71,51,27,132,25,55,94" hai1="1,19,59,40,28,4,78,72,11,126,48,123,45" hai2="36,130,135,6,69,22,56,15,24,43,7,125,115" hai3="107,87,114,62,9,70,8,79,105,14,116,99,63"/><W91/><G116/><T81/><D119/><U57/><E123/><V0/><F69/><W118/><G118/><T50/><D71/><U122/><E122/><V74/><F115/><W46/><G114/><T129/><D120/><U37/><E126/><V64/><F125/><W89/><G79/><T102/><D81/><N who="1" m="45255" /><E28/><V82/><F135/><W34/><G34/><T112/><D129/><U61/><E48/><V20/><F15/><W67/><G46/><T110/><D110/><U68/><E19/><V5/><F130/><W80/><G8/><T38/><D94/><U133/><E133/><V95/><F95/><W65/><G99/><T54/><D102/><U98/><E98/><V52/><F64/><AGARI ba="0,0" hai="1,4,11,37,40,45,57,59,61,64,68" m="45255" machi="64" ten="30,2000,0" yaku="25,1,52,1" doraHai="35" who="1" fromWho="2" sc="455,0,185,20,146,-20,214,0" /><INIT seed="4,0,0,2,5,77" ten="455,205,126,214" oya="0" hai0="0,50,47,78,40,113,117,33,114,123,7,54,1" hai1="102,132,63,24,103,48,129,51,130,30,79,115,28" hai2="68,10,34,22,46,45,75,60,35,62,9,119,27" hai3="52,108,95,32,55,127,57,16,125,101,37,128,39"/><T120/><D33/><U14/><E79/><V36/><F75/><W98/><G108/><T2/><D7/><U56/><E132/><V110/><F119/><W80/><G32/><T104/><D117/><U44/><E115/><N who="0" m="44041" /><D104/><U134/><E14/><V106/><F106/><W118/><G118/><T111/><D111/><U99/><E134/><V88/><F110/><W53/><G128/><T116/><D116/><U84/><E84/><V126/><F126/><N who="3" m="48139" /><G57/><N who="0" m="32983" /><D78/><U112/><E112/><V43/><F46/><W38/><G16/><T74/><D74/><U71/><E44/><V109/><F35/><W92/><G92/><T18/><D18/><U13/><E30/><V31/><F34/><W4/><G4/><T81/><D81/><AGARI ba="0,0" hai="37,38,39,52,53,55,80,81,95,98,101" m="48139" machi="81" ten="40,8000,1" yaku="18,1,52,2,54,1" doraHai="77" who="3" fromWho="0" sc="455,-80,205,0,126,0,214,80" /><INIT seed="5,0,0,1,4,108" ten="375,205,126,294" oya="1" hai0="103,36,42,18,33,50,114,133,69,32,38,28,89" hai1="57,39,70,7,46,90,5,115,54,123,8,85,29" hai2="135,84,53,105,68,24,79,110,131,37,49,45,95" hai3="44,126,113,31,26,74,92,87,119,107,82,14,117"/><U34/><E115/><V22/><F131/><W86/><G126/><T35/><D69/><U47/><E123/><V27/><F135/><W121/><G121/><T109/><D109/><U40/><E70/><V48/><F105/><W75/><G44/><T91/><D28/><U25/><E46/><V72/><F68/><W0/><G0/><T9/><D103/><U51/><REACH who="1" step="1"/><E8/><REACH who="1" ten="375,195,126,294" step="2"/><V59/><F110/><W56/><G113/><T116/><D9/><U17/><E17/><V94/><F37/><W104/><G117/><T120/><D18/><U76/><E76/><V10/><F10/><W3/><G119/><T134/><D114/><U71/><E71/><V97/><F72/><W102/><G74/><T101/><D120/><U96/><E96/><V58/><F58/><W106/><G56/><T98/><D116/><U52/><E52/><N who="2" m="29711" /><F22/><W30/><G75/><T66/><D36/><U122/><E122/><V111/><F111/><W6/><G6/><T78/><D78/><U127/><E127/><V55/><F53/><W88/><G87/><T112/><D38/><U132/><E132/><V43/><F43/><W11/><G11/><T63/><D112/><U83/><AGARI ba="0,1" hai="5,7,25,29,34,39,40,47,51,54,57,83,85,90" machi="83" ten="20,3900,0" yaku="1,1,0,1,7,1,53,0" doraHai="108" doraHaiUra="12" who="1" fromWho="1" sc="375,-13,195,49,126,-13,294,-13" /><INIT seed="5,1,0,4,4,25" ten="362,244,113,281" oya="1" hai0="97,38,56,19,3,120,46,50,80,79,23,126,123" hai1="92,113,18,54,0,14,41,102,34,57,32,68,111" hai2="51,124,91,106,12,121,15,133,43,67,5,112,13" hai3="85,122,125,81,74,86,55,58,65,44,61,99,53"/><U118/><E113/><V100/><F121/><N who="0" m="46666" /><D126/><U131/><E118/><V135/><F67/><W116/><G122/><T64/><D3/><U82/><E68/><V30/><F100/><W6/><G125/><T35/><D35/><U76/><E41/><V134/><F106/><W7/><G74/><T114/><D114/><U94/><E131/><V72/><F124/><W78/><G116/><T130/><D97/><U104/><E0/><V117/><F72/><W89/><G99/><T47/><D38/><U24/><E104/><V26/><F112/><W52/><REACH who="3" step="1"/><G44/><REACH who="3" ten="362,244,113,271" step="2"/><T16/><D46/><U33/><E111/><V107/><F117/><W83/><AGARI ba="1,1" hai="6,7,52,53,55,58,61,65,78,81,83,85,86,89" machi="83" ten="30,8000,1" yaku="1,1,2,1,0,1,8,1,54,1,53,0" doraHai="25" doraHaiUra="17" who="3" fromWho="3" sc="362,-21,244,-41,113,-21,271,93" /><INIT seed="6,0,0,2,4,91" ten="341,203,92,364" oya="2" hai0="93,85,15,89,80,105,41,110,103,108,74,24,71" hai1="65,42,114,31,58,102,64,40,51,0,28,17,98" hai2="123,109,63,96,3,68,23,56,44,39,9,14,90" hai3="111,48,20,69,33,112,6,54,50,106,128,81,101"/><V121/><F68/><W30/><G111/><T7/><D71/><U21/><E0/><V25/><F3/><W32/><G69/><T79/><D41/><U37/><E114/><V35/><F35/><W18/><G6/><T92/><D24/><U62/><E65/><V95/><F109/><N who="0" m="42090" /><D15/><U119/><E119/><V49/><F39/><W78/><G112/><T5/><D92/><N who="1" m="58695" /><E37/><V125/><F125/><W38/><G38/><T26/><D26/><N who="1" m="14639" /><E42/><V82/><F82/><W122/><G30/><T135/><D135/><U12/><E12/><V77/><F77/><W72/><G122/><T117/><D117/><U87/><E87/><V131/><F131/><W34/><G34/><T60/><D60/><U115/><E115/><V27/><F123/><W47/><G48/><T61/><D61/><U45/><AGARI ba="0,0" hai="28,31,40,45,51,58,62,64" m="14639,58695" machi="45" ten="30,2000,0" yaku="8,1,52,1" doraHai="91" who="1" fromWho="1" sc="341,-5,203,20,92,-10,364,-5" /><INIT seed="7,0,0,3,2,9" ten="336,223,82,359" oya="3" hai0="18,64,96,2,68,66,40,108,63,103,32,58,24" hai1="129,78,22,11,76,117,112,111,14,54,33,133,42" hai2="72,55,124,74,37,127,88,47,99,98,86,113,29" hai3="48,95,110,34,121,28,83,79,132,123,122,105,56"/><W94/><G105/><N who="0" m="63719" /><D108/><U109/><E54/><V49/><F37/><W101/><G110/><T50/><D2/><U8/><E42/><V114/><F29/><W100/><G34/><T45/><D66/><U71/><E76/><V107/><F49/><W115/><G28/><N who="0" m="19463" /><D58/><U118/><E78/><V52/><F47/><W57/><G57/><T17/><AGARI ba="0,0" hai="17,18,40,45,50,63,64,68" m="19463,63719" machi="17" ten="30,1100,0" yaku="25,1" doraHai="9" who="0" fromWho="0" sc="336,11,223,-3,82,-3,359,-5" owari="347,14.7,220,-18.0,79,-42.1,354,45.4" /></mjloggm>