<mjloggm ver="2.3"><GO type="169" lobby="0"/><UN n0="%6D%79%6D%65%6C%6F%58%58" n1="%43%4F%45%44%4F%E7%B7%91" n2="%E3%81%82%E3%81%99%E3%81%AB%E3%82%83%E3%82%80" n3="%E8%B5%A4%E7%BE%8E%E6%BF%83%E3%81%BE%E3%81%90%E3%82%8D" dan="17,18,18,17" rate="2226.24,2193.70,2295.31,2197.27" sx="M,F,F,M"/><TAIKYOKU oya="0"/><INIT seed="0,0,0,5,2,41" ten="250,250,250,250" oya="0" hai0="47,107,130,21,97,88,31,55,84,19,106,38,78" hai1="20,89,26,135,8,100,56,43,2,87,102,42,44" hai2="50,39,126,108,112,128,116,72,35,29,46,10,63" hai3="105,120,86,124,79,16,99,0,51,33,36,70,53"/><T90/><D31/><U114/><E135/><V118/><F72/><W96/><G36/><T13/><D130/><U65/><E114/><V52/><F112/><W95/><G70/><T83/><D38/><U45/><E2/><V34/><F128/><W11/><G33/><T122/><D122/><U71/><E8/><V18/><F108/><W110/><G105/><T94/><REACH who="0" step="1"/><D78/><REACH who="0" ten="240,250,250,250" step="2"/><U91/><E71/><V5/><F39/><W101/><G120/><T125/><D125/><U131/><E131/><V59/><F126/><W68/><G124/><T49/><AGARI ba="0,1" hai="13,19,21,47,49,55,83,84,88,90,94,97,106,107" machi="49" ten="30,12000,1" yaku="1,1,0,1,52,1,54,1,53,1" doraHai="41" doraHaiUra="14" who="0" fromWho="0" sc="240,130,250,-40,250,-40,250,-40" /><INIT seed="0,1,0,4,2,31" ten="370,210,210,210" oya="0" hai0="96,132,91,64,55,100,37,22,74,130,32,13,127" hai1="106,101,68,94,47,81,75,84,20,8,73,23,38" hai2="115,85,11,65,5,105,3,52,41,122,61,27,108" hai3="10,121,86,110,79,34,1,128,120,109,44,126,66"/><T76/><D32/><U70/><E8/><V72/><F72/><W62/><G79/><T134/><D37/><U114/><E114/><V123/><F115/><W93/><G86/><T90/><D64/><U46/><E84/><V36/><F105/><W56/><G93/><T12/><D127/><U43/><E94/><V17/><F108/><N who="3" m="41579" /><G126/><T89/><D130/><U119/><E119/><V26/><F85/><W9/><G128/><T82/><D55/><U71/><E47/><V118/><F118/><W24/><G44/><T39/><D39/><U97/><REACH who="1" step="1"/><E73/><REACH who="1" ten="370,200,210,210" step="2"/><V135/><F11/><N who="3" m="4107" /><G1/><T125/><D125/><U113/><E113/><V35/><F3/><W51/><G51/><T42/><D42/><U63/><E63/><V54/><F61/><W30/><AGARI ba="1,1" hai="24,30,34,56,62,66,120,121" m="4107,41579" machi="30" ten="40,2700,0" yaku="14,1,52,1" doraHai="31" who="3" fromWho="3" sc="370,-14,200,-8,210,-8,210,40" /><INIT seed="1,0,0,0,2,2" ten="356,192,202,250" oya="1" hai0="75,52,91,87,1,70,77,55,115,95,31,59,81" hai1="48,0,135,132,53,49,17,8,26,124,33,51,67" hai2="34,89,125,121,64,74,71,92,128,88,102,100,24" hai3="110,63,40,117,122,56,93,82,73,46,98,97,4"/><U127/><E67/><V54/><F121/><W126/><G122/><T85/><D70/><U96/><E96/><V114/><F74/><W109/><G126/><N who="1" m="48170" /><E53/><V27/><F125/><W130/><G130/><T11/><D115/><U5/><E17/><V119/><F128/><W6/><G97/><T76/><D31/><AGARI ba="0,0" hai="0,5,8,26,31,33,48,49,51,132,135" m="48170" machi="31" ten="40,3900,0" yaku="18,1,52,1" doraHai="2" who="1" fromWho="0" sc="356,-39,192,39,202,0,250,0" /><INIT seed="1,1,0,4,5,88" ten="317,231,202,250" oya="1" hai0="131,79,133,44,65,108,46,77,125,26,35,27,28" hai1="97,55,7,107,30,22,19,106,76,91,53,29,103" hai2="112,31,135,18,9,34,36,59,72,32,126,71,111" hai3="2,8,20,5,4,58,100,60,122,52,121,118,86"/><U33/><E107/><V39/><F71/><W94/><G118/><T123/><D108/><U105/><E106/><V129/><F111/><W3/><G20/><T62/><D125/><U13/><E76/><V21/><F72/><W0/><G5/><T56/><D131/><U134/><E134/><V116/><F116/><W130/><G130/><T1/><D1/><U90/><E7/><V38/><F129/><W115/><G115/><T81/><D133/><U85/><E90/><V113/><F135/><W84/><G84/><T127/><D127/><U64/><E64/><V80/><F80/><W124/><G124/><T110/><D110/><U47/><E47/><V96/><F126/><W61/><G61/><T10/><D10/><U74/><E74/><V109/><F109/><W92/><G86/><T40/><D123/><U89/><E89/><V98/><F9/><W95/><REACH who="3" step="1"/><G100/><REACH who="3" ten="317,231,202,240" step="2"/><T101/><D101/><U68/><E33/><V73/><F73/><W11/><G11/><T50/><D81/><U24/><E30/><V70/><F31/><W117/><G117/><T16/><D16/><U23/><REACH who="1" step="1"/><E68/><REACH who="1" ten="317,221,202,240" step="2"/><V82/><F70/><W83/><G83/><AGARI ba="1,2" hai="13,19,22,23,24,29,53,55,83,85,91,97,103,105" machi="83" ten="30,11600,0" yaku="1,1,2,1,7,1,53,1" doraHai="88" doraHaiUra="15" who="1" fromWho="3" sc="317,0,221,139,202,0,240,-119" /><INIT seed="1,2,0,3,3,55" ten="317,360,202,121" oya="1" hai0="67,59,41,99,29,64,95,26,12,128,87,118,131" hai1="61,33,85,36,97,134,43,42,80,105,1,86,94" hai2="65,51,18,77,24,96,71,28,121,119,27,103,92" hai3="11,104,74,45,130,88,73,21,112,60,108,83,5"/><U114/><E114/><V125/><F119/><W132/><G112/><T34/><D118/><U57/><E33/><V69/><F125/><W44/><G104/><T115/><D115/><U37/><E1/><V102/><F121/><W35/><G35/><T76/><D41/><U23/><E105/><V62/><F103/><W93/><G108/><T116/><D116/><U79/><E134/><V82/><F51/><W120/><G120/><T17/><D87/><U30/><E86/><V117/><F117/><W53/><G132/><T122/><D76/><U39/><E23/><V107/><F18/><W70/><G130/><N who="0" m="49707" /><D59/><U68/><E30/><V101/><F101/><W113/><G113/><T54/><D54/><U46/><E68/><V84/><F24/><W91/><G21/><N who="0" m="11431" /><D122/><U10/><E10/><V109/><F109/><W98/><G91/><AGARI ba="2,0" hai="26,29,34,64,67,91,95,99" m="11431,49707" machi="91" ten="30,1000,0" yaku="19,1" doraHai="55" who="0" fromWho="3" sc="317,16,360,0,202,0,121,-16" /><INIT seed="2,0,0,1,0,17" ten="333,360,202,105" oya="2" hai0="76,80,112,5,62,104,72,103,20,27,16,50,64" hai1="90,71,98,87,51,54,135,100,61,99,21,85,25" hai2="18,47,84,116,22,41,101,24,88,60,69,130,4" hai3="70,32,56,40,66,53,128,33,42,119,114,10,121"/><V31/><F116/><W73/><G119/><T127/><D112/><U82/><E135/><V113/><F113/><W58/><G121/><T55/><D127/><U109/><E109/><V48/><F130/><W26/><G70/><T7/><D103/><U2/><E2/><V12/><F4/><W122/><G122/><T67/><D104/><U23/><E25/><V6/><F6/><W108/><G73/><T92/><D92/><N who="1" m="54351" /><E61/><V11/><F101/><W44/><G108/><T91/><D91/><N who="1" m="51703" /><E71/><V13/><F13/><W57/><G114/><T30/><D30/><U29/><E29/><V83/><F69/><W95/><G128/><T107/><D107/><U105/><E105/><V75/><F75/><W19/><G66/><T94/><D94/><N who="1" m="58455" /><E99/><V63/><AGARI ba="0,0" hai="11,12,18,22,24,31,41,47,48,60,63,83,84,88" machi="63" ten="30,11700,0" yaku="0,1,8,1,52,1,54,1" doraHai="17" who="2" fromWho="2" sc="333,-39,360,-39,202,117,105,-39" /><INIT seed="2,1,0,5,0,131" ten="294,321,319,66" oya="2" hai0="90,99,83,48,103,134,50,11,96,135,66,35,85" hai1="7,76,129,51,72,74,41,27,52,9,91,93,5" hai2="4,37,15,110,17,54,67,100,49,112,108,104,3" hai3="26,126,47,36,57,95,38,115,12,124,30,1,6"/><V128/><F112/><W107/><G107/><T81/><D35/><U43/><E129/><V21/><F128/><W59/><G1/><T78/><D66/><U32/><E7/><V121/><F37/><W63/><G115/><T28/><D28/><U122/><E122/><V58/><F121/><W62/><G95/><N who="0" m="56439" /><D11/><U24/><E43/><V82/><F82/><W44/><G6/><T18/><D18/><U53/><E41/><V106/><F100/><W130/><G130/><T118/><D118/><U132/><E53/><V8/><REACH who="2" step="1"/><F67/><REACH who="2" ten="294,321,309,66" step="2"/><W88/><G38/><T101/><D101/><U60/><E74/><V68/><F68/><W56/><G36/><T39/><D39/><U33/><E72/><V80/><F80/><W123/><G123/><T105/><D83/><U113/><E113/><V55/><F55/><W117/><G117/><T109/><D109/><AGARI ba="1,1" hai="3,4,8,15,17,21,49,54,58,104,106,108,109,110" machi="109" ten="40,7700,0" yaku="1,1,14,1,10,1,53,0" doraHai="131" doraHaiUra="127" who="2" fromWho="0" sc="294,-80,321,0,309,90,66,0" /><INIT seed="2,2,0,1,5,34" ten="214,321,399,66" oya="2" hai0="39,109,59,93,85,129,67,41,118,102,89,28,133" hai1="6,81,53,15,17,43,110,88,75,26,25,98,119" hai2="65,103,44,83,101,124,114,60,132,97,127,76,56" hai3="33,22,72,69,0,10,1,19,30,8,18,121,86"/><V95/><F114/><W24/><G72/><T90/><D109/><U38/><E119/><V79/><F132/><W135/><G69/><T5/><D133/><U87/><E110/><V70/><F103/><W2/><G121/><T4/><D39/><U52/><E75/><V32/><F32/><W130/><G135/><T99/><D41/><U23/><E38/><V12/><F44/><W58/><G58/><T9/><D129/><U134/><E43/><V64/><F64/><W107/><G107/><T61/><D118/><U51/><E134/><V105/><F12/><N who="3" m="7447" /><G86/><T55/><D90/><U50/><E98/><V92/><F70/><W113/><G113/><T48/><D28/><U66/><E66/><V126/><REACH who="2" step="1"/><F76/><REACH who="2" ten="214,321,389,66" step="2"/><W123/><G123/><T120/><D120/><U45/><E6/><V131/><F131/><W94/><G94/><T116/><D116/><U29/><E29/><V125/><N who="2" m="31744" /><DORA hai="40" /><V100/><F100/><W36/><G36/><T80/><REACH who="0" step="1"/><D9/><REACH who="0" ten="204,321,389,66" step="2"/><U84/><REACH who="1" step="1"/><E84/><AGARI ba="2,2" hai="56,60,65,79,83,84,92,95,97,101,105" m="31744" machi="84" ten="70,6800,0" yaku="1,1,18,1,53,0" doraHai="34,40" doraHaiUra="37,122" who="2" fromWho="1" sc="204,0,321,-74,389,94,66,0" /><INIT seed="2,3,0,1,1,58" ten="204,247,483,66" oya="2" hai0="96,82,20,135,50,68,88,41,16,71,132,102,113" hai1="84,109,62,123,83,28,22,134,23,121,73,78,107" hai2="133,39,51,44,10,120,49,60,131,106,92,63,110" hai3="90,130,11,64,47,97,34,65,56,119,118,4,9"/><V126/><F106/><W104/><G34/><T8/><D113/><U43/><E107/><V76/><F120/><N who="1" m="46153" /><E109/><V116/><F116/><W87/><G130/><T105/><D8/><U67/><E134/><N who="0" m="51241" /><D41/><U114/><E114/><V108/><F133/><W101/><G47/><T37/><D50/><N who="2" m="18954" /><F131/><W12/><G11/><T77/><D37/><U5/><E43/><N who="2" m="22655" /><F76/><W81/><REACH who="3" step="1"/><G56/><REACH who="3" ten="204,247,483,56" step="2"/><T45/><D45/><U24/><E5/><V1/><F10/><W33/><G33/><T95/><D71/><N who="1" m="42487" /><E23/><V21/><F21/><W72/><G72/><AGARI ba="3,1" hai="22,24,28,72,73,78,83,84" m="42487,46153" machi="72" ten="30,2000,0" yaku="13,1,52,1" doraHai="58" who="1" fromWho="3" sc="204,0,247,39,483,0,56,-29" /><INIT seed="3,0,0,4,2,116" ten="204,286,483,27" oya="3" hai0="5,77,115,42,98,66,53,52,29,111,45,109,20" hai1="85,120,83,24,27,4,23,39,38,113,70,47,56" hai2="67,58,99,118,87,61,88,74,90,50,16,78,130" hai3="41,103,96,19,6,110,104,35,97,9,117,13,30"/><W68/><G117/><T101/><D77/><U112/><E70/><V80/><F130/><W91/><G110/><N who="0" m="41995" /><D66/><U55/><E4/><V17/><F118/><W18/><G41/><T126/><D126/><U43/><E39/><V69/><F99/><W124/><G124/><T12/><D115/><U73/><E73/><V79/><F79/><W89/><G68/><T8/><D20/><U40/><E40/><V119/><F119/><W25/><G96/><T48/><D29/><U26/><E120/><V33/><F33/><W105/><G105/><AGARI ba="0,0" hai="5,8,12,42,45,48,52,53,98,101,105" m="41995" machi="105" ten="30,2000,0" yaku="14,1,54,1" doraHai="116" who="0" fromWho="3" sc="204,20,286,0,483,0,27,-20" /><INIT seed="4,0,0,1,2,121" ten="224,286,483,7" oya="0" hai0="83,74,19,24,86,46,61,103,11,90,42,130,20" hai1="89,133,12,65,44,114,82,78,51,14,4,120,99" hai2="32,27,77,54,70,25,112,34,55,93,53,45,50" hai3="134,41,8,87,81,62,0,79,6,129,66,80,113"/><T107/><D130/><U100/><E120/><V23/><F70/><W36/><G113/><T52/><D74/><U1/><E114/><V76/><F112/><W127/><G127/><T117/><D117/><U37/><E37/><V95/><F50/><W111/><G111/><T16/><D107/><U15/><E133/><V38/><F45/><W9/><G134/><T84/><D103/><U75/><E65/><V94/><F23/><W57/><G129/><T22/><D11/><U56/><E1/><V73/><F38/><W115/><G115/><T71/><D71/><U108/><E4/><V98/><F98/><W58/><G9/><T118/><D118/><U67/><E89/><V60/><F60/><W131/><G131/><T39/><D86/><U116/><E108/><V40/><F40/><W49/><G36/><T35/><D35/><N who="2" m="13354" /><F73/><W72/><G41/><T59/><D22/><U64/><E56/><V3/><F3/><W68/><G49/><T91/><REACH who="0" step="1"/><D90/><AGARI ba="0,0" hai="0,6,8,57,58,62,66,68,72,79,80,81,87,90" machi="90" ten="30,1000,0" yaku="7,1" doraHai="121" who="3" fromWho="0" sc="224,-10,286,0,483,0,7,10" /><INIT seed="5,0,0,0,3,104" ten="214,286,483,17" oya="1" hai0="50,63,21,26,4,85,99,48,82,12,28,90,127" hai1="58,88,92,0,22,121,19,53,39,87,46,81,76" hai2="119,83,117,107,130,73,74,91,2,60,8,41,111" hai3="108,5,69,9,27,56,43,123,57,102,61,13,33"/><U40/><E121/><V62/><F107/><W30/><G123/><T128/><D128/><U17/><E0/><V71/><F111/><W25/><G108/><T134/><D134/><U14/><E17/><V34/><F34/><W36/><G36/><T103/><D127/><U114/><E114/><V113/><F113/><W16/><G43/><T37/><D37/><U115/><E115/><V94/><F41/><W101/><G69/><T65/><D12/><U32/><E32/><V1/><F94/><W31/><G5/><T93/><D4/><U89/><REACH who="1" step="1"/><E92/><REACH who="1" ten="214,276,483,17" step="2"/><V116/><F2/><W3/><G3/><T75/><REACH who="0" step="1"/><D75/><REACH who="0" ten="204,276,483,17" step="2"/><U125/><E125/><V68/><F73/><W15/><G15/><T118/><D118/><U44/><E44/><V105/><F74/><W78/><G78/><T49/><D49/><AGARI ba="0,2" hai="14,19,22,39,40,46,49,53,58,76,81,87,88,89" machi="49" ten="30,5800,0" yaku="1,1,7,1,54,1,53,0" doraHai="104" doraHaiUra="24" who="1" fromWho="0" sc="204,-58,276,78,483,0,17,0" /><INIT seed="5,1,0,4,3,80" ten="146,354,483,17" oya="1" hai0="84,19,110,123,75,89,104,36,60,87,55,20,107" hai1="67,13,61,105,128,29,98,32,43,133,58,125,96" hai2="83,126,122,131,66,79,65,101,132,111,94,5,48" hai3="42,56,21,3,54,33,106,78,81,119,115,121,30"/><U49/><E125/><V112/><F111/><W28/><G121/><T37/><D75/><U4/><E128/><V62/><F122/><W109/><G106/><T38/><D110/><U103/><E133/><V53/><F132/><W15/><G109/><T12/><D123/><U22/><E98/><V82/><F5/><W116/><G3/><T14/><D14/><U100/><E100/><V127/><F131/><W47/><G115/><T97/><D97/><U91/><E91/><V120/><F120/><W118/><G33/><T130/><D130/><U85/><E32/><V46/><F83/><W99/><G99/><T34/><D34/><U31/><E43/><V74/><F94/><W25/><G15/><T11/><D11/><U45/><E4/><V26/><F101/><W35/><G35/><T70/><D70/><U27/><E13/><V88/><F88/><W16/><G56/><T129/><D129/><U1/><E1/><V23/><F112/><W92/><G92/><T114/><D114/><U102/><E102/><V71/><F66/><W86/><REACH who="3" step="1"/><G54/><REACH who="3" ten="146,354,483,7" step="2"/><T108/><D108/><U77/><E77/><V6/><F6/><W52/><G52/><T135/><D55/><U134/><E134/><V63/><F127/><W59/><G59/><T40/><D135/><U72/><E96/><V24/><F126/><W50/><AGARI ba="1,1" hai="16,21,25,28,30,42,47,50,78,81,86,116,118,119" machi="50" ten="30,12000,2" yaku="1,1,0,1,12,1,52,1,54,1,53,1" doraHai="80" doraHaiUra="44" who="3" fromWho="3" sc="146,-31,354,-61,483,-31,7,133" /><INIT seed="6,0,0,0,3,80" ten="115,293,452,140" oya="2" hai0="33,52,43,1,19,109,15,3,131,88,42,78,75" hai1="25,11,5,67,108,27,117,82,22,113,32,2,107" hai2="31,128,69,114,64,66,111,28,55,8,63,121,85" hai3="79,20,60,26,104,14,86,49,90,30,13,34,94"/><V122/><F114/><W110/><G110/><T41/><D109/><U73/><E108/><V17/><F111/><W37/><G37/><T134/><D33/><U126/><E107/><V56/><F128/><W116/><G116/><T16/><D131/><U87/><E73/><V81/><F122/><W68/><G104/><T93/><D75/><U72/><E72/><V21/><F8/><W51/><G79/><T61/><D78/><U127/><E67/><N who="2" m="25643" /><F69/><W98/><G68/><T6/><D134/><U58/><E117/><V102/><F102/><N who="3" m="60759" /><G60/><T99/><D3/><U57/><E113/><V97/><F97/><W96/><G96/><T9/><D1/><U59/><E32/><V4/><F4/><W47/><G34/><T101/><D101/><U40/><E5/><V36/><F36/><W65/><G65/><T124/><D124/><U29/><E2/><V45/><F45/><W103/><G103/><T70/><D70/><U46/><E46/><V118/><F121/><W24/><G24/><T115/><D115/><U83/><E27/><N who="2" m="14767" /><F118/><W91/><G47/><T48/><D61/><U133/><E133/><V89/><AGARI ba="0,0" hai="28,31,55,56,63,81,85,89" m="14767,25643" machi="89" ten="30,3000,0" yaku="8,1,52,1" doraHai="80" who="2" fromWho="2" sc="115,-10,293,-10,452,30,140,-10" /><INIT seed="6,1,0,3,5,55" ten="105,283,482,130" oya="2" hai0="118,97,16,52,40,22,135,35,107,36,121,56,19" hai1="65,61,114,130,73,41,4,98,87,131,28,100,122" hai2="104,77,8,70,103,89,1,15,26,17,91,39,68" hai3="69,115,53,117,102,27,134,62,54,50,25,90,2"/><V43/><F77/><W64/><G117/><T32/><D121/><U119/><E119/><V84/><F91/><W13/><G2/><T29/><D118/><U58/><E73/><V127/><F1/><W57/><G134/><T34/><D135/><U30/><E122/><V110/><F127/><W18/><G115/><T23/><D36/><U63/><E114/><V93/><F43/><W78/><G102/><T116/><D40/><U120/><E4/><V72/><F39/><W101/><G101/><T88/><D116/><U71/><E87/><V60/><F72/><W129/><G78/><T106/><D29/><U7/><E7/><V51/><F51/><W5/><G5/><T12/><D97/><U14/><E14/><V112/><F110/><W113/><G129/><N who="1" m="49162" /><E41/><V21/><F104/><W132/><G132/><T105/><D88/><U66/><E120/><V48/><F103/><W123/><G113/><T126/><D126/><U125/><E125/><V45/><F112/><W76/><G76/><T3/><D3/><U9/><E9/><V74/><F74/><W83/><G123/><T75/><D75/><U124/><E124/><V111/><F8/><W99/><G99/><T94/><D94/><AGARI ba="1,0" hai="28,30,58,61,63,65,66,71,94,98,100" m="49162" machi="94" ten="30,2000,0" yaku="19,1,52,1" doraHai="55" who="1" fromWho="0" sc="105,-23,283,23,482,0,130,0" /><INIT seed="7,0,0,3,1,28" ten="82,306,482,130" oya="3" hai0="122,49,106,78,98,116,84,76,87,60,17,43,134" hai1="127,40,99,3,70,22,54,112,77,37,94,91,26" hai2="97,108,95,135,8,27,42,50,75,39,118,123,30" hai3="130,61,23,51,128,81,4,96,109,64,79,31,74"/><W29/><G4/><T111/><D111/><U41/><E70/><V66/><F75/><W113/><G113/><T13/><D116/><U132/><E3/><V107/><F107/><W104/><G51/><T21/><D122/><U110/><E110/><V83/><F83/><W47/><G47/><T124/><D124/><U103/><E127/><V48/><F66/><W2/><G2/><T72/><D134/><U80/><E132/><V117/><F135/><W114/><G109/><T6/><D72/><U65/><E65/><V16/><F123/><W7/><G7/><T102/><D60/><U85/><E37/><V9/><F39/><W68/><G114/><T59/><D6/><U131/><E131/><N who="3" m="50218" /><G23/><T25/><D13/><U120/><E120/><V115/><F115/><W52/><G52/><T69/><D69/><U46/><E112/><V11/><F108/><W126/><G126/><T0/><D0/><U20/><E20/><N who="2" m="15719" /><F42/><N who="1" m="16489" /><E54/><V57/><F118/><W12/><G12/><T82/><D59/><U18/><E46/><V34/><F57/><W19/><G19/><T92/><D106/><U88/><AGARI ba="0,0" hai="18,22,26,77,80,85,88,91,94,99,103" m="16489" machi="88" ten="30,2000,0" yaku="8,1,54,1" doraHai="28" who="1" fromWho="1" sc="82,-5,306,20,482,-5,130,-10" owari="77,-42.3,326,12.6,477,57.7,120,-28.0" /></mjloggm>