<mjloggm ver="2.3"><GO type="169" lobby="0"/><UN n0="%E2%84%83%2D%75%74%65" n1="%71%75%65%79%69%6D%65%6E" n2="%E9%87%A3%E3%82%8A%E6%97%A5%E5%92%8C" n3="%E3%82%88%E3%81%86%E3%81%B8%E3%83%BC%58" dan="17,16,17,17" rate="2198.42,2123.95,2204.05,2237.87" sx="M,M,M,M"/><TAIKYOKU oya="0"/><INIT seed="0,0,0,2,2,109" ten="250,250,250,250" oya="0" hai0="104,42,55,83,129,93,46,36,98,44,49,8,2" hai1="16,13,108,124,56,122,66,96,74,38,84,63,26" hai2="30,1,77,48,89,19,90,114,31,0,80,37,131" hai3="39,21,9,5,85,102,105,53,78,118,97,79,18"/><T52/><D129/><U67/><E108/><V27/><F37/><W75/><G75/><T116/><D116/><U11/><E74/><V94/><F131/><W7/><G7/><T24/><D104/><U71/><E124/><V58/><F19/><W50/><G85/><T65/><D65/><U61/><E38/><V35/><F31/><W34/><G34/><T128/><D128/><U123/><E84/><V86/><F90/><W121/><G121/><T47/><D24/><U76/><E76/><V41/><F114/><W59/><G39/><T99/><D83/><U33/><REACH who="1" step="1"/><E96/><REACH who="1" ten="250,240,250,250" step="2"/><V112/><F77/><W45/><G118/><T10/><D98/><U125/><E125/><V111/><F86/><W43/><G79/><T72/><D72/><U28/><AGARI ba="0,1" hai="11,13,16,26,28,33,56,61,63,66,67,71,122,123" machi="28" ten="30,4000,0" yaku="1,1,0,1,54,1,53,0" doraHai="109" doraHaiUra="101" who="1" fromWho="1" sc="250,-20,240,50,250,-10,250,-10" /><INIT seed="1,0,0,5,4,32" ten="230,290,240,240" oya="1" hai0="85,75,56,101,71,115,118,83,40,120,10,98,54" hai1="15,21,108,1,30,128,67,131,123,29,6,121,9" hai2="84,110,37,107,3,109,61,2,38,52,73,22,113" hai3="82,119,62,102,14,114,81,69,99,46,47,50,25"/><U5/><E67/><V63/><F73/><W66/><G114/><T88/><D115/><U53/><E53/><V100/><F113/><W42/><G119/><T44/><D71/><U95/><E95/><V104/><F22/><W87/><G87/><T70/><D70/><U34/><E34/><V129/><F84/><W126/><G126/><T35/><D35/><U8/><E108/><V68/><F68/><W111/><G111/><T28/><D28/><N who="1" m="10859" /><E21/><V36/><F100/><W23/><G14/><T105/><D10/><U20/><E20/><V60/><F52/><W135/><G135/><T130/><D130/><AGARI ba="0,0" hai="1,5,6,8,9,15,121,123,128,130,131" m="10859" machi="130" ten="30,11600,0" yaku="19,1,34,2,52,1" doraHai="32" who="1" fromWho="0" sc="230,-116,290,116,240,0,240,0" /><INIT seed="1,1,0,0,1,0" ten="114,406,240,240" oya="1" hai0="129,42,125,70,73,55,88,124,72,114,17,48,110" hai1="80,7,40,28,27,75,81,26,67,68,85,23,63" hai2="103,98,122,76,128,113,20,57,90,41,13,2,1" hai3="115,69,21,74,61,86,123,36,131,32,93,102,99"/><U31/><E75/><V22/><F122/><W100/><G32/><T16/><D114/><U130/><E130/><V118/><F118/><W78/><G36/><T77/><D70/><U135/><E135/><V64/><F128/><W87/><G21/><T91/><D42/><U94/><E40/><V126/><F126/><N who="0" m="48746" /><D129/><U53/><E53/><V60/><F76/><W50/><G50/><T84/><D110/><U18/><E7/><V11/><F113/><W120/><G61/><T66/><D66/><U35/><REACH who="1" step="1"/><E31/><REACH who="1" ten="114,396,240,240" step="2"/><V8/><F41/><W54/><G54/><T83/><D72/><U12/><E12/><V132/><F132/><W127/><G131/><T58/><D91/><AGARI ba="1,1" hai="18,23,26,27,28,35,63,67,68,80,81,85,91,94" machi="91" ten="40,2000,0" yaku="1,1,53,0" doraHai="0" doraHaiUra="37" who="1" fromWho="0" sc="114,-23,396,33,240,0,240,0" /><INIT seed="1,2,0,5,2,39" ten="91,429,240,240" oya="1" hai0="110,52,66,73,98,4,42,94,132,112,19,75,121" hai1="10,68,106,50,30,88,69,25,86,77,87,104,43" hai2="53,13,6,51,54,84,74,131,56,89,15,103,40" hai3="32,128,1,115,101,18,92,83,8,81,21,122,14"/><U45/><E77/><V31/><F74/><W26/><G122/><T63/><D112/><U130/><E86/><V37/><F131/><W60/><G128/><T55/><D110/><U29/><E29/><V111/><F111/><W41/><G1/><T96/><D132/><U20/><E130/><V33/><F103/><W17/><G32/><T95/><D4/><U79/><E79/><V23/><F33/><W100/><G115/><T126/><D19/><U57/><E57/><V124/><F124/><W5/><G5/><T62/><D66/><U125/><E10/><V119/><F119/><W36/><G60/><T118/><D126/><U120/><E120/><V93/><F6/><W27/><G27/><T117/><D121/><U9/><E9/><V102/><F102/><N who="3" m="39531" /><G36/><T109/><D109/><U129/><E125/><V47/><REACH who="2" step="1"/><F54/><REACH who="2" ten="91,429,230,240" step="2"/><W76/><G76/><T135/><REACH who="0" step="1"/><D135/><REACH who="0" ten="81,429,230,240" step="2"/><U58/><E129/><V22/><F22/><W90/><G21/><T70/><D70/><U107/><E68/><V99/><F99/><W64/><G64/><T16/><D16/><U3/><E69/><V113/><F113/><W123/><G123/><T61/><D61/><U133/><E133/><V67/><F67/><W38/><G18/><T134/><D134/><U12/><E20/><V2/><F2/><W35/><G35/><T114/><D114/><U97/><E3/><V65/><F65/><W71/><G71/><T48/><D48/><U24/><E50/><V91/><F91/><W80/><G38/><T127/><D127/><U46/><E88/><V11/><F11/><W116/><G90/><RYUUKYOKU ba="2,2" sc="81,15,429,-15,230,15,240,-15" hai0="42,52,55,62,63,73,75,94,95,96,98,117,118" hai2="13,15,23,31,37,40,47,51,53,56,84,89,93" /><INIT seed="2,3,2,2,3,67" ten="96,414,245,225" oya="2" hai0="13,104,38,7,128,63,80,100,109,23,36,62,35" hai1="113,5,83,129,24,124,33,110,55,60,79,50,133" hai2="3,21,39,120,71,52,74,12,101,61,86,59,16" hai3="15,81,103,30,22,57,44,122,65,41,119,118,28"/><V75/><F120/><W69/><G122/><T34/><D109/><U58/><E110/><V108/><F108/><W106/><G57/><T93/><D104/><U64/><E113/><V82/><F3/><W123/><G123/><T85/><D128/><U70/><E129/><V26/><F39/><N who="3" m="21567" /><G28/><T115/><D115/><U125/><E5/><V42/><F42/><W135/><G15/><T90/><D36/><U96/><E133/><V17/><F101/><W130/><G22/><T94/><D38/><U29/><REACH who="1" step="1"/><E96/><REACH who="1" ten="96,404,245,225" step="2"/><V78/><REACH who="2" step="1"/><F71/><REACH who="2" ten="96,404,235,225" step="2"/><W11/><G69/><T111/><D111/><U66/><E66/><V48/><F48/><W114/><G65/><T18/><D63/><U4/><E4/><V49/><F49/><W99/><G130/><T91/><D7/><U131/><E131/><V73/><F73/><AGARI ba="3,4" hai="24,29,33,50,55,58,60,64,70,73,79,83,124,125" machi="73" ten="40,2600,0" yaku="1,1,52,1,53,0" doraHai="67" doraHaiUra="37" who="1" fromWho="2" sc="96,0,404,75,235,-35,225,0" /><INIT seed="3,0,0,5,4,79" ten="96,479,200,225" oya="3" hai0="32,124,37,40,127,3,132,15,94,84,88,87,91" hai1="2,135,110,118,121,116,81,123,86,77,80,83,55" hai2="24,130,12,105,72,108,126,119,106,82,44,112,65" hai3="90,134,85,21,51,39,66,115,101,61,68,16,29"/><W117/><G39/><T22/><D3/><U63/><E2/><V46/><F112/><W74/><G74/><T8/><D32/><U59/><E110/><V99/><F119/><N who="1" m="45609" /><E135/><V120/><F120/><AGARI ba="0,0" hai="55,59,63,77,80,81,83,86,120,121,123" m="45609" machi="120" ten="30,7700,0" yaku="12,1,52,3" doraHai="79" who="1" fromWho="2" sc="96,0,479,77,200,-77,225,0" /><INIT seed="4,0,0,0,5,36" ten="96,556,123,225" oya="0" hai0="11,106,107,95,131,86,101,41,49,132,100,74,6" hai1="30,9,126,14,83,124,130,109,23,76,123,103,34" hai2="96,102,97,5,42,94,38,39,114,67,93,43,62" hai3="59,98,84,113,120,121,40,71,60,134,111,65,91"/><T50/><D74/><U44/><E109/><V26/><F114/><W104/><G113/><T82/><D131/><U45/><E34/><V66/><F5/><W56/><G134/><T129/><D129/><U80/><E123/><N who="3" m="47178" /><G40/><T37/><D132/><U47/><E103/><V53/><F53/><W13/><G13/><T8/><D37/><U73/><E80/><V16/><F39/><W112/><G111/><T133/><D133/><U87/><E23/><N who="2" m="13671" /><F38/><W0/><G0/><T64/><D64/><N who="2" m="24618" /><F62/><W116/><G116/><T17/><D17/><N who="1" m="8399" /><E30/><V77/><F77/><W122/><G112/><T20/><D20/><U28/><E28/><V54/><F54/><W89/><G89/><AGARI ba="0,0" hai="42,43,89,93,94,96,97,102" m="24618,13671" machi="89" ten="30,7700,0" yaku="8,1,52,2,54,1" doraHai="36" who="2" fromWho="3" sc="96,0,556,0,123,77,225,-77" /><INIT seed="5,0,0,1,1,58" ten="96,556,200,148" oya="1" hai0="3,127,13,111,106,35,87,27,80,86,83,114,99" hai1="82,89,129,15,54,19,20,100,8,67,41,60,14" hai2="107,77,88,0,40,108,42,5,73,28,31,16,118" hai3="75,131,92,23,105,93,44,25,56,113,94,76,132"/><U98/><E129/><V110/><F118/><W26/><G105/><T112/><D111/><U91/><E41/><V55/><F107/><W45/><G131/><T68/><D3/><U51/><E82/><V72/><F55/><W29/><G75/><T34/><D68/><U66/><E66/><V7/><F0/><W119/><G76/><T81/><D13/><U17/><E51/><V53/><F53/><W124/><G119/><T63/><D127/><U130/><E54/><V32/><F32/><W12/><G124/><T96/><D106/><U65/><E65/><V116/><F116/><W78/><G78/><T123/><D123/><U135/><E135/><V49/><F77/><W22/><G113/><N who="0" m="43627" /><D27/><U121/><E121/><V122/><F122/><W70/><G70/><T64/><D64/><U62/><E67/><V33/><F33/><N who="0" m="12298" /><D63/><N who="1" m="24107" /><E130/><V18/><F49/><W97/><G132/><T109/><D109/><U134/><E134/><V74/><F74/><W6/><G56/><T125/><D125/><U102/><E102/><V30/><F72/><W21/><G45/><T95/><D95/><AGARI ba="0,0" hai="8,14,15,17,19,20,89,91,95,98,100" m="24107" machi="95" ten="30,11600,0" yaku="8,1,52,3" doraHai="58" who="1" fromWho="0" sc="96,-116,556,116,200,0,148,0" owari="-20,-52.0,672,77.2,200,0.0,148,-25.2" /></mjloggm>