<mjloggm ver="2.3"><GO type="169" lobby="0"/><UN n0="%E3%82%A4%E3%82%A7%E3%83%83%E3%82%BF%E3%82%A4%E3%82%AC%E3%83%BC" n1="%E4%BF%8A%E6%96%87%E9%BE%8D" n2="%E3%81%A1%E3%82%83%E3%82%93%E3%81%AE%E3%81%B6" n3="%74%6B%34%32" dan="16,16,17,16" rate="2096.39,2124.22,2145.71,2101.65" sx="M,M,M,M"/><TAIKYOKU oya="0"/><INIT seed="0,0,0,4,3,58" ten="250,250,250,250" oya="0" hai0="3,42,55,13,0,6,45,98,103,119,33,14,110" hai1="11,65,116,130,32,30,18,87,71,20,106,133,61" hai2="123,131,76,128,96,92,125,86,31,10,9,101,67" hai3="41,64,40,82,44,5,48,53,118,49,80,73,15"/><T62/><D119/><U107/><E116/><V83/><F123/><W7/><G118/><T99/><D33/><U66/><E133/><V94/><F125/><W104/><G104/><T69/><D110/><U121/><E121/><V43/><F43/><W109/><G109/><T68/><D3/><U46/><E130/><N who="2" m="49707" /><F31/><W114/><G114/><T111/><D111/><U132/><E132/><V47/><F47/><W100/><G100/><T50/><D0/><U126/><E126/><V27/><F27/><W113/><G113/><T22/><D14/><U85/><E32/><V60/><F94/><W16/><G64/><T36/><D99/><U24/><E66/><V25/><F25/><W127/><G41/><T122/><D122/><U90/><E85/><V28/><F28/><W108/><G73/><T12/><D12/><U37/><E11/><V84/><F86/><W19/><G127/><T2/><D2/><U54/><E30/><V56/><AGARI ba="0,0" hai="9,10,56,60,67,76,83,84,92,96,101" m="49707" machi="56" ten="30,2000,0" yaku="19,1,52,1" doraHai="58" who="2" fromWho="2" sc="250,-10,250,-5,250,20,250,-5" /><INIT seed="1,0,0,3,5,86" ten="240,245,270,245" oya="1" hai0="59,118,45,81,22,52,67,39,44,41,18,88,127" hai1="79,116,85,114,16,6,77,17,96,37,30,129,117" hai2="9,107,130,10,97,57,55,15,3,122,95,50,87" hai3="106,19,123,60,98,58,53,2,56,8,72,43,34"/><U49/><E37/><V25/><F122/><W13/><G123/><T132/><D118/><U0/><E114/><V135/><F130/><W93/><G72/><T27/><D132/><U54/><E129/><V84/><F107/><W46/><G34/><T36/><D127/><U103/><E30/><V11/><F135/><W14/><G106/><T63/><D39/><U69/><E69/><V120/><F3/><W119/><G119/><T38/><D38/><U92/><E117/><V78/><F120/><W61/><G2/><T89/><D81/><U32/><E32/><V73/><F73/><W125/><G14/><T62/><REACH who="0" step="1"/><D44/><REACH who="0" ten="230,245,270,245" step="2"/><U83/><E116/><V101/><F78/><W5/><G125/><T115/><D115/><U70/><E79/><V68/><F68/><AGARI ba="0,1" hai="18,22,27,36,41,45,52,59,62,63,67,68,88,89" machi="68" ten="30,12000,2" yaku="1,1,7,1,52,2,54,2,53,0" doraHai="86" doraHaiUra="74" who="0" fromWho="2" sc="230,130,245,0,270,-120,245,0" /><INIT seed="2,0,0,3,4,96" ten="360,245,150,245" oya="2" hai0="134,71,83,47,39,132,35,124,18,113,93,82,104" hai1="114,64,16,45,135,91,95,51,20,57,32,44,129" hai2="94,76,42,50,54,120,131,74,69,10,1,37,92" hai3="26,52,118,2,36,87,25,102,125,115,40,100,126"/><V5/><F120/><W103/><G118/><T85/><D104/><U98/><E129/><V101/><F69/><W86/><G2/><T99/><D35/><U28/><E135/><N who="0" m="51753" /><D71/><U38/><E38/><V48/><F131/><W56/><G115/><T84/><D18/><U22/><E114/><V11/><F11/><W53/><G40/><N who="0" m="22943" /><D113/><U8/><E32/><V70/><F70/><W31/><G36/><T116/><D124/><N who="3" m="47721" /><G26/><T17/><D17/><U19/><E28/><V63/><F63/><N who="3" m="36231" /><G53/><T55/><D55/><N who="1" m="31999" /><E64/><V61/><F61/><W112/><G112/><T21/><D21/><AGARI ba="0,0" hai="21,25,31,86,87,100,102,103" m="36231,47721" machi="21" ten="30,8000,1" yaku="18,1,52,3,54,1" doraHai="96" who="3" fromWho="0" sc="360,-80,245,0,150,0,245,80" /><INIT seed="3,0,0,3,0,55" ten="280,245,150,325" oya="3" hai0="126,57,40,122,104,22,20,63,17,102,5,51,134" hai1="16,10,42,105,135,28,76,61,74,106,32,27,95" hai2="71,31,13,60,2,52,88,86,124,50,44,101,33" hai3="49,6,4,70,72,120,45,129,107,47,36,48,75"/><W83/><G120/><T69/><D122/><U78/><E135/><V89/><F2/><W131/><G107/><T109/><D134/><U133/><E133/><V43/><F124/><W65/><G36/><T84/><D126/><U132/><E42/><V99/><F33/><W19/><G19/><T85/><D5/><U59/><E132/><V98/><F31/><W115/><G115/><T121/><D121/><U3/><E95/><V87/><F101/><W56/><G70/><T91/><D69/><U94/><E94/><N who="2" m="54583" /><F71/><W130/><G83/><T100/><D104/><U96/><E74/><V39/><F39/><W125/><G125/><T41/><D109/><U113/><E113/><V92/><F13/><W116/><G116/><T68/><D68/><U37/><E37/><V127/><F127/><W119/><G119/><T24/><D40/><U35/><E32/><V80/><F80/><W0/><G0/><T128/><D128/><U79/><E96/><V114/><F114/><W7/><G56/><AGARI ba="0,0" hai="43,44,50,52,56,60,87,88,92,98,99" m="54583" machi="56" ten="30,7700,0" yaku="8,1,52,1,54,2" doraHai="55" who="2" fromWho="3" sc="280,0,245,0,150,77,325,-77" /><INIT seed="4,0,0,4,1,51" ten="280,245,227,248" oya="0" hai0="77,52,92,42,108,89,31,122,105,18,114,78,11" hai1="96,110,97,59,21,107,14,118,119,132,49,7,53" hai2="113,128,57,69,38,19,94,41,129,2,20,87,0" hai3="4,90,35,63,103,133,13,126,104,46,44,91,81"/><T86/><D122/><U32/><E32/><V79/><F69/><W36/><G133/><T48/><D105/><U83/><E110/><V101/><F113/><W123/><G35/><T47/><D114/><U6/><E132/><V45/><F79/><W71/><G126/><T131/><D31/><U1/><E1/><V120/><F120/><W66/><G123/><T12/><D131/><N who="2" m="50250" /><F57/><W116/><G116/><T22/><D108/><U25/><E83/><V34/><F34/><W121/><G121/><T102/><D102/><U58/><E118/><V70/><F70/><W74/><G104/><T134/><D134/><U55/><E119/><V130/><N who="2" m="50258" /><V56/><DORA hai="40" /><F56/><N who="3" m="37223" /><G36/><T125/><D125/><U16/><E107/><V5/><F5/><N who="1" m="1545" /><E14/><N who="2" m="9335" /><F87/><N who="3" m="50543" /><G74/><T109/><D109/><U76/><E76/><N who="0" m="29289" /><D11/><U43/><E43/><AGARI ba="0,0" hai="12,18,22,42,43,47,48,52,86,89,92" m="29289" machi="43" ten="30,11600,0" yaku="8,1,52,2,54,1" doraHai="51,40" who="0" fromWho="1" sc="280,116,245,-116,227,0,248,0" /><INIT seed="4,1,0,2,2,94" ten="396,129,227,248" oya="0" hai0="50,58,97,4,69,76,111,81,67,64,3,23,59" hai1="70,125,104,33,1,103,43,85,132,108,109,42,15" hai2="91,107,126,8,16,114,117,37,44,119,52,27,106" hai3="60,31,32,105,35,122,71,51,100,56,113,127,19"/><T7/><D111/><U116/><E1/><V6/><F114/><W18/><G113/><T88/><D69/><U86/><E116/><N who="2" m="44619" /><F37/><W49/><G127/><T73/><D3/><U62/><E125/><V14/><F126/><W134/><G134/><T39/><D39/><U72/><E72/><V12/><F27/><W96/><G122/><T63/><D23/><U129/><E132/><V25/><F25/><N who="3" m="18543" /><G35/><T53/><REACH who="0" step="1"/><D64/><REACH who="0" ten="386,129,227,248" step="2"/><U75/><E109/><V45/><F8/><W46/><G51/><T29/><D29/><U9/><E108/><V93/><F107/><W135/><G135/><T90/><D90/><U79/><E104/><V54/><F106/><W131/><G131/><T92/><AGARI ba="1,1" hai="4,7,50,53,58,59,63,67,73,76,81,88,92,97" machi="92" ten="30,11700,0" yaku="1,1,0,1,52,1,54,1,53,0" doraHai="94" doraHaiUra="80" who="0" fromWho="0" sc="386,130,129,-40,227,-40,248,-40" /><INIT seed="4,2,0,4,2,69" ten="516,89,187,208" oya="0" hai0="26,135,105,104,47,76,119,99,16,25,49,59,92" hai1="117,83,109,131,21,57,110,97,116,132,75,10,60" hai2="34,50,107,23,3,98,11,103,86,1,43,127,90" hai3="126,40,133,22,44,32,89,45,112,73,121,91,46"/><T115/><D119/><U8/><E132/><V77/><F34/><W114/><G32/><T68/><D68/><U101/><E131/><V130/><F130/><W63/><G133/><T108/><D135/><U18/><E117/><V4/><F127/><W95/><G73/><T129/><D129/><U66/><E116/><V85/><F77/><W94/><G126/><T106/><D108/><U64/><E110/><V93/><F1/><W84/><G121/><T36/><D76/><U134/><E134/><V29/><F86/><W14/><G63/><T52/><D115/><N who="3" m="44073" /><G14/><T33/><D33/><U80/><E109/><V124/><F124/><W51/><G22/><T31/><D31/><U88/><E66/><V5/><F5/><W81/><G81/><T100/><REACH who="0" step="1"/><D16/><REACH who="0" ten="506,89,187,208" step="2"/><U7/><E18/><V79/><F79/><W15/><G15/><T55/><D55/><U0/><E21/><V71/><F71/><W87/><AGARI ba="2,1" hai="40,44,45,46,51,84,87,89,91,94,95" m="44073" machi="87" ten="30,1100,0" yaku="15,1" doraHai="69" who="3" fromWho="3" sc="506,-7,89,-5,187,-5,208,27" /><INIT seed="5,0,0,5,1,122" ten="499,84,182,235" oya="1" hai0="103,25,7,64,4,32,9,102,77,5,50,58,95" hai1="116,22,108,37,105,44,75,54,129,6,87,66,81" hai2="131,109,55,73,104,63,84,89,34,47,96,10,114" hai3="86,135,78,133,120,52,85,60,123,16,46,26,40"/><U107/><E116/><V20/><F34/><W91/><G120/><T51/><D77/><U2/><E66/><V12/><F73/><W30/><G78/><T74/><D74/><U49/><E129/><V127/><F131/><W97/><G97/><T24/><D32/><U19/><E75/><V1/><F127/><W33/><G123/><T18/><D95/><U27/><E37/><V80/><F1/><W99/><G99/><T13/><D51/><U98/><E98/><V115/><F20/><N who="3" m="13575" /><G30/><T76/><D76/><U110/><E6/><V121/><F121/><W79/><G79/><T28/><D28/><U35/><E2/><V39/><F39/><W82/><G33/><T134/><D134/><N who="3" m="51209" /><G91/><T130/><D130/><U57/><E35/><V94/><F104/><W31/><G31/><T0/><D103/><U90/><E44/><V83/><F47/><W21/><G21/><T42/><D102/><U71/><E71/><V126/><F126/><W29/><G29/><T118/><D0/><U43/><E43/><V128/><F128/><W88/><G85/><T3/><D3/><U23/><E23/><V53/><F96/><W56/><G46/><N who="0" m="25943" /><D118/><U14/><E27/><V92/><F84/><W113/><G40/><T41/><D41/><U70/><E70/><V101/><F101/><W93/><G113/><T117/><D117/><U119/><E119/><V132/><F132/><W38/><G38/><T65/><D64/><U59/><E59/><V100/><F114/><W69/><G69/><T68/><D68/><U124/><E124/><V106/><F115/><W61/><G82/><RYUUKYOKU ba="0,0" sc="499,10,84,10,182,-30,235,10" hai0="4,5,7,9,13,18,24,25,58,65" hai1="14,19,22,49,54,57,81,87,90,105,107,108,110" hai3="52,56,60,61,86,88,93" /><INIT seed="5,1,0,0,4,121" ten="509,94,152,245" oya="1" hai0="97,133,2,29,75,131,113,55,122,135,126,120,10" hai1="117,93,0,9,92,1,40,30,48,90,110,114,57" hai2="108,79,23,42,6,100,70,45,89,36,50,65,123" hai3="8,54,49,18,94,53,130,35,14,73,83,91,51"/><U129/><E117/><V63/><F123/><N who="0" m="47146" /><D97/><U105/><E105/><V39/><F100/><W4/><G130/><T61/><D61/><U20/><E129/><V107/><F107/><W46/><G35/><T102/><D102/><U81/><E114/><V58/><F79/><W74/><G4/><N who="0" m="1303" /><D55/><U86/><E110/><V104/><F104/><W132/><G132/><N who="0" m="50763" /><D75/><U38/><E38/><N who="2" m="14379" /><F23/><W78/><G74/><T69/><D69/><U77/><E40/><V27/><F27/><W56/><G94/><T11/><D131/><U101/><E93/><V95/><F6/><W99/><G99/><T16/><D113/><U118/><E101/><V134/><F89/><W112/><G112/><T43/><D43/><U87/><E118/><V7/><F7/><W59/><G91/><T85/><D85/><U19/><E30/><V21/><F95/><W41/><G41/><T68/><D68/><U15/><REACH who="1" step="1"/><E9/><REACH who="1" ten="509,84,152,245" step="2"/><V34/><F134/><W44/><AGARI ba="1,1" hai="8,14,18,44,46,49,51,53,54,56,59,73,78,83" machi="44" ten="20,2700,0" yaku="0,1,7,1,9,1" doraHai="121" who="3" fromWho="3" sc="509,-8,84,-14,152,-8,245,40" /><INIT seed="6,0,0,1,5,72" ten="501,70,144,285" oya="2" hai0="120,77,82,90,98,113,108,123,28,22,62,64,93" hai1="63,103,38,37,5,86,76,110,121,85,25,133,119" hai2="125,114,46,13,48,109,60,132,135,115,89,59,12" hai3="70,75,53,87,55,100,61,8,6,122,95,96,58"/><V65/><F89/><W51/><G122/><T101/><D108/><U129/><E110/><V57/><F109/><W49/><G75/><T33/><D113/><N who="2" m="43018" /><F13/><N who="3" m="5271" /><G70/><T14/><D33/><U81/><E121/><V32/><F32/><W102/><G102/><T68/><D90/><U74/><E119/><V26/><F12/><W126/><G126/><T0/><D0/><U106/><E129/><V97/><F26/><W41/><G41/><T99/><D99/><U134/><E5/><V128/><F97/><W116/><G116/><T130/><D130/><U45/><E25/><V91/><F91/><W11/><G11/><T20/><D22/><U17/><E106/><V104/><F104/><W107/><G107/><T88/><D101/><U24/><E103/><V71/><F128/><W1/><G1/><T127/><D127/><U66/><E24/><V19/><F19/><W78/><G53/><T34/><D34/><U56/><E17/><V94/><F94/><W84/><G84/><T111/><D111/><U15/><E15/><V2/><F125/><W10/><G10/><T35/><D35/><U29/><E29/><V67/><F2/><W118/><G118/><T27/><D14/><U105/><E105/><V44/><F67/><W73/><G73/><AGARI ba="0,0" hai="20,27,28,62,64,68,73,77,82,88,93,98,120,123" machi="73" ten="30,3900,0" yaku="7,1,52,1,54,1" doraHai="72" who="0" fromWho="3" sc="501,39,70,0,144,0,285,-39" /><INIT seed="7,0,0,0,0,16" ten="540,70,144,246" oya="3" hai0="17,123,105,64,24,25,5,6,2,77,80,128,73" hai1="81,47,125,132,57,108,51,60,85,135,107,59,96" hai2="106,120,79,13,55,87,97,114,20,29,133,21,86" hai3="4,82,65,118,31,109,35,104,30,37,76,26,53"/><W93/><G104/><T0/><D123/><U27/><E108/><V113/><F120/><W117/><G37/><T42/><D42/><U45/><E125/><V74/><F133/><W121/><G121/><T111/><D105/><U14/><E135/><V12/><F74/><W52/><G109/><T103/><D103/><U127/><E127/><V23/><F29/><W49/><G65/><T92/><D92/><U131/><E131/><V130/><F130/><W10/><G31/><T115/><D128/><U102/><E132/><V83/><F87/><W11/><G93/><T126/><D126/><U38/><E38/><V19/><F55/><W110/><G110/><T98/><D98/><U68/><E68/><V58/><F58/><W15/><G11/><T116/><D116/><U62/><E51/><V46/><F46/><W119/><REACH who="3" step="1"/><G49/><REACH who="3" ten="540,70,144,236" step="2"/><T50/><D111/><U61/><E61/><V112/><F106/><W54/><G54/><T129/><D129/><U63/><E63/><V33/><F112/><W34/><G34/><T122/><D50/><U88/><E60/><V90/><F33/><W39/><G39/><T56/><D115/><U7/><E62/><V99/><F113/><W75/><AGARI ba="0,1" hai="4,10,15,26,30,35,52,53,75,76,82,117,118,119" machi="75" ten="30,6000,0" yaku="1,1,0,1,54,1,53,0" doraHai="16" doraHaiUra="69" who="3" fromWho="3" sc="540,-20,70,-20,144,-20,236,70" /><INIT seed="7,1,0,2,0,40" ten="520,50,124,306" oya="3" hai0="105,60,33,75,91,110,81,88,122,12,9,63,46" hai1="67,84,74,11,27,62,6,116,77,71,65,19,25" hai2="51,134,4,128,49,70,118,55,43,130,123,100,135" hai3="106,132,85,41,124,34,86,52,8,50,42,3,126"/><W108/><G108/><T22/><D122/><U7/><E116/><V38/><F118/><W39/><G132/><N who="2" m="50729" /><F123/><W64/><G106/><T111/><D105/><U57/><E74/><V10/><F70/><W15/><G34/><T30/><D33/><U112/><E112/><V48/><F100/><W72/><G3/><T32/><D32/><U103/><E103/><V13/><F55/><W94/><G72/><T90/><D46/><AGARI ba="1,0" hai="4,10,13,38,43,46,48,49,51,128,130" m="50729" machi="46" ten="40,2600,0" yaku="20,1,52,1" doraHai="40" who="2" fromWho="0" sc="520,-29,50,0,124,29,306,0" owari="491,59.1,50,-45.0,153,-24.7,306,10.6" /></mjloggm>