<mjloggm ver="2.3"><GO type="169" lobby="0"/><UN n0="%E2%97%8E%E3%82%88%E3%81%97%E2%97%8E" n1="%E3%82%80%E3%81%97%E6%AD%AF" n2="%35%30%38%30%74%61%6B%61" n3="%E3%81%A9%E3%82%93%E3%81%9F%E3%82%83%E3%82%93" dan="17,17,16,16" rate="2165.88,2158.15,2109.30,2182.67" sx="M,M,M,F"/><TAIKYOKU oya="0"/><INIT seed="0,0,0,3,2,50" ten="250,250,250,250" oya="0" hai0="23,61,41,128,100,4,93,72,51,86,2,82,79" hai1="70,134,35,92,107,64,14,53,115,9,76,94,10" hai2="30,65,133,0,26,118,18,120,57,17,131,52,90" hai3="117,121,37,96,29,11,27,59,46,123,108,25,83"/><T58/><D128/><U6/><E35/><V45/><F120/><N who="3" m="46155" /><G117/><T88/><D2/><U130/><E107/><V105/><F0/><W106/><G108/><T49/><D4/><U54/><E130/><V127/><F131/><W60/><G83/><T43/><D43/><U56/><E134/><V15/><F105/><W36/><G11/><T24/><D100/><U47/><E115/><V87/><F133/><W75/><G75/><T67/><REACH who="0" step="1"/><D41/><REACH who="0" ten="240,250,250,250" step="2"/><U98/><E6/><V38/><F118/><W125/><G37/><T112/><D112/><U28/><E70/><V77/><F38/><W3/><G3/><T39/><D39/><U55/><E47/><V1/><F1/><W74/><G46/><T20/><D20/><U124/><E10/><V73/><F45/><W5/><G5/><T102/><D102/><U19/><E124/><V104/><F127/><W44/><G125/><T12/><D12/><U89/><E28/><AGARI ba="0,1" hai="23,24,28,49,51,58,61,67,72,79,82,86,88,93" machi="28" ten="30,5800,0" yaku="1,1,7,1,54,1,53,0" doraHai="50" doraHaiUra="48" who="0" fromWho="1" sc="240,68,250,-58,250,0,250,0" /><INIT seed="0,1,0,5,4,58" ten="308,192,250,250" oya="0" hai0="82,114,35,128,134,15,49,99,10,55,131,86,41" hai1="73,121,37,9,106,72,51,124,112,57,43,132,28" hai2="4,80,38,8,47,77,71,102,100,85,11,62,110" hai3="1,133,129,40,97,2,96,101,18,56,119,123,108"/><T120/><D35/><U88/><E121/><V70/><F110/><W48/><G119/><T87/><D114/><U67/><E106/><V44/><F11/><W69/><G108/><T81/><D120/><U3/><E112/><V90/><F77/><W32/><G69/><T22/><D22/><U135/><E28/><V103/><F38/><W36/><G123/><T33/><D99/><U115/><E115/><V65/><REACH who="2" step="1"/><F71/><REACH who="2" ten="308,192,240,250" step="2"/><W116/><G36/><T94/><D10/><U19/><E37/><V74/><F74/><W24/><G116/><T45/><D131/><U92/><E73/><V29/><F29/><W130/><G129/><T52/><D128/><U26/><E72/><V14/><AGARI ba="1,1" hai="4,8,14,44,47,62,65,70,80,85,90,100,102,103" machi="14" ten="30,7900,0" yaku="1,1,0,1,52,1,53,1" doraHai="58" doraHaiUra="6" who="2" fromWho="2" sc="308,-40,192,-21,240,92,250,-21" /><INIT seed="1,0,0,0,4,123" ten="268,171,332,229" oya="1" hai0="69,2,1,127,53,80,14,30,93,32,74,104,3" hai1="114,22,48,39,27,8,134,63,122,62,73,84,51" hai2="112,52,0,108,106,59,109,85,95,94,79,6,4" hai3="115,13,129,125,45,135,54,120,25,64,35,111,72"/><U42/><E122/><V132/><F106/><W65/><G72/><T46/><D104/><U126/><E73/><V26/><F132/><W100/><G120/><T41/><D69/><U18/><E114/><V5/><F0/><W105/><G115/><T128/><D53/><U60/><E134/><V16/><F112/><W88/><G135/><T76/><D93/><U124/><E84/><V23/><F79/><W121/><G121/><T78/><D78/><U66/><E66/><V75/><F75/><W15/><G125/><N who="1" m="48234" /><E8/><V117/><F117/><W67/><G100/><T56/><D127/><U29/><E29/><V21/><F21/><W9/><G105/><T37/><D128/><U28/><E28/><V83/><F83/><W55/><G129/><T33/><D30/><U77/><E77/><V50/><REACH who="2" step="1"/><F85/><REACH who="2" ten="268,171,322,229" step="2"/><W10/><G35/><T7/><D32/><U102/><E102/><V12/><F12/><W81/><G81/><T70/><D33/><U92/><E92/><AGARI ba="0,1" hai="4,5,6,16,23,26,50,52,59,92,94,95,108,109" machi="92" ten="40,12000,2" yaku="1,1,52,2,54,2,53,1" doraHai="123" doraHaiUra="49" who="2" fromWho="1" sc="268,0,171,-120,322,130,229,0" /><INIT seed="2,0,0,0,4,106" ten="268,51,452,229" oya="2" hai0="43,48,73,76,99,15,125,118,20,114,50,44,53" hai1="28,71,31,75,41,70,62,21,1,83,113,115,45" hai2="7,119,54,116,134,8,129,18,82,64,107,101,105" hai3="96,103,117,98,26,37,47,3,127,90,12,93,104"/><V52/><F64/><W92/><G3/><T24/><D114/><U40/><E1/><V0/><F129/><W61/><G117/><T111/><D118/><U29/><E21/><V128/><F128/><W69/><G127/><T121/><D125/><U59/><E59/><V42/><F134/><W131/><G131/><T109/><D121/><U79/><E41/><V56/><F42/><W126/><G126/><T124/><D124/><U2/><E2/><V36/><F36/><W85/><G12/><T4/><D15/><U81/><E81/><V13/><F105/><W68/><G37/><T32/><D32/><U88/><E88/><V89/><F54/><W60/><G47/><T132/><D132/><U14/><E14/><V6/><F6/><W65/><G26/><T22/><D4/><U10/><E10/><V35/><F35/><W123/><G123/><T86/><D86/><U135/><E135/><V94/><F107/><W46/><G46/><T108/><D99/><U27/><E27/><V19/><F19/><W16/><G16/><N who="0" m="12295" /><D22/><U74/><E74/><V30/><F30/><W67/><REACH who="3" step="1"/><G98/><REACH who="3" ten="268,51,452,219" step="2"/><T49/><D43/><U51/><REACH who="1" step="1"/><E62/><REACH who="1" ten="268,41,452,219" step="2"/><V100/><F116/><W120/><G120/><T91/><D91/><U78/><E78/><V95/><F119/><W23/><G23/><T34/><D34/><U58/><E58/><V80/><F89/><W122/><G122/><T130/><D130/><U87/><E87/><V97/><F0/><W25/><G25/><T84/><D84/><U102/><E102/><V55/><F101/><W38/><G38/><T17/><D17/><RYUUKYOKU ba="0,2" sc="268,10,41,10,452,-30,219,10" hai0="44,48,49,50,53,73,76,108,109,111" hai1="28,29,31,40,45,51,70,71,75,79,83,113,115" hai3="60,61,65,67,68,69,85,90,92,93,96,103,104" /><INIT seed="3,1,2,1,1,44" ten="278,51,422,229" oya="3" hai0="104,5,29,31,25,111,19,100,9,119,97,34,105" hai1="69,6,13,108,121,64,39,10,57,4,120,86,67" hai2="127,21,62,32,103,96,113,15,7,40,125,43,12" hai3="85,48,2,132,117,128,33,22,23,37,122,131,8"/><W11/><G37/><T50/><D119/><U83/><E39/><V118/><F118/><W46/><G117/><T73/><D73/><U49/><E108/><V45/><F113/><W1/><G122/><T61/><D111/><U41/><E6/><V66/><F32/><W26/><G85/><T116/><D29/><U129/><E129/><N who="3" m="49738" /><G33/><T134/><D134/><U135/><E135/><V36/><F43/><N who="3" m="24671" /><G132/><T87/><D87/><U95/><E95/><V51/><F36/><W84/><G84/><T101/><D116/><U55/><E41/><V112/><F112/><W109/><G23/><T91/><D91/><U99/><E99/><V93/><F21/><W114/><G114/><T106/><D101/><U17/><E4/><V56/><REACH who="2" step="1"/><F7/><REACH who="2" ten="278,51,412,229" step="2"/><W88/><G109/><T42/><D5/><U110/><E110/><V27/><F27/><W0/><G11/><T78/><D9/><U52/><E120/><V75/><F75/><W16/><G8/><T89/><D42/><U3/><E121/><V53/><F53/><W65/><G65/><N who="1" m="25162" /><E69/><V47/><F47/><W63/><G63/><T58/><D61/><N who="1" m="36007" /><E3/><V54/><F54/><W24/><G26/><T124/><D25/><U77/><E55/><V30/><F30/><W59/><G59/><T28/><D58/><U35/><E35/><V60/><F60/><W92/><G0/><T38/><D34/><U20/><E10/><V115/><F115/><W126/><G1/><T71/><D38/><U14/><E14/><AGARI ba="1,3" hai="12,14,15,40,45,51,56,62,66,93,96,103,125,127" machi="14" ten="40,2600,0" yaku="1,1,52,1,53,0" doraHai="44" doraHaiUra="130" who="2" fromWho="1" sc="278,0,51,-29,412,59,229,0" /><INIT seed="4,0,0,3,3,77" ten="278,22,471,229" oya="0" hai0="54,74,87,46,38,34,89,120,14,82,106,7,19" hai1="63,102,125,0,112,130,32,92,84,115,109,20,68" hai2="94,93,9,117,52,42,11,121,39,56,81,79,16" hai3="36,45,95,86,132,75,24,53,62,49,91,15,40"/><T131/><D120/><U47/><E109/><V8/><F121/><W61/><G132/><T48/><D131/><U90/><E32/><V4/><F4/><W100/><G75/><T33/><D106/><U12/><E0/><V101/><F117/><W51/><G36/><T27/><D38/><U21/><E130/><V64/><F64/><W78/><G78/><T67/><D74/><U110/><E110/><V99/><F39/><W35/><G100/><T105/><D105/><U119/><E119/><V30/><F30/><W43/><G43/><T96/><D7/><U118/><E118/><V69/><F69/><W58/><G35/><T50/><D27/><U17/><E125/><V55/><F42/><W128/><G128/><T133/><D133/><U135/><E135/><V76/><F94/><W114/><G114/><N who="1" m="43562" /><E47/><V23/><F56/><W70/><G70/><T10/><D48/><U111/><E111/><V126/><F126/><W108/><G108/><T80/><D67/><N who="1" m="41087" /><E102/><V122/><F122/><W71/><G71/><T29/><D29/><U60/><E60/><V98/><F98/><W134/><G134/><T26/><D96/><U72/><E72/><V57/><F57/><W5/><REACH who="3" step="1"/><G24/><REACH who="3" ten="278,22,471,219" step="2"/><T88/><D26/><U41/><E41/><V97/><F101/><W28/><G28/><T83/><D89/><U116/><E116/><V22/><F79/><W13/><G13/><T107/><D107/><U2/><E2/><V3/><F76/><W65/><G65/><T59/><D59/><U1/><E1/><V103/><F3/><W18/><G18/><T124/><D124/><RYUUKYOKU ba="0,1" sc="278,10,22,10,471,-30,219,10" hai0="10,14,19,33,34,46,50,54,80,82,83,87,88" hai1="12,17,20,21,84,90,92" hai3="5,15,40,45,49,51,53,58,61,62,86,91,95" /><INIT seed="4,1,1,5,3,27" ten="288,32,441,229" oya="0" hai0="98,131,66,77,39,87,86,88,2,113,14,133,12" hai1="101,25,103,40,6,130,63,60,126,48,61,9,74" hai2="8,107,15,120,16,89,97,109,7,85,54,52,83" hai3="55,43,124,36,32,5,115,46,31,37,4,75,92"/><T45/><D2/><U114/><E74/><V67/><F109/><W79/><G37/><T41/><D113/><U121/><E121/><V125/><F120/><W56/><G115/><T128/><D66/><U95/><E114/><V51/><F125/><W69/><G69/><T68/><D68/><U135/><E126/><V82/><F67/><W57/><G124/><T105/><D133/><U1/><E135/><V129/><F129/><N who="0" m="49738" /><D77/><U117/><E117/><V72/><F72/><W20/><G32/><T11/><D14/><U30/><E130/><V10/><F83/><W78/><G92/><N who="0" m="56583" /><D105/><U96/><E103/><V26/><F51/><W53/><G78/><T116/><D116/><U73/><E73/><V127/><F127/><W132/><G132/><T3/><D3/><U90/><E101/><V0/><F107/><W49/><G79/><T59/><D59/><U50/><REACH who="1" step="1"/><E40/><REACH who="1" ten="288,22,441,229" step="2"/><V112/><F112/><W22/><G75/><T119/><D119/><U104/><E104/><V18/><F54/><W93/><G43/><T76/><D76/><U71/><E71/><V118/><F52/><W58/><G55/><T122/><D122/><U64/><E64/><V29/><F118/><W44/><G53/><T84/><D84/><U110/><E110/><V47/><F85/><W134/><G134/><T28/><D87/><U21/><AGARI ba="1,2" hai="1,6,9,21,25,30,48,50,60,61,63,90,95,96" machi="21" ten="30,7900,0" yaku="1,1,0,1,52,1,53,1" doraHai="27" doraHaiUra="94" who="1" fromWho="1" sc="288,-40,22,102,441,-21,229,-21" /><INIT seed="5,0,0,2,5,120" ten="248,124,420,208" oya="1" hai0="59,106,104,81,98,89,127,109,77,19,6,38,52" hai1="5,65,3,70,121,80,2,103,119,122,135,21,45" hai2="8,117,105,14,30,33,68,93,83,99,128,50,7" hai3="91,75,92,51,49,85,86,82,88,53,28,97,32"/><U27/><E119/><V115/><F117/><W17/><G75/><T62/><D38/><U42/><E135/><V94/><F128/><W20/><G32/><T60/><D6/><U71/><E103/><V24/><F50/><W72/><G72/><T39/><D39/><U101/><E101/><N who="2" m="62655" /><F83/><W13/><G28/><T16/><D127/><U34/><E34/><V130/><F130/><W1/><G1/><T67/><D109/><U111/><E111/><V100/><F100/><W90/><REACH who="3" step="1"/><G53/><REACH who="3" ten="248,124,420,198" step="2"/><T0/><D0/><U113/><E3/><V4/><F30/><W10/><G10/><T26/><D104/><U114/><E122/><V66/><F8/><W18/><G18/><T36/><D106/><U110/><E121/><V11/><F11/><W102/><G102/><T63/><D19/><U131/><E131/><V108/><F33/><W44/><G44/><T73/><D67/><U31/><E65/><V133/><F66/><W118/><G118/><T61/><D16/><U96/><E2/><V129/><F108/><W40/><G40/><T41/><D41/><U22/><E110/><V29/><F29/><W25/><G25/><T15/><D26/><U134/><E27/><V87/><F24/><W123/><G123/><T48/><D73/><U74/><E31/><V54/><F54/><W132/><G132/><T55/><D55/><U43/><E134/><V23/><F129/><W126/><G126/><T76/><D52/><U46/><E74/><V9/><F9/><W116/><G116/><T124/><D124/><U112/><E43/><V95/><F133/><W57/><G57/><RYUUKYOKU ba="0,1" sc="248,-10,124,-10,420,-10,198,30" hai3="13,17,20,49,51,82,85,86,88,90,91,92,97" /><INIT seed="6,1,1,3,0,14" ten="238,114,410,228" oya="2" hai0="39,34,119,35,19,90,72,71,68,102,93,15,28" hai1="51,129,18,88,50,22,97,134,135,64,43,96,120" hai2="24,26,108,23,95,125,118,25,21,62,74,49,20" hai3="75,112,131,117,114,91,8,133,128,47,58,45,132"/><V104/><F118/><W48/><G75/><T83/><D39/><U16/><E129/><N who="3" m="49738" /><G91/><T1/><D1/><U84/><E64/><V38/><F104/><W69/><G69/><T110/><D110/><U61/><E61/><V106/><F106/><W85/><G85/><T70/><D28/><U123/><E43/><V57/><F38/><W81/><G81/><T55/><D55/><U53/><E97/><V46/><F74/><W2/><G2/><T29/><D29/><U77/><E77/><V126/><F108/><W67/><G8/><T59/><D119/><U121/><E96/><V54/><REACH who="2" step="1"/><F95/><REACH who="2" ten="238,114,400,228" step="2"/><W82/><G117/><T17/><D93/><N who="1" m="54407" /><E51/><V86/><F86/><W56/><G82/><T4/><D83/><U3/><E3/><V27/><N who="2" m="6144" /><DORA hai="60" /><V87/><F87/><W0/><G0/><T65/><D72/><U113/><E113/><V9/><F9/><W92/><G92/><T109/><D109/><U103/><E103/><V100/><F100/><W76/><G114/><T79/><D102/><U116/><E116/><V11/><F11/><W124/><G112/><T89/><D79/><U6/><E6/><V99/><F99/><W130/><G76/><T94/><D4/><U32/><E32/><V33/><F33/><W36/><G36/><T41/><D34/><U98/><E98/><V122/><F122/><N who="1" m="31233" /><U111/><DORA hai="73" /><E111/><V127/><F127/><W78/><G78/><T44/><D35/><U31/><E31/><V7/><F7/><W42/><G130/><T105/><D105/><U101/><E101/><V115/><F115/><W52/><G124/><RYUUKYOKU ba="1,2" sc="238,-10,114,-10,400,30,228,-10" hai2="20,21,23,46,49,54,57,62,125,126" /><INIT seed="6,2,2,4,2,32" ten="228,104,430,218" oya="2" hai0="38,17,114,92,56,18,129,44,95,3,20,9,104" hai1="121,119,28,116,54,131,69,42,67,57,88,128,51" hai2="49,52,26,97,65,113,105,35,10,53,68,21,117" hai3="11,115,45,16,132,33,130,40,0,99,8,108,87"/><V135/><F117/><N who="1" m="45129" /><E28/><V80/><F113/><W66/><G108/><T31/><D104/><U1/><E88/><V27/><F135/><W122/><G122/><T41/><D92/><U84/><E84/><V61/><F80/><W79/><G33/><T123/><D95/><U100/><E100/><N who="2" m="62607" /><F49/><W14/><G132/><T63/><D123/><U46/><E1/><V43/><F43/><W13/><G130/><N who="1" m="49706" /><E121/><V62/><F10/><W74/><G115/><T102/><D114/><U6/><E6/><V91/><F21/><W82/><G99/><T29/><D102/><U19/><E19/><V60/><F26/><W120/><G120/><T5/><D18/><U15/><E15/><V36/><F91/><W58/><G0/><T71/><D129/><U101/><E101/><V55/><F36/><W39/><G74/><T110/><D110/><U48/><E67/><V23/><F23/><W73/><G73/><T83/><D83/><U47/><E69/><V70/><F70/><W133/><G133/><T72/><D71/><U90/><E90/><V127/><F65/><W4/><G66/><T96/><D72/><U59/><AGARI ba="2,2" hai="42,46,47,48,51,54,57,59" m="49706,45129" machi="59" ten="40,5200,0" yaku="19,1,34,2" doraHai="32" who="1" fromWho="1" sc="228,-15,104,78,430,-28,218,-15" /><INIT seed="7,0,0,4,0,119" ten="213,182,402,203" oya="3" hai0="63,111,132,82,104,130,35,89,98,120,51,45,94" hai1="6,134,88,27,74,117,68,40,22,2,31,5,34" hai2="77,24,46,86,41,14,47,58,48,23,44,99,67" hai3="60,4,20,85,19,28,71,73,53,49,108,101,125"/><W80/><G73/><T57/><D35/><U133/><E68/><V106/><F106/><W84/><G125/><T54/><D130/><U79/><E40/><V61/><F99/><W13/><G108/><T114/><D132/><N who="1" m="50795" /><E79/><V128/><F128/><W9/><G28/><T62/><D111/><U59/><E74/><V33/><F33/><W16/><G101/><T17/><D104/><U81/><E59/><V26/><F26/><W116/><G116/><T25/><D57/><U7/><E117/><V69/><F69/><W135/><G135/><T103/><D62/><U76/><E76/><V3/><F3/><W11/><G71/><T118/><D63/><U107/><E107/><V32/><F14/><N who="3" m="5415" /><G80/><T42/><D82/><U66/><E66/><V127/><F127/><W124/><G60/><T100/><D118/><U83/><E83/><N who="2" m="47471" /><F32/><W39/><G39/><T93/><D103/><U113/><E113/><V95/><F95/><W110/><G124/><T129/><D114/><U8/><E34/><V121/><F121/><W37/><G37/><T15/><D120/><U1/><E1/><V96/><F96/><W38/><G38/><T36/><D36/><U12/><E2/><V30/><AGARI ba="0,0" hai="23,24,30,41,44,46,47,48,58,61,67" m="47471" machi="30" ten="30,1100,0" yaku="8,1" doraHai="119" who="2" fromWho="2" sc="213,-3,182,-3,402,11,203,-5" owari="210,1.0,179,-32.1,413,51.3,198,-20.2" /></mjloggm>