<mjloggm ver="2.3"><GO type="169" lobby="0"/><UN n0="%E3%81%9F%E3%81%BE%E5%AD%90" n1="%6A%79%75%6E%6F%68" n2="%E8%80%81%E6%A5%BD" n3="%E3%81%9F%E3%81%8B%E3%81%AA" dan="16,18,18,19" rate="2143.12,2247.39,2244.45,2207.68" sx="M,M,M,M"/><TAIKYOKU oya="0"/><INIT seed="0,0,0,2,3,45" ten="250,250,250,250" oya="0" hai0="7,74,11,36,95,49,54,111,77,32,23,80,62" hai1="68,88,14,25,101,26,2,94,67,64,119,93,69" hai2="100,89,38,70,134,63,43,121,126,72,99,30,107" hai3="10,90,3,46,47,22,52,56,31,15,124,81,91"/><T66/><D32/><U17/><E2/><V110/><F121/><W19/><G124/><T117/><D117/><U1/><E1/><V120/><F120/><W48/><G3/><T82/><D36/><U9/><E119/><V24/><F89/><N who="3" m="33803" /><G81/><T34/><D34/><U76/><E76/><V28/><F28/><W60/><G60/><T103/><D111/><U29/><E94/><V12/><F12/><N who="3" m="9575" /><G31/><T114/><D82/><U35/><E101/><V125/><F72/><W129/><G129/><T33/><D33/><U78/><E78/><V87/><F87/><W92/><G92/><T39/><D39/><U59/><E26/><V86/><F86/><W109/><G109/><T57/><D23/><U123/><E123/><V73/><F73/><W84/><G84/><T5/><D114/><U4/><E17/><AGARI ba="0,0" hai="10,15,17,46,47,48,52,56" m="9575,33803" machi="17" ten="30,3900,0" yaku="8,1,52,1,54,1" doraHai="45" who="3" fromWho="1" sc="250,0,250,-39,250,0,250,39" /><INIT seed="1,0,0,4,5,67" ten="250,211,250,289" oya="1" hai0="118,15,75,90,44,115,70,59,117,121,104,36,1" hai1="18,73,114,8,79,24,39,84,116,60,55,52,65" hai2="95,134,13,7,72,50,119,112,105,35,82,88,103" hai3="64,96,122,40,71,68,94,28,53,42,41,98,87"/><U128/><E114/><V54/><F35/><W108/><G122/><T4/><D15/><U100/><E116/><V25/><F119/><W97/><G108/><T38/><D59/><U11/><E73/><V91/><F134/><W61/><G53/><T77/><D90/><U85/><E39/><V78/><F112/><W45/><G28/><T58/><D58/><N who="1" m="37015" /><E100/><V124/><F124/><W30/><G30/><T83/><D115/><U20/><E128/><V66/><F66/><W62/><G62/><T43/><D121/><U129/><E129/><V31/><F7/><W113/><G113/><T126/><D126/><U32/><E32/><V132/><F13/><W133/><G133/><T27/><D27/><U76/><E84/><V110/><F110/><W125/><G125/><T49/><D36/><U23/><E23/><V10/><F10/><N who="1" m="3625" /><E85/><V102/><F105/><W33/><G33/><T107/><D4/><U3/><E3/><V22/><F91/><W131/><G131/><T69/><D1/><U106/><E106/><N who="0" m="40489" /><D49/><U135/><E135/><V37/><F37/><W16/><G61/><T99/><D99/><U123/><E123/><V86/><REACH who="2" step="1"/><F132/><REACH who="2" ten="250,211,240,289" step="2"/><W57/><G64/><T92/><D118/><U6/><E6/><V120/><F120/><W21/><G21/><T51/><D117/><U46/><E46/><AGARI ba="0,1" hai="22,25,31,46,50,54,72,78,82,86,88,95,102,103" machi="46" ten="30,3900,0" yaku="1,1,7,1,54,1,53,0" doraHai="67" doraHaiUra="2" who="2" fromWho="1" sc="250,0,211,-39,240,49,289,0" /><INIT seed="2,0,0,5,4,10" ten="250,172,289,289" oya="2" hai0="120,119,124,122,13,7,18,41,22,84,6,105,130" hai1="58,75,63,62,30,20,8,25,110,83,92,129,88" hai2="47,59,93,66,34,135,102,32,24,23,123,104,12" hai3="109,90,5,111,39,49,95,96,134,28,81,15,36"/><V118/><F123/><W44/><G28/><T99/><D130/><U46/><E129/><V117/><F104/><W29/><G29/><T116/><D41/><U45/><E110/><N who="3" m="41994" /><G81/><T70/><D70/><U128/><E128/><V107/><F107/><W85/><G85/><T1/><D84/><U48/><E63/><N who="2" m="38271" /><F47/><W33/><G33/><N who="2" m="12905" /><F12/><W67/><G67/><T16/><D99/><U64/><E75/><V55/><F55/><N who="3" m="30119" /><G134/><T121/><D105/><U35/><E83/><V17/><F135/><W131/><G131/><T89/><D89/><U125/><E35/><V126/><F126/><W11/><AGARI ba="0,0" hai="5,11,15,36,39,90,95,96" m="30119,41994" machi="11" ten="30,2000,0" yaku="14,1,52,1" doraHai="10" who="3" fromWho="3" sc="250,-5,172,-5,289,-10,289,20" /><INIT seed="3,0,0,3,1,10" ten="245,167,279,309" oya="3" hai0="79,36,76,107,14,105,69,75,125,132,57,131,11" hai1="16,89,130,24,62,33,40,19,133,18,97,90,1" hai2="74,6,99,48,20,21,53,28,88,58,60,22,101" hai3="94,120,32,49,9,25,83,54,38,35,111,51,135"/><W52/><G120/><T110/><D69/><U13/><E1/><V72/><F28/><W108/><G38/><T4/><D110/><N who="3" m="42025" /><G135/><T67/><D132/><U109/><E133/><V95/><F6/><W37/><G37/><T39/><D131/><U81/><E109/><V41/><F41/><W27/><G94/><T104/><D125/><U0/><E0/><V87/><REACH who="2" step="1"/><F48/><REACH who="2" ten="245,167,269,309" step="2"/><N who="3" m="18507" /><G83/><AGARI ba="0,1" hai="20,21,22,53,58,60,72,74,83,87,88,95,99,101" machi="83" ten="40,2600,0" yaku="1,1,54,1,53,0" doraHai="10" doraHaiUra="29" who="2" fromWho="3" sc="245,0,167,0,269,36,309,-26" /><INIT seed="4,0,0,3,2,127" ten="245,167,305,283" oya="0" hai0="50,72,44,65,106,74,13,131,120,8,133,56,114" hai1="115,111,104,98,43,54,45,26,5,23,102,95,28" hai2="61,35,82,107,77,37,84,124,123,2,17,83,135" hai3="19,86,46,94,66,69,63,116,62,24,99,89,121"/><T117/><D120/><U52/><E111/><V20/><F35/><W103/><G116/><T7/><D117/><U122/><E122/><V105/><F37/><W108/><G108/><T101/><D114/><U132/><E132/><V78/><F2/><W15/><G121/><T64/><D133/><U16/><E115/><V126/><F123/><W125/><G125/><N who="2" m="48233" /><F61/><W25/><G46/><T109/><D109/><U38/><E5/><V113/><F113/><W91/><G63/><T97/><D56/><U22/><REACH who="1" step="1"/><E104/><REACH who="1" ten="245,157,305,283" step="2"/><V128/><F135/><W30/><G30/><T47/><D106/><U67/><E67/><V42/><F107/><W96/><G66/><T130/><D64/><U118/><E118/><V12/><F105/><W57/><G19/><T34/><D65/><U81/><E81/><V6/><F6/><W31/><G31/><T134/><D134/><U55/><E55/><V51/><F83/><W90/><G69/><T76/><D7/><U58/><E58/><V100/><F82/><W73/><G57/><T0/><D0/><U119/><E119/><V39/><F17/><W80/><G80/><T112/><D112/><U33/><E33/><V92/><F77/><W21/><G73/><T59/><D34/><U68/><E68/><V14/><F78/><W4/><G4/><N who="0" m="3207" /><D76/><U85/><E85/><V18/><F84/><W88/><G86/><T129/><D74/><U87/><E87/><V48/><F18/><W93/><G62/><T10/><D72/><U110/><E110/><V70/><F70/><W27/><G21/><T75/><D75/><U29/><E29/><RYUUKYOKU ba="0,1" sc="245,-15,157,15,305,-15,283,15" hai1="16,22,23,26,28,38,43,45,52,54,95,98,102" hai3="15,24,25,27,88,89,90,91,93,94,96,99,103" /><INIT seed="5,1,1,4,3,37" ten="230,172,290,298" oya="1" hai0="124,20,77,83,90,112,13,121,97,18,31,6,72" hai1="23,45,7,60,106,53,3,46,19,57,12,81,38" hai2="75,101,134,110,55,130,131,126,2,76,4,103,115" hai3="88,96,62,133,1,120,49,51,56,113,24,30,69"/><U80/><E106/><V109/><F55/><W42/><G120/><T64/><D121/><U21/><E3/><V128/><F4/><W9/><G69/><T41/><D112/><U43/><E7/><V34/><F34/><W47/><G113/><T95/><D124/><U73/><E73/><V35/><F35/><W27/><G133/><T107/><D64/><U28/><REACH who="1" step="1"/><E46/><REACH who="1" ten="230,162,290,298" step="2"/><V58/><F2/><W17/><G1/><T29/><D6/><U85/><E85/><V78/><F75/><W70/><G47/><T93/><D107/><U68/><E68/><V135/><F115/><W48/><G70/><T111/><D111/><N who="2" m="42506" /><F126/><W25/><G56/><T11/><D11/><U79/><E79/><N who="2" m="30251" /><F58/><W14/><G9/><T32/><D77/><U123/><E123/><V8/><F8/><W132/><G132/><AGARI ba="1,2" hai="101,103,128,130,131,132,134,135" m="30251,42506" machi="132" ten="40,12000,2" yaku="28,2,19,1,20,1,34,2" doraHai="37" who="2" fromWho="3" sc="230,0,162,0,290,143,298,-123" /><INIT seed="6,0,0,1,0,9" ten="230,162,433,175" oya="2" hai0="132,122,12,97,83,43,52,67,68,130,48,32,114" hai1="38,92,44,49,27,126,77,111,86,55,80,61,98" hai2="101,31,107,46,23,37,36,63,79,71,14,93,102" hai3="60,47,135,28,42,81,103,65,110,96,88,51,89"/><V125/><F107/><W18/><G110/><T4/><D122/><U91/><E126/><V115/><F79/><W34/><G135/><T120/><D120/><U117/><E111/><V57/><F71/><W26/><G81/><T2/><D132/><U90/><E117/><V70/><F70/><W41/><G41/><T119/><D32/><U33/><E38/><V116/><F31/><W62/><G18/><T39/><D2/><U74/><E33/><V78/><F78/><W129/><G129/><T84/><D130/><U75/><E27/><V59/><F46/><W22/><G34/><T100/><D114/><U8/><E61/><V45/><F45/><W121/><G121/><T50/><D39/><U56/><E56/><V112/><F57/><N who="3" m="37007" /><G62/><T73/><D73/><U20/><E20/><V13/><F59/><W24/><G24/><T16/><D4/><U64/><E64/><V128/><F63/><W35/><G35/><T6/><D6/><U106/><E106/><V87/><F37/><W134/><G134/><T82/><D67/><U85/><REACH who="1" step="1"/><E8/><REACH who="1" ten="230,152,433,175" step="2"/><V95/><F36/><W123/><G123/><T104/><D119/><U69/><E69/><V76/><F116/><W30/><G30/><T133/><D68/><U25/><E25/><V124/><F125/><W54/><G42/><T113/><D133/><U53/><E53/><V108/><F124/><W1/><G1/><T72/><D52/><U19/><E19/><V66/><F108/><W94/><AGARI ba="0,1" hai="22,26,28,47,51,54,88,89,94,96,103" m="37007" machi="94" ten="30,4000,0" yaku="25,1,8,1,54,1" doraHai="9" who="3" fromWho="3" sc="230,-10,152,-10,433,-20,175,50" /><INIT seed="7,0,0,5,5,131" ten="220,142,413,225" oya="3" hai0="87,11,76,59,33,8,90,43,132,13,16,134,7" hai1="112,19,41,51,52,95,79,1,4,56,37,116,9" hai2="93,109,20,24,72,68,83,21,42,62,121,66,44" hai3="39,70,38,5,114,45,34,57,94,6,14,115,133"/><W98/><G70/><T78/><D33/><U54/><E112/><N who="3" m="43050" /><G34/><T12/><D43/><U128/><E128/><V129/><F20/><W15/><G57/><T130/><D130/><U74/><E116/><V53/><F21/><W55/><G55/><T36/><D36/><N who="3" m="13865" /><G45/><T30/><D30/><U126/><E126/><V89/><F53/><W81/><G81/><N who="0" m="49519" /><D59/><U96/><E54/><V104/><F44/><W35/><G35/><T29/><D29/><U65/><E65/><V2/><F42/><W50/><G50/><T124/><D124/><U110/><E110/><V0/><F109/><W17/><G133/><AGARI ba="0,0" hai="7,8,11,12,13,16,76,78,132,133,134" m="49519" machi="133" ten="30,8000,1" yaku="20,1,52,3,54,1" doraHai="131" who="0" fromWho="3" sc="220,80,142,0,413,0,225,-80" owari="300,10.0,142,-35.8,413,51.3,145,-25.5" /></mjloggm>