<mjloggm ver="2.3"><GO type="169" lobby="0"/><UN n0="%75%79%61%6D%61" n1="%E8%B5%A4%E6%AF%9B%E3%81%AE%E3%82%AD%E3%83%A7%E3%83%B3" n2="%E4%BF%BA%54%55%45%45%45%45%45" n3="%73%69%65%72%61%34%30%31" dan="17,18,17,17" rate="2109.89,2309.64,2210.56,2242.81" sx="M,M,M,F"/><TAIKYOKU oya="0"/><INIT seed="0,0,0,4,0,80" ten="250,250,250,250" oya="0" hai0="57,21,11,52,32,93,8,18,114,98,20,84,132" hai1="128,109,122,68,47,56,87,29,55,76,134,129,4" hai2="37,75,10,127,85,25,24,43,54,16,58,7,83" hai3="59,15,63,71,81,126,48,115,31,28,50,44,60"/><T135/><D32/><U66/><E122/><V90/><F127/><W125/><G115/><T92/><D114/><U133/><E29/><V107/><F107/><W23/><G71/><T124/><D124/><U116/><E4/><V30/><F75/><W67/><G125/><T13/><D21/><U38/><E76/><V104/><F104/><W17/><G126/><T111/><D111/><U69/><E87/><V119/><F119/><W94/><G60/><T64/><D64/><U88/><E88/><N who="2" m="51263" /><F37/><W106/><G106/><T72/><D72/><U112/><E112/><V70/><F70/><N who="1" m="27241" /><E109/><V34/><F34/><W89/><G48/><N who="0" m="30855" /><D92/><U33/><E33/><V51/><F30/><W120/><G81/><T108/><D108/><U110/><E110/><V97/><F7/><W45/><G45/><T79/><D79/><U2/><E2/><V1/><F1/><W46/><G46/><T96/><D96/><U5/><E5/><V40/><F97/><N who="3" m="57551" /><G120/><T27/><D27/><N who="2" m="10314" /><F90/><W39/><G39/><T62/><D62/><N who="1" m="38215" /><E116/><V42/><F10/><N who="0" m="3626" /><D98/><U100/><E100/><V86/><F86/><W123/><G123/><T99/><D99/><U105/><E105/><V103/><F103/><W0/><G0/><T22/><D22/><U53/><E38/><V3/><F3/><W117/><G117/><T9/><D9/><U19/><E19/><AGARI ba="0,0" hai="16,19,40,42,43,51,54,58" m="10314,51263" machi="19" ten="30,7700,0" yaku="8,1,52,1,54,2" doraHai="80" who="2" fromWho="1" sc="250,0,250,-77,250,77,250,0" /><INIT seed="1,0,0,0,0,128" ten="250,173,327,250" oya="1" hai0="108,117,6,30,12,118,102,121,14,85,135,134,21" hai1="89,92,83,57,91,44,8,37,17,60,28,106,26" hai2="88,24,100,18,45,105,70,54,132,97,107,133,74" hai3="59,109,86,66,47,116,49,73,48,94,96,51,75"/><U20/><E106/><V76/><F70/><W101/><G109/><T13/><D108/><U81/><E37/><V93/><F54/><W79/><G116/><T126/><D6/><U114/><E114/><V62/><F62/><N who="3" m="38239" /><G73/><T65/><D126/><U77/><E44/><V7/><F7/><W110/><G75/><T131/><D131/><U11/><E91/><V99/><F45/><W38/><G38/><T19/><D30/><U0/><E0/><V98/><F24/><W122/><G110/><T34/><D34/><U31/><E31/><V125/><F18/><W87/><G122/><T130/><D130/><U42/><E42/><V115/><F125/><W22/><G79/><T35/><D35/><U29/><E29/><V61/><F61/><W43/><G49/><T120/><D102/><U52/><E28/><V58/><F58/><W127/><G127/><T78/><D65/><U16/><E17/><V63/><F63/><W129/><G129/><T90/><D78/><U53/><E53/><V50/><F50/><W23/><G48/><T95/><D117/><U10/><E77/><V68/><F68/><W104/><G104/><N who="2" m="40009" /><F115/><W33/><G33/><T119/><D119/><U36/><E36/><V71/><F71/><W3/><G3/><T67/><D67/><U32/><E32/><V2/><F2/><W1/><G1/><T39/><D39/><U123/><E123/><N who="0" m="47177" /><D118/><U46/><E46/><V9/><F100/><W56/><G56/><T25/><AGARI ba="0,0" hai="12,13,14,19,21,25,85,90,95,134,135" m="47177" machi="25" ten="40,5200,0" yaku="13,1,52,2" doraHai="128" who="0" fromWho="0" sc="250,52,173,-26,327,-13,250,-13" /><INIT seed="2,0,0,0,3,59" ten="302,147,314,237" oya="2" hai0="22,85,70,84,26,66,132,8,19,107,131,65,89" hai1="90,62,113,10,78,88,68,51,111,31,114,91,35" hai2="16,86,25,34,30,127,64,129,2,29,105,123,56" hai3="44,49,116,40,53,21,126,60,47,0,11,55,7"/><V104/><F123/><W73/><G116/><T14/><D107/><U80/><E111/><V87/><F2/><W20/><G126/><T94/><D131/><U39/><E39/><V23/><F129/><W93/><G73/><T99/><D132/><U106/><E106/><V45/><F127/><W4/><G4/><T57/><D70/><U41/><E35/><V79/><F105/><W18/><G93/><T61/><REACH who="0" step="1"/><D66/><REACH who="0" ten="292,147,314,237" step="2"/><U130/><E130/><V119/><F64/><W42/><G20/><T76/><D76/><U63/><E68/><V48/><F79/><W36/><REACH who="3" step="1"/><G60/><REACH who="3" ten="292,147,314,227" step="2"/><T69/><D69/><U102/><E63/><V108/><F23/><W50/><G50/><T71/><D71/><U1/><E62/><V115/><F48/><W101/><G101/><T75/><D75/><U72/><E102/><V128/><F104/><W13/><AGARI ba="0,2" hai="0,7,11,13,18,21,36,40,42,44,47,49,53,55" machi="13" ten="20,2700,0" yaku="1,1,0,1,7,1,53,0" doraHai="59" doraHaiUra="24" who="3" fromWho="3" sc="292,-7,147,-7,314,-13,227,47" /><INIT seed="3,0,0,3,4,53" ten="285,140,301,274" oya="3" hai0="98,32,10,20,48,56,0,59,116,72,71,21,54" hai1="91,89,42,31,13,16,107,62,28,51,102,84,46" hai2="101,83,29,52,85,57,100,27,38,22,106,76,35" hai3="81,8,110,49,1,132,47,70,111,82,66,5,77"/><W18/><G132/><T24/><D71/><U112/><E112/><V44/><F106/><W115/><G115/><T11/><D116/><U60/><E107/><V17/><F38/><W130/><G130/><T96/><D72/><U131/><E102/><V126/><F44/><W124/><G124/><T117/><D117/><U94/><E131/><V122/><F122/><W95/><G95/><T88/><D32/><U134/><E134/><V40/><F40/><W108/><G18/><T36/><D36/><U6/><E6/><V2/><F2/><W133/><G133/><T127/><D127/><U78/><E78/><V123/><F123/><W114/><G114/><T74/><D74/><U129/><E129/><V68/><F68/><W33/><G33/><T15/><D0/><U4/><E4/><V86/><F86/><W104/><G104/><T119/><D119/><U135/><E135/><V39/><F39/><W64/><G70/><T19/><D96/><U99/><E31/><V128/><F126/><W93/><G93/><N who="0" m="56615" /><D59/><U69/><E28/><AGARI ba="0,0" hai="10,11,15,19,20,21,24,28,48,54,56" m="56615" machi="28" ten="30,3900,0" yaku="8,1,52,1,54,1" doraHai="53" who="0" fromWho="1" sc="285,39,140,-39,301,0,274,0" /><INIT seed="4,0,0,3,5,79" ten="324,101,301,274" oya="0" hai0="81,6,21,74,20,73,46,37,12,114,68,60,125" hai1="87,54,67,99,47,45,105,26,116,94,51,7,14" hai2="80,70,1,41,134,49,115,10,42,132,90,33,117" hai3="98,111,17,86,76,75,109,124,92,126,2,44,130"/><T38/><D114/><U91/><E116/><V83/><F115/><W39/><G17/><T122/><D122/><U77/><E105/><V5/><F117/><W36/><G2/><T106/><D106/><U104/><E104/><V121/><F121/><W23/><G23/><T8/><D125/><N who="3" m="48233" /><G44/><T135/><D135/><N who="2" m="51754" /><F70/><W63/><G63/><T66/><D74/><U34/><E67/><V48/><F33/><W59/><G59/><T43/><REACH who="0" step="1"/><D38/><REACH who="0" ten="314,101,301,274" step="2"/><U82/><E34/><V3/><F3/><W58/><G36/><T19/><D19/><U78/><E26/><V97/><F48/><W110/><G39/><T85/><D85/><U56/><REACH who="1" step="1"/><E77/><AGARI ba="0,1" hai="6,8,12,20,21,37,43,46,60,66,68,73,77,81" machi="77" ten="40,7700,0" yaku="1,1,52,1,53,1" doraHai="79" doraHaiUra="4" who="0" fromWho="1" sc="314,87,101,-77,301,0,274,0" /><INIT seed="4,1,0,3,3,106" ten="401,24,301,274" oya="0" hai0="45,24,64,20,134,107,31,44,43,94,87,28,95" hai1="0,4,13,89,70,54,56,108,26,35,97,50,65" hai2="84,42,101,131,2,85,125,59,12,80,41,73,47" hai3="48,29,6,83,62,71,118,104,17,75,46,113,78"/><T124/><D107/><U93/><E108/><V3/><F101/><W11/><G118/><T117/><D117/><U98/><E0/><V130/><F59/><W55/><G104/><T52/><D64/><U36/><E36/><V81/><F12/><W19/><G113/><T127/><D134/><U115/><E115/><V96/><F47/><W61/><G29/><T25/><D45/><U38/><E38/><V116/><F125/><N who="0" m="48202" /><D87/><U68/><E65/><V23/><F116/><W18/><REACH who="3" step="1"/><G71/><REACH who="3" ten="401,24,301,264" step="2"/><T5/><D31/><U126/><E126/><V128/><F128/><W7/><G7/><T74/><D5/><U105/><E105/><V102/><F131/><W119/><G119/><T121/><D28/><U27/><E70/><V21/><F130/><W22/><G22/><T58/><D20/><U10/><E68/><V9/><F23/><W16/><N who="3" m="4096" /><DORA hai="60" /><W114/><G114/><T33/><D33/><U99/><REACH who="1" step="1"/><E35/><REACH who="1" ten="401,14,301,264" step="2"/><V69/><F69/><W100/><G100/><T76/><D121/><U91/><E91/><V63/><F102/><W92/><G92/><T109/><D95/><U32/><E32/><V49/><F21/><W14/><AGARI ba="1,2" hai="6,11,14,46,48,55,61,62,75,78,83" m="4096" machi="14" ten="40,8000,1" yaku="1,1,0,1,52,1,54,1,53,0" doraHai="106,60" doraHaiUra="53,111" who="3" fromWho="3" sc="401,-41,14,-21,301,-21,264,103" owari="360,16.0,-7,-50.7,280,-12.0,367,46.7" /></mjloggm>