<mjloggm ver="2.3"><GO type="225" lobby="0"/><UN n0="%E3%82%BC%E3%83%AB%E3%83%80%E3%81%AE%E4%BC%9D%E8%AA%AC" n1="%E6%B2%B3%E7%AB%A5%E3%81%AE%E3%83%AF%E3%82%AB%E3%83%9E%E3%83%84" n2="%E3%81%BF%E3%81%BF%E3%81%9A" n3="%E5%8D%A0%E3%81%84%E5%B8%AB%E8%A3%8F%E3%81%AA%E3%81%84%E3%81%97" dan="17,17,17,17" rate="2116.37,2178.22,2236.20,2188.39" sx="M,M,M,M"/><TAIKYOKU oya="0"/><INIT seed="0,0,0,0,0,13" ten="250,250,250,250" oya="0" hai0="33,8,4,22,112,54,46,51,34,68,73,10,92" hai1="78,105,115,108,30,88,55,95,14,7,72,59,47" hai2="80,120,106,127,90,21,124,39,133,132,103,61,82" hai3="27,91,25,60,79,118,26,128,43,89,129,69,35"/><T9/><D112/><U107/><E115/><V71/><F39/><W83/><G118/><T135/><D73/><U121/><E121/><V18/><F120/><W2/><G35/><T15/><D68/><U85/><E108/><V58/><F71/><W134/><G2/><T36/><D135/><N who="2" m="51786" /><F103/><W29/><G29/><T44/><D92/><U94/><E30/><V56/><F106/><W31/><G31/><T111/><D111/><U81/><E47/><V98/><F98/><W122/><G43/><T24/><D33/><U76/><E76/><V86/><F80/><W102/><G102/><T93/><D34/><U126/><E95/><V6/><F6/><W50/><G50/><N who="0" m="28999" /><D93/><U28/><E28/><V3/><F3/><W74/><G122/><T63/><D63/><U11/><REACH who="1" step="1"/><E126/><REACH who="1" ten="250,240,250,250" step="2"/><N who="2" m="48171" /><F61/><AGARI ba="0,1" hai="7,11,14,55,59,61,72,78,81,85,88,94,105,107" machi="61" ten="30,3900,0" yaku="1,1,7,1,54,1,53,0" doraHai="13" doraHaiUra="130" who="1" fromWho="2" sc="250,0,240,49,250,-39,250,0" /><INIT seed="1,0,0,3,2,20" ten="250,289,211,250" oya="1" hai0="8,41,111,9,72,91,34,105,118,66,135,59,74" hai1="132,110,67,21,73,117,33,49,30,17,0,81,29" hai2="24,7,102,11,16,3,114,93,48,43,58,1,125" hai3="19,122,53,84,23,92,113,129,46,131,78,90,50"/><U32/><E67/><V127/><F1/><W45/><G122/><T4/><D118/><U10/><E49/><V82/><F82/><W40/><G113/><T15/><D105/><U85/><E73/><V116/><F116/><W31/><G31/><N who="1" m="11786" /><E85/><V36/><F36/><W47/><G78/><T104/><D34/><N who="1" m="13419" /><E81/><V86/><F114/><W42/><G42/><T14/><D104/><U120/><E117/><V71/><F71/><W62/><G62/><T56/><D41/><U77/><E77/><V126/><F43/><W37/><REACH who="3" step="1"/><G46/><REACH who="3" ten="250,289,211,240" step="2"/><T65/><D72/><U51/><E120/><V119/><F119/><W52/><G52/><T25/><D74/><U35/><E35/><V89/><F102/><W94/><G94/><T128/><D66/><U87/><E110/><V5/><F5/><W6/><G6/><T124/><D4/><U76/><E76/><V57/><F48/><W109/><G109/><T100/><D65/><U83/><E51/><V13/><REACH who="2" step="1"/><F24/><AGARI ba="0,1" hai="19,23,24,37,40,45,47,50,53,84,90,92,129,131" machi="24" ten="40,2600,0" yaku="1,1,52,1,53,0" doraHai="20" doraHaiUra="98" who="3" fromWho="2" sc="250,0,289,0,211,-26,240,36" /><INIT seed="2,0,0,5,3,127" ten="250,289,185,276" oya="2" hai0="69,61,128,19,94,111,75,65,81,104,90,80,39" hai1="3,22,37,74,44,25,93,124,122,67,53,42,47" hai2="73,106,11,24,132,92,9,112,32,131,28,10,77" hai3="113,118,16,105,12,14,101,60,50,8,82,49,0"/><V100/><F112/><W45/><G118/><T125/><D104/><U120/><E3/><V115/><F115/><W83/><G0/><T1/><D39/><U57/><E74/><V23/><F132/><W99/><G113/><T62/><D1/><U123/><E124/><V48/><F106/><W51/><G45/><T40/><D125/><U70/><E44/><V56/><F32/><W29/><G29/><T66/><D40/><U133/><E133/><V91/><F100/><W68/><REACH who="3" step="1"/><G12/><REACH who="3" ten="250,289,185,266" step="2"/><T54/><D111/><U30/><E47/><V64/><F131/><W85/><G85/><T119/><D128/><U78/><E30/><V26/><F26/><W46/><G46/><T31/><D31/><U35/><E25/><V117/><F117/><W116/><G116/><T6/><D75/><U41/><E41/><V97/><F73/><W86/><G86/><T2/><D2/><U36/><E42/><V13/><F77/><W114/><G114/><T129/><D129/><U95/><E36/><V17/><REACH who="2" step="1"/><F48/><REACH who="2" ten="250,289,175,266" step="2"/><W63/><G63/><AGARI ba="0,2" hai="9,10,11,13,17,23,24,28,56,63,64,91,92,97" machi="63" ten="40,12000,1" yaku="1,1,2,1,8,1,53,1" doraHai="127" doraHaiUra="27" who="2" fromWho="3" sc="250,0,289,0,175,140,266,-120" /><INIT seed="2,1,0,0,5,100" ten="250,289,315,146" oya="2" hai0="53,24,112,65,119,15,132,50,55,128,58,101,123" hai1="118,59,81,60,68,98,109,92,3,73,21,6,126" hai2="57,30,97,77,19,130,94,125,23,133,7,110,115" hai3="87,103,121,135,64,93,71,88,63,4,51,17,45"/><V82/><F115/><W25/><G121/><T114/><D15/><U131/><E118/><V35/><F130/><W29/><G135/><T124/><D24/><U42/><E68/><V13/><F133/><W44/><G4/><T95/><D132/><U89/><E131/><V70/><F70/><W69/><G69/><T9/><D128/><U0/><E109/><V67/><F125/><W129/><G129/><T31/><D31/><U43/><E126/><V37/><F37/><W22/><G103/><T46/><D124/><U41/><E6/><V113/><F113/><W16/><REACH who="3" step="1"/><G44/><REACH who="3" ten="250,289,315,136" step="2"/><T107/><D46/><U90/><E0/><V104/><F7/><W117/><G117/><T111/><D101/><U40/><E3/><V48/><F110/><W38/><G38/><T61/><D119/><U72/><E41/><AGARI ba="1,1" hai="16,17,22,25,29,41,45,51,63,64,71,87,88,93" machi="41" ten="30,7700,0" yaku="1,1,7,1,54,2,53,0" doraHai="100" doraHaiUra="99" who="3" fromWho="1" sc="250,0,289,-80,315,0,136,90" /><INIT seed="3,0,0,2,5,119" ten="250,209,315,226" oya="3" hai0="40,45,18,24,56,82,1,8,88,71,118,39,19" hai1="86,46,64,69,131,91,99,42,29,21,27,60,49" hai2="89,126,106,76,93,59,68,134,26,55,52,3,100" hai3="35,97,51,30,14,115,121,22,123,44,74,5,50"/><W6/><G115/><T116/><D71/><U108/><E131/><V34/><F68/><W23/><G35/><T43/><D43/><U31/><E108/><V79/><F3/><W54/><G74/><T111/><D111/><U7/><E7/><V25/><F126/><W87/><G97/><T117/><D56/><U57/><E69/><V130/><F130/><W90/><G30/><T62/><D62/><U36/><E36/><V12/><F134/><W133/><G133/><T95/><D82/><U77/><E77/><N who="2" m="29771" /><F106/><W94/><G50/><T15/><D1/><U110/><E110/><V65/><F100/><W11/><REACH who="3" step="1"/><G5/><REACH who="3" ten="250,209,315,216" step="2"/><T70/><D116/><U32/><E99/><V103/><F34/><W128/><G128/><T38/><D38/><U48/><E48/><V63/><F103/><W132/><G132/><T4/><D4/><U67/><E32/><V75/><F75/><W114/><G114/><T101/><D101/><U120/><E120/><AGARI ba="0,1" hai="6,11,14,22,23,44,51,54,87,90,94,120,121,123" machi="120" ten="40,12000,1" yaku="1,1,52,3,53,0" doraHai="119" doraHaiUra="112" who="3" fromWho="1" sc="250,0,209,-120,315,0,216,130" owari="250,-15.0,89,-41.1,315,11.5,346,44.6" /></mjloggm>