<mjloggm ver="2.3"><GO type="225" lobby="0"/><UN n0="%E7%B4%94%E6%BD%94%E3%83%94%E3%83%A9%E3%83%8B%E3%82%A2" n1="%E3%82%BC%E3%83%AB%E3%83%80%E3%81%AE%E4%BC%9D%E8%AA%AC" n2="%E3%81%BF%E3%81%BF%E3%81%9A" n3="%E5%91%A8%E6%9D%B1" dan="16,17,17,16" rate="2194.95,2113.42,2251.91,2151.07" sx="M,M,M,M"/><TAIKYOKU oya="0"/><INIT seed="0,0,0,0,1,62" ten="250,250,250,250" oya="0" hai0="65,31,106,129,83,111,20,50,52,74,3,6,14" hai1="117,94,43,37,24,11,60,110,56,12,73,86,34" hai2="67,44,36,58,10,21,18,40,112,70,61,109,87" hai3="105,115,68,26,25,88,121,81,55,130,75,53,119"/><T79/><D129/><U7/><E73/><V63/><F112/><W114/><G105/><T57/><D106/><U17/><E117/><V96/><F109/><W38/><G68/><T45/><D111/><U85/><E110/><V27/><F96/><W69/><G69/><T128/><D128/><U132/><E132/><V49/><F87/><W28/><G38/><T1/><D6/><U133/><E133/><V104/><F104/><W5/><G5/><T77/><D77/><U82/><E94/><V116/><F116/><W32/><G119/><T47/><D47/><U41/><E37/><V125/><F125/><W131/><G32/><T71/><D71/><U13/><E24/><V23/><F36/><W22/><G75/><T135/><D135/><U92/><E92/><V42/><F42/><N who="1" m="15881" /><E82/><V84/><F84/><W4/><G81/><T9/><D9/><N who="1" m="6287" /><E34/><V16/><F10/><W19/><G130/><T107/><D107/><U39/><E39/><V46/><F46/><W95/><G131/><T89/><D89/><U120/><E120/><V127/><F127/><W66/><G121/><T99/><D99/><U51/><E51/><V48/><F48/><W93/><G88/><T126/><D126/><U8/><E8/><V76/><F76/><W29/><G115/><T101/><D101/><U54/><AGARI ba="0,0" hai="7,11,13,54,56,60,85,86" m="6287,15881" machi="54" ten="30,1100,0" yaku="8,1" doraHai="62" who="1" fromWho="1" sc="250,-5,250,11,250,-3,250,-3" /><INIT seed="1,0,0,4,1,127" ten="245,261,247,247" oya="1" hai0="129,43,80,128,81,74,90,49,96,33,124,103,108" hai1="121,113,32,20,133,63,22,77,30,131,64,5,85" hai2="13,94,53,51,12,0,17,115,104,84,45,122,79" hai3="78,10,73,40,14,29,123,118,97,99,69,82,91"/><U70/><E113/><V102/><F0/><W106/><G69/><T57/><D124/><U34/><E121/><V65/><F122/><W11/><G123/><T101/><D33/><U8/><E133/><V93/><F115/><W62/><G118/><T28/><D28/><U25/><E131/><N who="0" m="50249" /><D108/><U100/><E32/><V42/><F104/><W35/><G106/><T116/><D116/><U58/><E58/><V126/><F65/><W26/><G40/><T71/><D71/><U88/><E100/><N who="0" m="38473" /><D74/><U54/><E54/><V9/><F126/><W24/><G73/><T31/><D31/><U68/><E77/><V56/><F102/><W41/><G78/><T2/><D2/><U83/><REACH who="1" step="1"/><E70/><REACH who="1" ten="245,251,247,247" step="2"/><V38/><F79/><W23/><G35/><T66/><D66/><U87/><E87/><V135/><F84/><W48/><G99/><T52/><D43/><U92/><E92/><AGARI ba="0,1" hai="49,52,57,80,81,90,92,96" m="38473,50249" machi="92" ten="30,8000,1" yaku="19,1,52,3,54,1" doraHai="127" who="0" fromWho="1" sc="245,90,251,-80,247,0,247,0" /><INIT seed="2,0,0,0,4,20" ten="335,171,247,247" oya="2" hai0="9,16,102,19,50,15,87,128,84,4,0,63,112" hai1="10,44,24,30,98,132,70,31,48,115,14,77,125" hai2="62,116,33,67,61,56,27,2,49,88,18,46,133" hai3="41,114,118,32,134,111,71,86,107,51,53,110,108"/><V5/><F116/><W80/><G107/><T36/><D36/><U81/><E115/><V119/><F119/><W59/><G118/><T82/><D112/><U25/><E125/><V91/><F133/><W38/><G114/><T100/><D128/><U76/><E70/><V93/><F2/><W85/><G134/><T35/><D35/><U90/><E132/><V39/><F5/><W22/><G32/><T120/><D120/><U129/><E129/><V113/><F113/><W8/><G71/><T11/><D84/><N who="1" m="50447" /><E98/><V123/><F123/><W105/><G105/><T89/><D63/><U55/><E30/><V29/><F39/><W79/><G38/><T64/><D64/><U126/><E126/><V68/><F18/><W97/><G97/><T45/><D19/><N who="1" m="8663" /><E31/><V7/><F7/><W95/><G110/><T94/><D94/><U60/><E60/><V109/><F93/><W72/><G95/><T104/><D104/><U37/><E37/><V73/><F73/><W13/><G111/><T131/><D131/><U106/><E106/><V96/><F96/><W28/><G108/><T54/><AGARI ba="0,0" hai="0,4,9,11,15,16,45,50,54,82,87,89,100,102" machi="54" ten="20,8000,1" yaku="0,1,7,1,25,2,54,1" doraHai="20" who="0" fromWho="0" sc="335,80,171,-20,247,-40,247,-20" /><INIT seed="3,0,0,0,5,65" ten="415,151,207,227" oya="3" hai0="53,75,126,78,17,104,30,79,20,115,116,92,16" hai1="72,85,39,28,2,35,19,134,97,109,98,132,125" hai2="113,66,41,48,5,15,55,91,102,8,110,108,89" hai3="56,71,10,21,101,93,51,6,111,36,34,14,49"/><W45/><G34/><T74/><D104/><U43/><E72/><V1/><F113/><W106/><G106/><T44/><D116/><U60/><E109/><N who="2" m="42091" /><F102/><W123/><G111/><T68/><D68/><U70/><E2/><V38/><F41/><W37/><G71/><T105/><D105/><U117/><E117/><V82/><F38/><W32/><G32/><T95/><D126/><U3/><E3/><V128/><F128/><W73/><G123/><T135/><D135/><U29/><E85/><V22/><F82/><W129/><G129/><T57/><D44/><U13/><E125/><V119/><F119/><W42/><G73/><T103/><D103/><U64/><E43/><V114/><F66/><W46/><G56/><T80/><D115/><U25/><E29/><V52/><F114/><W127/><G127/><T88/><D92/><U58/><E39/><V11/><F22/><W23/><G37/><T7/><D7/><U94/><E58/><N who="2" m="33031" /><F55/><N who="3" m="30127" /><G36/><T112/><D112/><U90/><REACH who="1" step="1"/><E98/><AGARI ba="0,0" hai="6,10,14,21,23,42,46,51,93,98,101" m="30127" machi="98" ten="30,1500,0" yaku="8,1" doraHai="65" who="3" fromWho="1" sc="415,0,151,-15,207,0,227,15" /><INIT seed="3,1,0,0,3,55" ten="415,136,207,242" oya="3" hai0="81,17,115,134,111,43,86,72,32,85,121,87,13" hai1="124,114,29,79,105,7,25,56,68,130,41,28,3" hai2="58,39,99,21,60,97,75,102,61,113,35,101,126" hai3="129,12,0,2,52,132,89,30,48,16,76,88,123"/><W23/><G123/><T125/><D121/><U74/><E114/><V120/><F35/><W122/><G122/><T63/><D32/><U49/><E68/><V131/><F39/><W95/><G132/><T14/><D115/><U98/><E124/><V22/><F120/><W103/><G129/><T84/><D72/><U112/><E112/><V42/><F113/><W26/><G76/><T128/><D125/><U135/><E135/><V47/><F75/><W9/><G103/><T38/><D38/><U119/><E130/><V51/><F131/><W67/><G67/><T90/><D43/><U80/><E119/><V83/><F83/><W106/><G106/><T24/><D111/><U77/><E77/><V110/><F110/><W71/><G71/><T4/><D4/><U8/><E41/><V18/><F61/><W33/><G9/><T31/><D31/><U50/><E50/><V73/><F73/><W6/><G6/><T116/><D116/><U46/><E46/><V19/><F126/><W11/><G11/><T27/><D14/><U94/><E105/><V133/><F133/><W107/><G107/><T78/><D134/><U91/><REACH who="1" step="1"/><E25/><REACH who="1" ten="415,126,207,242" step="2"/><N who="2" m="14519" /><F102/><W65/><G48/><T53/><D86/><U44/><E44/><V96/><F101/><W37/><G37/><T109/><D85/><U108/><E108/><V100/><F100/><W57/><G26/><T69/><D109/><U117/><E117/><V66/><F99/><W118/><G118/><T70/><D128/><U104/><E104/><V10/><F97/><W34/><G89/><T127/><D127/><U5/><E5/><RYUUKYOKU ba="1,1" sc="415,-10,126,30,207,-10,242,-10" hai1="3,7,8,28,29,49,56,74,79,80,91,94,98" owari="415,51.5,156,-34.4,197,-20.3,232,3.2" /></mjloggm>