<mjloggm ver="2.3"><GO type="169" lobby="0"/><UN n0="%E6%B2%B3%E7%AB%A5%E3%81%AE%E3%83%AF%E3%82%AB%E3%83%9E%E3%83%84" n1="%E3%82%B5%E3%82%AF%E3%83%A9%E3%81%B5%E3%81%B6%E3%81%8D" n2="%E3%81%AF%E3%81%84%E3%82%8C%E3%81%AB%E3%82%83%E3%82%93" n3="%E5%A4%A9%E7%A9%BA%E3%81%AE%E6%8A%80" dan="17,17,16,16" rate="2182.37,2203.85,2044.97,2141.02" sx="M,M,M,M"/><TAIKYOKU oya="0"/><INIT seed="0,0,0,5,3,32" ten="250,250,250,250" oya="0" hai0="113,56,10,68,75,132,17,77,38,12,55,4,8" hai1="93,104,100,123,27,58,129,34,112,130,52,47,94" hai2="118,80,92,23,79,117,44,66,14,105,46,31,53" hai3="134,86,61,9,115,25,0,5,119,42,83,67,57"/><T20/><D113/><U50/><E123/><V135/><F105/><W116/><G134/><T13/><D68/><U35/><E112/><V36/><F135/><W33/><G115/><T3/><D132/><U120/><E120/><V64/><F92/><W98/><G42/><T72/><D38/><U88/><E104/><V45/><F36/><W63/><G98/><T81/><D75/><U30/><E35/><V51/><F31/><W110/><G110/><T114/><D114/><U127/><E127/><V1/><F14/><W74/><G74/><T128/><D128/><N who="1" m="49259" /><E100/><V90/><F1/><W49/><G49/><T126/><D126/><U91/><E47/><N who="2" m="17995" /><F23/><W101/><G101/><T39/><D39/><U131/><N who="1" m="49267" /><U82/><DORA hai="121" /><E91/><V19/><F90/><W95/><G95/><T54/><REACH who="0" step="1"/><D56/><REACH who="0" ten="240,250,250,250" step="2"/><U70/><E70/><V29/><F46/><W71/><G71/><T65/><D65/><U85/><AGARI ba="0,1" hai="27,30,34,50,52,58,82,85,88,93,94" m="49267" machi="85" ten="40,5200,0" yaku="19,1,54,2" doraHai="32,121" who="1" fromWho="1" sc="240,-26,250,62,250,-13,250,-13" /><INIT seed="1,0,0,3,5,47" ten="214,312,237,237" oya="1" hai0="121,98,28,97,131,38,42,85,96,108,100,77,63" hai1="86,17,69,117,123,65,4,32,91,93,46,92,21" hai2="99,106,49,83,118,12,59,37,25,129,109,22,18" hai3="75,62,107,115,105,36,95,9,48,80,122,71,116"/><U134/><E123/><V94/><F118/><W3/><G115/><T44/><D121/><U5/><E117/><V45/><F109/><W31/><G36/><T81/><D108/><U130/><E32/><V54/><F129/><W78/><G122/><T10/><D131/><U60/><E130/><V89/><F106/><W135/><G135/><T8/><D100/><U82/><E134/><V126/><F126/><W35/><G95/><T2/><D2/><U128/><E128/><V104/><F104/><W66/><G31/><T87/><D28/><U102/><E46/><V23/><F37/><W110/><G35/><T50/><D38/><U52/><E52/><V119/><F83/><W13/><G3/><T6/><D6/><U125/><E125/><V51/><F119/><W16/><G110/><T64/><REACH who="0" step="1"/><D87/><REACH who="0" ten="204,312,237,237" step="2"/><U30/><E30/><N who="2" m="17719" /><F45/><W74/><G116/><T120/><D120/><U24/><E102/><V79/><F79/><W133/><G133/><T70/><AGARI ba="0,1" hai="8,10,42,44,50,63,64,70,77,81,85,96,97,98" machi="70" ten="30,7900,0" yaku="1,1,0,1,52,1,53,1" doraHai="47" doraHaiUra="61" who="0" fromWho="0" sc="204,89,312,-39,237,-20,237,-20" /><INIT seed="2,0,0,0,5,119" ten="293,273,217,217" oya="2" hai0="101,108,113,4,41,73,33,31,86,35,8,57,81" hai1="105,133,58,85,29,115,66,98,67,74,24,21,28" hai2="116,135,11,92,64,2,6,100,14,94,47,104,27" hai3="34,122,78,46,93,117,37,71,52,65,102,131,61"/><V75/><F116/><W125/><G131/><T36/><D113/><U63/><E115/><V97/><F135/><W3/><G34/><T95/><D108/><U23/><E74/><V60/><F75/><W82/><G125/><T107/><D107/><U77/><E133/><V5/><F5/><W121/><G3/><T88/><D31/><U50/><E105/><V70/><F2/><W45/><G117/><T127/><D127/><U90/><E77/><V32/><REACH who="2" step="1"/><F47/><REACH who="2" ten="293,273,207,217" step="2"/><W109/><G46/><T13/><D73/><U22/><E29/><AGARI ba="0,1" hai="6,11,14,27,29,32,60,64,70,92,94,97,100,104" machi="29" ten="40,12000,1" yaku="1,1,2,1,25,2,53,1" doraHai="119" doraHaiUra="26" who="2" fromWho="1" sc="293,0,273,-120,207,130,217,0" /><INIT seed="2,1,0,0,3,120" ten="293,153,337,217" oya="2" hai0="109,81,116,9,43,27,99,49,63,5,134,79,126" hai1="66,48,73,58,114,123,78,72,30,45,10,111,105" hai2="121,71,57,29,117,11,40,54,91,77,110,65,34" hai3="131,113,97,35,19,101,135,18,12,69,84,33,64"/><V46/><F117/><W23/><G131/><T28/><D116/><U53/><E123/><V94/><F121/><W7/><G135/><T50/><D134/><U36/><E105/><V127/><F127/><W26/><G7/><T115/><D126/><U85/><E114/><V93/><F77/><W22/><G84/><T59/><D99/><U21/><E10/><V83/><F34/><W14/><G26/><T107/><D107/><U98/><E98/><V39/><F29/><W2/><G2/><T8/><D115/><U106/><E106/><V102/><F102/><W42/><G42/><T80/><D43/><U128/><E128/><V15/><F83/><W90/><G90/><T70/><D70/><U16/><E30/><V41/><F41/><W3/><G3/><T37/><D37/><U119/><E119/><V88/><F94/><W0/><G0/><T31/><D5/><U104/><E104/><V68/><F65/><W67/><G113/><T4/><D4/><U76/><E36/><V74/><F74/><W86/><G86/><T124/><D124/><U130/><E130/><V108/><F68/><W82/><G82/><T6/><D80/><U38/><E38/><V47/><F47/><W62/><REACH who="3" step="1"/><G67/><REACH who="3" ten="293,153,337,207" step="2"/><T44/><D81/><U133/><E133/><V122/><F91/><W60/><G60/><T17/><D63/><N who="1" m="38263" /><E85/><V87/><F122/><W96/><G96/><T51/><D6/><U129/><E129/><V118/><F118/><W13/><G13/><T132/><D132/><U32/><E76/><V55/><F87/><W20/><G20/><N who="0" m="15463" /><D79/><U56/><E78/><RYUUKYOKU ba="1,1" sc="293,-10,153,-10,337,-10,207,30" hai3="12,14,18,19,22,23,33,35,62,64,69,97,101" /><INIT seed="3,2,1,4,4,23" ten="283,143,327,237" oya="3" hai0="104,88,83,55,15,87,7,56,26,95,100,80,2" hai1="122,3,89,127,10,37,9,117,103,22,125,86,112" hai2="84,57,116,21,126,28,1,102,134,18,101,8,113" hai3="129,27,135,81,20,19,118,78,0,25,6,48,44"/><W68/><G118/><T73/><D2/><U62/><E122/><V121/><F116/><W50/><G68/><T69/><D69/><U79/><E117/><V90/><F113/><W45/><G129/><T35/><D104/><U119/><E119/><V105/><F126/><N who="1" m="48137" /><E112/><V132/><F121/><W91/><G135/><N who="2" m="51753" /><F28/><W12/><G0/><T94/><D7/><U93/><E37/><V24/><F57/><W33/><G6/><T60/><D15/><U82/><E3/><V13/><F105/><W41/><G91/><T92/><D100/><U75/><E103/><V63/><F63/><W110/><G33/><T67/><D67/><U124/><N who="1" m="48145" /><U72/><DORA hai="34" /><E72/><V99/><F99/><W42/><G110/><T71/><D71/><U77/><E77/><V4/><F13/><W115/><G115/><T31/><REACH who="0" step="1"/><D83/><AGARI ba="2,1" hai="1,4,8,18,21,24,83,84,90,101,102" m="51753" machi="83" ten="30,3900,0" yaku="20,1,52,2" doraHai="23,34" who="2" fromWho="0" sc="283,-45,143,0,327,55,237,0" /><INIT seed="4,0,0,2,2,109" ten="238,143,382,237" oya="0" hai0="53,61,122,88,18,76,51,105,39,108,16,37,107" hai1="69,62,84,22,77,15,95,60,30,134,68,56,5" hai2="59,32,8,3,78,1,70,89,92,80,118,11,94" hai3="81,119,131,14,90,46,12,99,83,67,52,44,135"/><T21/><D122/><U130/><E130/><V123/><F70/><W128/><G119/><T7/><D76/><U111/><E111/><V35/><F123/><W40/><G67/><T41/><D108/><U54/><E134/><V31/><F59/><W65/><G65/><T47/><D7/><U36/><E36/><V113/><F31/><W85/><G135/><T93/><D61/><U2/><E2/><V28/><F28/><W34/><G34/><T17/><D21/><U79/><E68/><V49/><F49/><W55/><G99/><T103/><D103/><U117/><E117/><V45/><F89/><W0/><G0/><T97/><REACH who="0" step="1"/><D39/><REACH who="0" ten="228,143,382,237" step="2"/><U42/><E69/><V23/><F23/><W38/><G38/><T112/><D112/><U6/><E62/><V48/><F78/><W33/><G33/><T106/><D106/><U129/><E77/><V64/><F113/><W74/><G74/><T104/><D104/><U63/><E63/><V110/><F32/><W72/><G72/><T115/><D115/><U75/><E75/><V102/><F102/><W116/><G116/><T120/><D120/><U101/><E101/><V126/><F35/><W73/><G73/><T125/><D125/><U57/><E79/><V98/><F126/><W20/><G20/><T96/><D96/><U133/><E5/><V127/><F98/><W26/><G90/><T58/><AGARI ba="0,1" hai="16,17,18,37,41,47,51,53,58,88,93,97,105,107" machi="58" ten="30,11700,0" yaku="1,1,0,1,54,2,53,0" doraHai="109" doraHaiUra="27" who="0" fromWho="0" sc="228,127,143,-39,382,-39,237,-39" /><INIT seed="4,1,0,4,1,105" ten="355,104,343,198" oya="0" hai0="17,16,29,117,72,79,119,31,21,1,88,67,71" hai1="103,95,115,104,42,35,13,61,76,10,48,0,100" hai2="53,93,99,5,128,63,74,86,59,106,84,97,91" hai3="96,54,80,27,60,83,58,107,3,38,77,49,52"/><T111/><D1/><U81/><E35/><V68/><F128/><W43/><G3/><T92/><D71/><U130/><E104/><V102/><F5/><W22/><G83/><T65/><D111/><U87/><E130/><V23/><F68/><W85/><G38/><T134/><D134/><U19/><E115/><V69/><F69/><W33/><G33/><T89/><D79/><U41/><E0/><V118/><F118/><W126/><G126/><T109/><D92/><U9/><E61/><V66/><F66/><W11/><G11/><T45/><D21/><U120/><E120/><V78/><F23/><W50/><G43/><T34/><D34/><U110/><E110/><V113/><F113/><W125/><G125/><T26/><D109/><U101/><E9/><V129/><F129/><W20/><G20/><T46/><D26/><U94/><REACH who="1" step="1"/><E41/><REACH who="1" ten="355,94,343,198" step="2"/><V57/><F63/><W108/><G108/><T24/><D24/><U127/><E127/><V73/><F106/><W124/><G124/><T133/><D133/><U116/><E116/><V122/><F122/><W15/><G60/><T12/><D12/><U132/><E132/><V2/><F2/><W55/><G15/><T90/><D90/><U75/><E75/><AGARI ba="1,1" hai="16,17,29,31,45,46,65,67,72,75,88,89,117,119" machi="75" ten="25,18000,2" yaku="22,2,52,2,54,2" doraHai="105" who="0" fromWho="1" sc="355,193,94,-183,343,0,198,0" owari="548,64.8,-89,-58.9,343,14.3,198,-20.2" /></mjloggm>