<mjloggm ver="2.3"><GO type="169" lobby="0"/><UN n0="%E6%B7%B3%E5%AD%90%E3%81%A7%E3%81%99" n1="%E3%82%88%E3%81%97%E3%81%A0%E3%81%84%E3%81%9F%E3%82%8B" n2="%E5%9B%BD%E7%8E%8B" n3="%E8%99%9A%E6%B7%B5%E7%8E%84" dan="17,16,16,17" rate="2180.46,2166.46,2175.83,2212.88" sx="M,M,M,F"/><TAIKYOKU oya="0"/><INIT seed="0,0,0,4,4,86" ten="250,250,250,250" oya="0" hai0="66,45,81,132,55,135,87,106,44,32,31,67,90" hai1="98,40,117,130,12,0,61,111,115,91,123,46,3" hai2="119,30,10,1,13,85,122,38,92,43,104,69,72" hai3="116,64,80,15,112,50,83,77,62,89,99,29,51"/><T127/><D106/><U19/><E117/><V39/><F30/><W88/><G112/><T22/><D32/><U68/><E123/><V63/><F92/><W53/><G116/><T96/><D127/><U2/><E111/><V70/><F13/><W52/><G29/><T65/><D55/><N who="3" m="21065" /><G99/><T42/><D96/><U11/><E130/><V4/><F85/><N who="3" m="48271" /><G83/><T41/><D132/><U120/><E120/><V76/><F122/><W57/><G15/><T21/><D135/><U8/><E115/><V35/><F119/><W6/><G6/><T37/><REACH who="0" step="1"/><D31/><REACH who="0" ten="240,250,250,250" step="2"/><U113/><E113/><V94/><F35/><W78/><G78/><T5/><D5/><U48/><E98/><V107/><F76/><W129/><G129/><T18/><D18/><U9/><E19/><V71/><F4/><W101/><G101/><T74/><D74/><U95/><E0/><V27/><F72/><W17/><G17/><T108/><D108/><U124/><E2/><V110/><F110/><W54/><G50/><AGARI ba="0,1" hai="21,22,37,41,42,44,45,50,65,66,67,81,87,90" machi="50" ten="40,3900,0" yaku="1,1,52,1,53,0" doraHai="86" doraHaiUra="34" who="0" fromWho="3" sc="240,49,250,0,250,0,250,-39" /><INIT seed="0,1,0,4,2,132" ten="289,250,250,211" oya="0" hai0="104,0,74,127,39,23,26,51,115,45,78,118,99" hai1="68,79,123,53,28,88,17,33,87,37,34,133,48" hai2="102,105,6,82,89,109,52,7,44,84,2,19,56" hai3="13,49,11,98,58,10,128,22,103,5,35,3,83"/><T25/><D118/><U106/><E106/><V116/><F109/><W86/><G128/><T31/><D0/><U101/><E101/><V12/><F116/><W60/><G35/><T46/><D115/><U125/><E37/><V29/><F29/><W80/><G22/><T16/><D39/><U38/><E38/><V76/><F2/><W61/><G49/><T130/><D130/><U66/><E123/><V64/><F102/><W42/><G42/><T121/><D121/><U21/><E133/><V108/><F105/><W110/><G110/><T135/><D104/><U71/><E79/><V18/><F18/><W70/><G70/><T95/><D74/><U32/><E66/><V43/><F64/><W65/><G61/><T114/><D78/><U131/><E28/><V119/><F108/><W93/><REACH who="3" step="1"/><G86/><REACH who="3" ten="289,250,250,201" step="2"/><T27/><D135/><U14/><E131/><V94/><F43/><W129/><G129/><T9/><D114/><U92/><REACH who="1" step="1"/><E125/><REACH who="1" ten="289,240,250,201" step="2"/><V50/><F119/><W113/><G113/><T96/><D127/><U4/><E4/><AGARI ba="1,2" hai="3,4,5,10,11,13,58,60,65,80,83,93,98,103" machi="4" ten="30,2000,0" yaku="1,1,7,1,53,0" doraHai="132" doraHaiUra="73" who="3" fromWho="1" sc="289,0,240,-23,250,0,201,43" /><INIT seed="1,0,0,2,3,102" ten="289,217,250,244" oya="1" hai0="0,134,100,119,104,90,23,15,76,13,26,122,89" hai1="17,95,21,93,54,112,69,73,115,129,9,18,48" hai2="106,2,30,111,75,98,127,61,121,59,27,91,52" hai3="63,20,64,124,36,57,74,132,70,88,25,16,87"/><U12/><E129/><V42/><F121/><W77/><G36/><T53/><D0/><U62/><E73/><V109/><F2/><W51/><G132/><T135/><D119/><U1/><E69/><V71/><F75/><W82/><G124/><T24/><D76/><U3/><E62/><V41/><F127/><W118/><G118/><T105/><D100/><U101/><E1/><V4/><F4/><W65/><G51/><T85/><D85/><U84/><E3/><V32/><F71/><W107/><G107/><T37/><D53/><U96/><E93/><N who="2" m="56639" /><F106/><W43/><G43/><T131/><D23/><U46/><REACH who="1" step="1"/><E84/><REACH who="1" ten="289,207,250,244" step="2"/><V113/><F113/><W11/><G70/><T123/><REACH who="0" step="1"/><D37/><REACH who="0" ten="279,207,250,244" step="2"/><U10/><E10/><V34/><F34/><W120/><G11/><T133/><D133/><U68/><E68/><V117/><F117/><W79/><G74/><T50/><D50/><U5/><E5/><V103/><F103/><W45/><G120/><T110/><D110/><AGARI ba="0,2" hai="27,30,32,41,42,52,59,61,109,110,111" m="56639" machi="110" ten="30,2000,0" yaku="14,1,54,1" doraHai="102" who="2" fromWho="0" sc="279,-20,207,0,250,40,244,0" /><INIT seed="2,0,0,4,1,99" ten="259,207,290,244" oya="2" hai0="78,0,130,55,17,122,13,63,4,72,129,12,54" hai1="11,18,106,1,41,60,77,66,131,105,132,113,31" hai2="71,98,90,108,86,121,16,102,15,46,21,56,57" hai3="109,53,38,133,128,34,68,44,118,62,10,70,127"/><V2/><F71/><W39/><G10/><T92/><D122/><U30/><E113/><V100/><F121/><W64/><G34/><T45/><D0/><U61/><E77/><V59/><F2/><W134/><G118/><T40/><D4/><U97/><E41/><V135/><F135/><N who="3" m="51723" /><G109/><T14/><D78/><U65/><E132/><V24/><F108/><W116/><G116/><T8/><D72/><U84/><E84/><V29/><F46/><W74/><G74/><T7/><D92/><U110/><E18/><V35/><REACH who="2" step="1"/><F98/><REACH who="2" ten="259,207,280,244" step="2"/><W43/><G70/><T58/><D129/><U119/><E97/><V85/><F85/><W81/><G128/><T82/><D130/><U80/><E131/><V49/><F49/><N who="3" m="28839" /><G127/><T115/><D115/><U75/><E1/><V32/><F32/><W73/><G73/><T112/><D112/><U123/><E123/><V37/><F37/><N who="3" m="13835" /><G81/><AGARI ba="0,1" hai="15,16,21,24,29,35,56,57,59,81,86,90,100,102" machi="81" ten="40,12000,1" yaku="1,1,52,2,54,1,53,1" doraHai="99" doraHaiUra="83" who="2" fromWho="3" sc="259,0,207,0,280,130,244,-120" /><INIT seed="2,1,0,2,3,47" ten="259,207,410,124" oya="2" hai0="111,13,41,92,5,17,28,50,108,117,43,53,90" hai1="63,80,135,127,126,104,97,96,84,45,54,81,71" hai2="132,7,36,119,56,93,114,112,59,95,19,72,94" hai3="62,48,40,32,134,113,76,106,85,118,60,33,20"/><V11/><F119/><W115/><G106/><T77/><D5/><U49/><E135/><V4/><F36/><W101/><G101/><T10/><D77/><U129/><E129/><V87/><F72/><W21/><G76/><T78/><D78/><U61/><E81/><V38/><F38/><W122/><G85/><T125/><D28/><U131/><E131/><V57/><F87/><W37/><G37/><T128/><D125/><N who="1" m="47627" /><E71/><V46/><F46/><W86/><G86/><N who="0" m="52311" /><D128/><U66/><E66/><V39/><F39/><W14/><G14/><T12/><D12/><U100/><E97/><V55/><F55/><W130/><G130/><T116/><D41/><U109/><E109/><N who="0" m="42057" /><D43/><U107/><E107/><V65/><F65/><W102/><G40/><T79/><D79/><AGARI ba="1,0" hai="45,49,54,61,63,79,80,84,96,100,104" m="47627" machi="79" ten="30,2000,0" yaku="18,1,52,1" doraHai="47" who="1" fromWho="0" sc="259,-23,207,23,410,0,124,0" /><INIT seed="3,0,0,0,3,9" ten="236,230,410,124" oya="3" hai0="25,0,61,28,51,3,114,124,20,125,50,44,14" hai1="102,134,108,80,59,2,66,110,18,87,83,1,84" hai2="115,10,111,98,73,109,127,131,106,21,89,56,67" hai3="12,119,99,23,78,72,90,4,95,112,24,88,54"/><W13/><G112/><T39/><D114/><U123/><E123/><V17/><F115/><W45/><G119/><T70/><D39/><U15/><E134/><V22/><F73/><W132/><G132/><T62/><D50/><U93/><E102/><V34/><F34/><W57/><G4/><T58/><D61/><U130/><E130/><V85/><F131/><W8/><G8/><T101/><D101/><U36/><E36/><V129/><F129/><W5/><G5/><T65/><D70/><U97/><E59/><V19/><F98/><W16/><G90/><T11/><D125/><U74/><E74/><V60/><F106/><W118/><G118/><T92/><D92/><U42/><E42/><V86/><F10/><W69/><G69/><T122/><D124/><U37/><E66/><V52/><F67/><W68/><G68/><T47/><D47/><U81/><E37/><V116/><F127/><W82/><G45/><T33/><D33/><U113/><E113/><V126/><F126/><W104/><G104/><T29/><D29/><U120/><E120/><V79/><F79/><W30/><G30/><T53/><REACH who="0" step="1"/><D122/><REACH who="0" ten="226,230,410,124" step="2"/><U41/><E93/><V91/><F116/><W133/><G133/><T77/><D77/><U103/><E103/><V55/><F56/><W49/><AGARI ba="0,1" hai="12,13,16,23,24,49,54,57,72,78,82,88,95,99" machi="49" ten="20,18000,2" yaku="0,1,7,1,52,2,54,2" doraHai="9" who="3" fromWho="3" sc="226,-60,230,-60,410,-60,124,190" /><INIT seed="3,1,0,3,4,47" ten="166,170,350,314" oya="3" hai0="59,43,31,113,106,121,58,132,116,23,4,44,129" hai1="9,119,78,74,123,130,66,135,18,102,10,41,69" hai2="1,99,17,122,21,14,63,67,52,75,20,79,32" hai3="28,84,83,103,33,88,133,8,39,27,40,15,112"/><W45/><G133/><T81/><D106/><U117/><E123/><V111/><F32/><W53/><G103/><T11/><D121/><U126/><E102/><V26/><F111/><W97/><G97/><T54/><D116/><U60/><E135/><V46/><F1/><W134/><G134/><T55/><D129/><U19/><E130/><V128/><F128/><W80/><G53/><T110/><D110/><U76/><E41/><V107/><F122/><W73/><G73/><T85/><D113/><U13/><E126/><V6/><F75/><W72/><G72/><T91/><D132/><U131/><E131/><V105/><F79/><W35/><G112/><T3/><D58/><U94/><E94/><V65/><F99/><W51/><G35/><T82/><D59/><U50/><E50/><V115/><F115/><W86/><G39/><T114/><D81/><U29/><E29/><V0/><F0/><W109/><G109/><T87/><D87/><U42/><E42/><V77/><F77/><W37/><G37/><T118/><D118/><N who="1" m="45067" /><E74/><V24/><F105/><W56/><G56/><T22/><D31/><U96/><E96/><V120/><F107/><W36/><G36/><T127/><D127/><U62/><E60/><V16/><F63/><W70/><G70/><T104/><D104/><U30/><E30/><V100/><F100/><W98/><G98/><T93/><D114/><U68/><E68/><V2/><F120/><W101/><G101/><T49/><REACH who="0" step="1"/><D93/><REACH who="0" ten="156,170,350,314" step="2"/><U92/><E92/><V57/><F57/><W108/><G108/><T90/><D90/><U5/><E5/><RYUUKYOKU ba="1,1" sc="156,15,170,15,350,-15,314,-15" hai0="3,4,11,22,23,43,44,49,54,55,82,85,91" hai1="9,10,13,18,19,62,66,69,76,78" /><INIT seed="4,2,1,2,0,55" ten="171,185,335,299" oya="0" hai0="10,9,40,101,19,112,79,128,78,135,95,22,115" hai1="27,82,66,133,43,116,4,39,69,108,102,62,6" hai2="51,29,113,59,90,60,94,65,35,23,64,96,126" hai3="117,13,28,32,74,63,46,70,47,76,31,81,100"/><T12/><D40/><U87/><E108/><V18/><F126/><W86/><G117/><T57/><D128/><U15/><E116/><V122/><F113/><N who="0" m="43594" /><D135/><U2/><E133/><V123/><F64/><W16/><G74/><T67/><D9/><U125/><E125/><V72/><F72/><W97/><G32/><T33/><D33/><U99/><E2/><V58/><F29/><N who="3" m="11339" /><G70/><T84/><D10/><U92/><E27/><V37/><F37/><W119/><G119/><T134/><D134/><U20/><E20/><V129/><F35/><W93/><G63/><N who="0" m="38383" /><D101/><U106/><E43/><V89/><F129/><W34/><G34/><T91/><AGARI ba="2,1" hai="12,19,22,78,79,84,91,95" m="38383,43594" machi="91" ten="30,3000,0" yaku="15,1,52,1" doraHai="55" who="0" fromWho="0" sc="171,46,185,-12,335,-12,299,-12" /><INIT seed="4,3,0,0,0,108" ten="217,173,323,287" oya="0" hai0="123,114,83,76,94,31,13,29,41,68,60,89,7" hai1="57,85,104,74,0,86,53,1,120,35,65,118,69" hai2="70,116,23,73,107,111,75,88,34,122,48,135,66" hai3="126,43,77,56,125,27,50,15,25,81,49,133,78"/><T127/><D123/><U129/><E120/><V112/><RYUUKYOKU type="yao9" ba="3,0" sc="217,0,173,0,323,0,287,0" hai2="23,34,48,66,70,73,75,88,107,111,112,116,122,135" /><INIT seed="4,4,0,1,4,62" ten="217,173,323,287" oya="0" hai0="79,101,22,75,82,134,131,110,98,40,30,73,20" hai1="107,87,27,116,3,117,7,58,83,81,102,108,86" hai2="47,127,28,135,43,103,93,126,21,4,95,26,77" hai3="33,0,104,34,94,64,118,89,51,97,68,100,41"/><T56/><D131/><U2/><E27/><V66/><F135/><W9/><G118/><T99/><D134/><U18/><E58/><V52/><F77/><W60/><G41/><T5/><D110/><U59/><E59/><V124/><F4/><W57/><G0/><T122/><D122/><U114/><E7/><V132/><F132/><W42/><G9/><T14/><D40/><U65/><E18/><V50/><F103/><W80/><G80/><T49/><D73/><U121/><E102/><V24/><F66/><W29/><G29/><T128/><D128/><U130/><E130/><V37/><F26/><W133/><G133/><T123/><D123/><U1/><E107/><V72/><REACH who="2" step="1"/><F72/><REACH who="2" ten="217,173,313,287" step="2"/><W16/><G100/><T76/><D79/><U53/><E65/><V69/><F69/><W74/><G74/><T31/><D5/><U109/><E121/><V48/><F48/><W44/><G104/><T13/><D101/><U71/><E71/><V12/><F12/><W85/><G68/><T39/><D39/><U46/><E1/><V55/><F55/><W92/><G16/><T67/><D13/><U129/><E129/><V91/><F91/><W78/><G78/><T119/><D14/><U35/><E53/><V96/><F96/><N who="0" m="36906" /><D119/><U61/><E117/><V113/><F113/><W25/><G25/><T105/><D105/><U115/><E116/><V6/><F6/><W17/><G17/><T90/><D90/><U63/><E35/><V10/><F10/><W19/><G19/><T23/><D67/><U36/><E36/><V54/><F54/><W125/><G89/><RYUUKYOKU ba="4,1" sc="217,10,173,10,313,10,287,-30" hai0="20,22,23,30,31,49,56,75,76,82" hai1="2,3,46,61,63,81,83,86,87,108,109,114,115" hai2="21,24,28,37,43,47,50,52,93,95,124,126,127" /><INIT seed="4,5,1,2,5,54" ten="227,183,323,257" oya="0" hai0="59,38,76,29,109,88,131,32,3,95,93,53,113" hai1="27,70,108,50,11,12,2,45,92,46,24,16,74" hai2="67,83,56,80,100,89,97,63,26,4,0,134,72" hai3="42,107,49,40,110,102,119,18,57,36,41,104,61"/><T58/><D38/><U1/><E108/><V44/><F134/><W94/><G110/><T123/><D109/><U37/><E74/><V77/><F26/><W87/><G119/><T128/><D123/><U28/><E70/><V82/><F0/><W6/><G6/><T7/><D113/><U68/><E68/><V125/><F4/><W101/><G36/><T60/><D76/><U117/><E117/><V129/><F129/><N who="0" m="49738" /><D93/><U35/><E92/><V65/><F125/><W20/><G104/><T34/><D29/><U78/><E78/><V133/><F133/><W118/><G107/><T91/><D7/><U85/><E85/><V47/><F65/><N who="3" m="39087" /><G118/><T81/><D81/><U51/><E37/><V105/><REACH who="2" step="1"/><F83/><REACH who="2" ten="227,183,313,257" step="2"/><W52/><G18/><T31/><D3/><U5/><E27/><V9/><F9/><W17/><G17/><T64/><D31/><U8/><E1/><V75/><F75/><W86/><G20/><T23/><D23/><U10/><E10/><V62/><F62/><W73/><G73/><T116/><D116/><U13/><E2/><V124/><F124/><W114/><G114/><T14/><D14/><U98/><E5/><V121/><F121/><W30/><G30/><T126/><D126/><U21/><E8/><V22/><F22/><W55/><G49/><N who="0" m="31023" /><D95/><U122/><E122/><V79/><F79/><W69/><G94/><T66/><D64/><U33/><E33/><AGARI ba="5,2" hai="32,33,34,59,60,66,88,91" m="31023,49738" machi="33" ten="30,11600,0" yaku="19,1,52,2,54,1" doraHai="54" who="0" fromWho="1" sc="227,151,183,-131,313,0,257,0" /><INIT seed="4,6,0,1,1,80" ten="378,52,313,257" oya="0" hai0="109,86,14,4,89,77,7,99,125,38,94,115,96" hai1="91,28,31,84,59,52,87,93,119,134,90,124,10" hai2="62,54,2,61,105,19,25,37,79,106,83,23,47" hai3="110,27,5,81,6,88,97,20,56,82,46,98,114"/><T70/><D70/><U128/><E128/><V57/><F2/><W63/><G110/><T18/><D38/><U126/><E119/><V3/><F3/><W118/><G114/><T64/><D115/><U68/><E68/><V13/><F37/><W78/><G46/><T55/><D125/><N who="1" m="48235" /><E10/><V133/><F133/><W112/><G118/><T122/><D122/><U1/><E1/><V9/><F47/><W73/><G98/><T100/><D64/><U16/><E16/><V30/><REACH who="2" step="1"/><F62/><REACH who="2" ten="378,52,303,257" step="2"/><W116/><G116/><T127/><D127/><U111/><E134/><V32/><F32/><W129/><G112/><T131/><D109/><U53/><E111/><V36/><F36/><W113/><G113/><T66/><D131/><U11/><E11/><V69/><F69/><W34/><G34/><T58/><D4/><U92/><E53/><V49/><F49/><AGARI ba="6,1" hai="28,31,49,52,59,84,87,90,91,92,93" m="48235" machi="49" ten="30,7700,0" yaku="18,1,52,2,54,1" doraHai="80" who="1" fromWho="2" sc="378,0,52,105,303,-95,257,0" /><INIT seed="5,0,0,0,0,67" ten="378,157,208,257" oya="1" hai0="90,100,124,76,79,106,94,114,68,45,71,30,28" hai1="15,22,5,55,118,32,56,122,41,7,105,25,57" hai2="37,26,69,91,95,86,132,99,8,108,49,19,101" hai3="38,128,74,31,60,63,20,87,6,42,4,103,18"/><U82/><E122/><V53/><F108/><W21/><G74/><T92/><D45/><U11/><E118/><V88/><F37/><W65/><G128/><T102/><D90/><U130/><E130/><V131/><F131/><W13/><G103/><T54/><D54/><U98/><E32/><V44/><F132/><W12/><G38/><T35/><D114/><U112/><E112/><V119/><F119/><W66/><G87/><T77/><D35/><U84/><E41/><V81/><F69/><W83/><G83/><T59/><D59/><U129/><E129/><V46/><F46/><W58/><G42/><T27/><D27/><U40/><E40/><V113/><F113/><W51/><G51/><T34/><D76/><U17/><E5/><V3/><F3/><W61/><G31/><T36/><D34/><U29/><E7/><N who="3" m="2602" /><G58/><T0/><D0/><U64/><E64/><N who="3" m="24682" /><G18/><T62/><D62/><U121/><E121/><V133/><F133/><W47/><G47/><T52/><D52/><U23/><E23/><AGARI ba="0,0" hai="12,13,20,21,23,60,61,63" m="24682,2602" machi="23" ten="30,3900,0" yaku="28,2,8,1" doraHai="67" who="3" fromWho="1" sc="378,0,157,-39,208,0,257,39" /><INIT seed="6,0,0,3,0,14" ten="378,118,208,296" oya="2" hai0="29,34,39,26,63,90,30,92,15,50,96,121,36" hai1="69,118,23,120,32,49,81,7,0,74,57,113,111" hai2="126,95,33,99,54,48,16,65,107,88,75,12,84" hai3="110,61,55,66,101,133,73,45,131,24,91,17,130"/><V86/><F126/><W53/><G73/><T1/><D1/><U13/><E81/><V108/><F108/><W21/><G110/><T62/><D121/><U44/><E57/><V11/><F75/><W127/><G133/><T9/><D29/><U10/><E74/><V64/><F33/><W5/><G101/><T115/><D115/><U129/><E69/><V67/><REACH who="2" step="1"/><F107/><REACH who="2" ten="378,118,198,296" step="2"/><W135/><G127/><T104/><D104/><U123/><E111/><V19/><F19/><W125/><G125/><T25/><D34/><U20/><E32/><V128/><F128/><W2/><G131/><T100/><D30/><U37/><E129/><V124/><F124/><W132/><G130/><T89/><D36/><U56/><E113/><V83/><F83/><W114/><G114/><T71/><D39/><U112/><E112/><V109/><F109/><W31/><G135/><T103/><D92/><U85/><E123/><V93/><F93/><W87/><G132/><T134/><D134/><U76/><E120/><V58/><AGARI ba="0,1" hai="11,12,16,48,54,58,64,65,67,84,86,88,95,99" machi="58" ten="30,18000,2" yaku="1,1,0,1,8,1,52,1,54,2,53,0" doraHai="14" doraHaiUra="122" who="2" fromWho="2" sc="378,-60,118,-60,198,190,296,-60" /><INIT seed="6,1,0,4,2,61" ten="318,58,388,236" oya="2" hai0="34,52,18,109,60,90,85,38,2,98,1,0,49" hai1="23,25,83,135,124,42,72,13,27,87,5,82,14" hai2="64,29,32,122,55,10,39,24,9,56,94,127,108" hai3="47,105,4,17,67,6,35,93,71,112,63,28,51"/><V110/><F39/><W15/><G105/><T103/><D109/><N who="2" m="42090" /><F122/><W107/><G107/><T59/><D34/><U43/><E135/><V12/><F127/><W16/><G112/><T48/><D38/><U130/><E130/><V70/><F94/><W114/><G114/><T128/><D128/><U36/><E124/><V129/><F129/><W33/><G17/><T3/><D18/><U120/><E120/><V74/><F74/><W30/><G33/><T76/><D76/><U40/><E36/><V46/><F46/><W132/><G132/><T44/><D44/><U119/><E119/><V26/><F26/><W45/><G45/><T73/><D73/><U100/><E72/><V113/><F113/><W121/><G121/><T123/><D123/><U53/><E27/><V116/><F116/><W95/><G95/><T111/><D111/><U89/><E83/><V11/><F70/><W57/><G71/><T77/><D77/><U117/><E117/><V102/><F102/><W62/><G93/><T84/><D84/><U104/><E100/><V21/><F64/><W54/><G35/><T125/><D125/><U66/><E66/><V22/><F12/><W133/><G133/><T96/><D96/><U78/><E104/><V88/><F88/><W115/><G115/><T118/><D118/><U58/><E89/><V131/><F131/><W79/><G79/><T126/><D126/><U19/><REACH who="1" step="1"/><E5/><REACH who="1" ten="318,48,388,236" step="2"/><N who="3" m="2154" /><G67/><T86/><N who="0" m="0" /><DORA hai="65" /><T92/><D103/><U41/><N who="1" m="10240" /><DORA hai="91" /><U8/><E8/><V99/><F9/><N who="3" m="6255" /><G47/><T7/><D7/><U31/><E31/><AGARI ba="1,1" hai="28,30,31,51,54,57,62,63" m="6255,2154" machi="31" ten="30,2000,0" yaku="8,1,54,1" doraHai="61,65,91" who="3" fromWho="1" sc="318,0,48,-23,388,0,236,33" /><INIT seed="7,0,0,3,4,40" ten="318,25,388,269" oya="3" hai0="74,10,77,126,128,31,85,9,102,114,36,57,60" hai1="21,42,16,12,20,125,97,110,101,49,123,7,108" hai2="39,91,117,22,24,26,32,15,100,45,118,78,66" hai3="53,30,116,83,94,132,89,71,44,59,93,99,38"/><W14/><G116/><T105/><D126/><U103/><E123/><V98/><F78/><W121/><G121/><T11/><D74/><U96/><E42/><V75/><F75/><W58/><G71/><T120/><D120/><U48/><E7/><V64/><F91/><W6/><G132/><T113/><D31/><U46/><E125/><V87/><F87/><W35/><G35/><T55/><D128/><U61/><E61/><V41/><F32/><W23/><G83/><T65/><D36/><U13/><E108/><V76/><F76/><W70/><G70/><T82/><D105/><U5/><E5/><V67/><F15/><W135/><G135/><T25/><D25/><U86/><E110/><V1/><F1/><W134/><G134/><T131/><D102/><U2/><E2/><V119/><REACH who="2" step="1"/><F22/><REACH who="2" ten="318,25,378,269" step="2"/><W109/><G109/><T88/><D77/><U43/><E43/><V54/><F54/><W27/><G38/><T133/><D133/><U56/><E86/><V69/><F69/><W106/><G106/><AGARI ba="0,1" hai="24,26,39,41,45,64,66,67,98,100,106,117,118,119" machi="106" ten="50,3200,0" yaku="1,1,52,1,53,0" doraHai="40" doraHaiUra="18" who="2" fromWho="3" sc="318,0,25,0,378,42,269,-32" owari="318,11.8,25,-47.5,420,52.0,237,-16.3" /></mjloggm>