<mjloggm ver="2.3"><GO type="169" lobby="0"/><UN n0="%6E%61%67%61%69%6D%6F" n1="%68%69%73%61%74%6F%E6%A3%92" n2="%70%6F%6E%2D%65%6E" n3="%6F%6B%62%6F%6B%62" dan="16,16,16,17" rate="2131.30,2119.60,2122.99,2167.69" sx="M,M,F,M"/><TAIKYOKU oya="0"/><INIT seed="0,0,0,5,4,114" ten="250,250,250,250" oya="0" hai0="87,52,46,19,131,42,44,27,85,127,14,17,47" hai1="48,79,77,61,132,24,10,6,76,70,113,93,123" hai2="120,59,135,56,68,103,110,28,23,91,122,73,57" hai3="100,115,40,4,20,116,71,72,104,89,105,34,128"/><T5/><D131/><U0/><E132/><V37/><F68/><W9/><G115/><T43/><D127/><U119/><E123/><V74/><F37/><W39/><G71/><T67/><D67/><U15/><E61/><V96/><F91/><W112/><G34/><T83/><D27/><U66/><E66/><V32/><F32/><W107/><G112/><T38/><D5/><U101/><E70/><V106/><F110/><W30/><G89/><T54/><D83/><U82/><E24/><V78/><F135/><W102/><G20/><T111/><D111/><U90/><E119/><V26/><REACH who="2" step="1"/><F78/><REACH who="2" ten="250,250,240,250" step="2"/><W99/><G39/><T31/><D38/><U35/><E35/><V125/><F125/><W62/><G128/><T45/><D31/><U60/><E113/><V95/><F95/><W3/><G30/><T108/><D108/><U129/><E129/><V130/><F130/><W117/><G104/><T88/><D88/><U7/><E90/><V65/><F65/><W8/><G105/><T75/><D43/><U11/><E82/><V51/><F51/><W98/><G40/><T84/><D42/><U16/><E48/><V29/><F29/><W13/><G62/><T22/><D22/><U97/><E60/><V133/><F133/><W36/><G36/><T21/><D21/><U64/><E64/><V109/><F109/><W124/><G124/><T69/><D69/><U50/><E50/><V58/><N who="2" m="14336" /><DORA hai="134" /><V49/><F49/><W86/><G107/><T63/><D63/><U2/><E77/><V53/><F53/><W25/><G100/><T80/><D54/><RYUUKYOKU ba="0,1" sc="250,-15,250,15,240,15,250,-15" hai1="0,2,6,7,10,11,15,16,76,79,93,97,101" hai2="23,26,28,73,74,96,103,106,120,122" /><INIT seed="1,1,1,3,2,113" ten="235,265,255,235" oya="1" hai0="24,126,110,86,60,100,39,76,72,45,13,16,101" hai1="129,121,70,7,104,62,66,17,106,31,65,23,107" hai2="46,119,103,91,77,40,11,81,133,67,47,53,98" hai3="115,26,112,68,58,131,51,8,25,102,55,123,132"/><U122/><E129/><V99/><F133/><W116/><G123/><T125/><D72/><U44/><E65/><V19/><F67/><W9/><G132/><T84/><D60/><U0/><E31/><V12/><F91/><W35/><G131/><T92/><D24/><U6/><E44/><V34/><F34/><W82/><G68/><T105/><D105/><U22/><E22/><V49/><F119/><W18/><G102/><T64/><D64/><U95/><E95/><V37/><REACH who="2" step="1"/><F103/><REACH who="2" ten="235,265,245,235" step="2"/><W48/><G116/><T130/><D101/><U108/><E121/><V89/><F89/><W56/><G35/><T5/><D130/><U27/><E122/><V61/><F61/><W41/><G115/><T14/><D100/><U28/><E108/><V80/><F80/><W111/><G111/><T75/><D110/><U114/><E114/><V83/><F83/><W109/><G109/><T33/><D33/><U54/><E28/><V118/><F118/><W36/><G112/><T96/><D76/><U2/><E104/><V135/><F135/><W50/><G82/><T69/><D92/><U87/><E106/><V32/><F32/><W21/><G26/><T128/><D128/><U73/><E107/><V88/><F88/><W4/><G41/><T57/><D69/><U74/><E66/><V124/><F124/><W63/><G63/><T97/><D126/><U117/><E70/><V43/><F43/><W52/><G36/><T29/><D39/><U59/><E62/><V79/><F79/><W20/><G50/><T127/><D125/><U85/><E117/><V71/><F71/><RYUUKYOKU ba="1,2" sc="235,-10,265,-10,245,30,235,-10" hai2="11,12,19,37,40,46,47,49,53,77,81,98,99" /><INIT seed="2,2,2,5,1,40" ten="225,255,275,225" oya="2" hai0="39,126,115,98,0,90,88,86,20,119,43,102,120" hai1="6,89,4,116,69,87,79,129,60,31,125,48,38" hai2="35,118,85,75,9,16,109,56,15,47,7,73,59" hai3="55,111,110,33,11,123,53,84,124,131,54,51,72"/><V1/><F118/><W68/><G123/><T49/><D0/><U70/><E38/><V135/><F35/><W52/><G72/><T103/><D120/><U58/><E79/><V57/><F135/><W5/><G68/><T28/><D39/><U81/><E129/><V24/><F24/><W127/><G33/><T30/><D115/><U50/><E31/><V83/><F47/><N who="3" m="27775" /><G84/><T121/><D121/><U76/><E125/><N who="3" m="48202" /><G131/><T66/><D126/><U42/><E70/><V34/><F34/><W77/><G77/><T132/><D132/><U14/><E69/><V22/><REACH who="2" step="1"/><F109/><REACH who="2" ten="225,255,265,225" step="2"/><W18/><G18/><T3/><D119/><U67/><E116/><V94/><F94/><W106/><G106/><T101/><D30/><U29/><E29/><V128/><F128/><W122/><G122/><T13/><D28/><U46/><E6/><V37/><F37/><W21/><G21/><T65/><D20/><U36/><E4/><V95/><F95/><W99/><G99/><T25/><D98/><U80/><E36/><V63/><F63/><W10/><G11/><T108/><D108/><U78/><E50/><V64/><F64/><W93/><G93/><T96/><D66/><U91/><E80/><V19/><F19/><W71/><G71/><T23/><D65/><U97/><E97/><V32/><F32/><W27/><G27/><T74/><D25/><U17/><E78/><AGARI ba="2,3" hai="1,7,9,15,16,22,56,57,59,73,75,78,83,85" machi="78" ten="40,7700,0" yaku="1,1,54,1,53,1" doraHai="40" doraHaiUra="12" who="2" fromWho="1" sc="225,0,255,-83,265,113,225,0" /><INIT seed="2,3,0,0,5,21" ten="225,172,378,225" oya="2" hai0="54,79,131,101,103,56,97,48,41,125,37,14,82" hai1="104,111,16,117,96,89,65,116,107,61,72,4,42" hai2="7,84,43,119,34,129,135,81,109,63,51,100,20" hai3="58,114,6,120,113,112,122,9,53,85,75,59,17"/><V8/><F119/><W94/><G75/><T45/><D131/><U106/><E72/><V67/><F34/><W27/><G94/><T44/><D125/><U66/><E4/><V38/><F38/><W28/><G17/><T128/><D128/><U64/><E42/><V32/><F32/><N who="3" m="20511" /><G85/><T18/><D44/><U108/><E61/><V57/><F135/><W73/><G73/><T10/><D97/><U123/><E123/><N who="3" m="47146" /><G53/><T74/><AGARI ba="3,0" hai="10,14,18,37,41,45,48,54,56,74,79,82,101,103" machi="74" ten="20,1500,0" yaku="0,1,7,1" doraHai="21" who="0" fromWho="0" sc="225,24,172,-7,378,-10,225,-7" /><INIT seed="3,0,0,1,2,75" ten="249,165,368,218" oya="3" hai0="39,88,38,44,69,2,72,102,123,91,97,108,133" hai1="36,0,76,23,96,78,17,113,117,82,71,118,50" hai2="45,25,27,119,13,60,105,127,46,1,124,103,135" hai3="62,56,30,95,14,20,84,128,7,77,65,26,129"/><W6/><G95/><T126/><D123/><U85/><E36/><V4/><F1/><W106/><G106/><T87/><D2/><U48/><E71/><V122/><F119/><N who="1" m="45577" /><E0/><V58/><F103/><W16/><G129/><T3/><D3/><U32/><E32/><V15/><F105/><W10/><REACH who="3" step="1"/><G128/><REACH who="3" ten="249,165,368,208" step="2"/><T34/><D133/><U120/><E120/><V121/><F122/><W90/><G90/><T89/><D89/><N who="1" m="51383" /><E113/><V101/><F121/><W51/><G51/><N who="1" m="19498" /><E96/><V54/><F135/><W59/><G59/><T83/><D39/><U81/><E81/><AGARI ba="0,1" hai="6,7,10,14,16,20,26,30,56,62,65,77,81,84" machi="81" ten="40,12000,1" yaku="1,1,8,1,52,1,54,1,53,1" doraHai="75" doraHaiUra="73" who="3" fromWho="1" sc="249,0,165,-120,368,0,208,130" /><INIT seed="3,1,0,3,2,118" ten="249,45,368,338" oya="3" hai0="29,37,132,130,12,109,81,111,56,47,8,17,31" hai1="13,33,15,91,45,122,115,84,129,112,74,117,23" hai2="28,19,100,46,14,135,39,35,93,102,127,124,22" hai3="98,79,57,80,96,90,119,41,54,2,7,24,94"/><W104/><G119/><T82/><D132/><U21/><E74/><V107/><F107/><W11/><G41/><T65/><D130/><U6/><E33/><V26/><F135/><W27/><G98/><T73/><D37/><U97/><E97/><V40/><REACH who="2" step="1"/><F93/><REACH who="2" ten="249,45,358,338" step="2"/><W61/><REACH who="3" step="1"/><G104/><REACH who="3" ten="249,45,358,328" step="2"/><T108/><D108/><U58/><E117/><V88/><F88/><W77/><G77/><T51/><D111/><U50/><E129/><V116/><F116/><W16/><G16/><T48/><D109/><U3/><E112/><V10/><F10/><W83/><G83/><T32/><D82/><U95/><E115/><V59/><F59/><W68/><G68/><T125/><D81/><U131/><E58/><V110/><F110/><W134/><G134/><T44/><D17/><U52/><E131/><V72/><F72/><AGARI ba="1,2" hai="2,7,11,24,27,54,57,61,72,79,80,90,94,96" machi="72" ten="30,5800,0" yaku="1,1,7,1,53,1" doraHai="118" doraHaiUra="76" who="3" fromWho="2" sc="249,0,45,0,358,-61,328,81" /><INIT seed="3,2,0,4,1,71" ten="249,45,297,409" oya="3" hai0="107,55,39,123,116,88,114,22,33,135,130,38,34" hai1="120,44,99,81,94,49,76,72,78,92,106,95,129" hai2="12,37,132,41,50,58,83,89,122,42,93,30,0" hai3="20,26,64,28,97,15,3,115,69,112,46,84,4"/><W57/><G69/><T133/><D107/><U56/><E56/><V86/><F0/><W119/><G119/><T19/><D116/><U5/><E5/><V109/><F109/><W124/><G124/><T125/><D123/><U32/><E32/><V111/><F111/><W80/><G97/><T25/><D125/><U10/><E10/><V36/><F132/><N who="0" m="50762" /><D130/><U59/><E59/><V14/><F30/><W79/><G3/><T101/><D101/><U100/><E120/><V29/><F29/><W18/><G4/><T48/><D114/><U53/><E78/><V40/><F122/><W128/><G128/><T9/><D9/><U91/><REACH who="1" step="1"/><E129/><REACH who="1" ten="249,35,297,409" step="2"/><V65/><F58/><W131/><G131/><T31/><D34/><U62/><E62/><V27/><F65/><W117/><G117/><T126/><D126/><U73/><E73/><V45/><F45/><W13/><G46/><N who="0" m="28055" /><D33/><U60/><E60/><V74/><F74/><W11/><G57/><T102/><D31/><U51/><E51/><V98/><F50/><W63/><G63/><T43/><D102/><U70/><E70/><V105/><F105/><W82/><G64/><T110/><D110/><U113/><E113/><V23/><F37/><W121/><G121/><T52/><D39/><U96/><AGARI ba="2,1" hai="44,49,53,72,76,81,91,92,94,95,96,99,100,106" machi="96" ten="20,5200,0" yaku="1,1,0,1,7,1,53,1" doraHai="71" doraHaiUra="103" who="1" fromWho="1" sc="249,-15,35,68,297,-15,409,-28" /><INIT seed="4,0,0,5,0,5" ten="234,103,282,381" oya="0" hai0="53,96,3,135,32,134,99,85,68,59,60,31,62" hai1="125,111,29,119,47,51,22,76,24,126,58,6,0" hai2="104,94,109,38,115,130,46,61,49,45,39,88,65" hai3="108,73,19,52,86,74,8,72,71,91,20,35,67"/><T56/><D68/><U106/><E106/><V44/><F104/><W118/><G118/><T112/><D112/><U89/><E119/><V21/><F109/><W2/><G35/><T97/><D3/><U57/><E76/><V34/><F34/><W110/><G67/><T50/><D85/><U43/><E111/><N who="3" m="42538" /><G71/><T124/><D124/><U9/><REACH who="1" step="1"/><E89/><REACH who="1" ten="234,93,282,381" step="2"/><V83/><F88/><W25/><G91/><T127/><D127/><AGARI ba="0,1" hai="0,6,9,22,24,29,43,47,51,57,58,125,126,127" machi="127" ten="40,8000,1" yaku="1,1,2,1,18,1,52,1,53,0" doraHai="5" doraHaiUra="102" who="1" fromWho="0" sc="234,-80,93,90,282,0,381,0" /><INIT seed="5,0,0,1,3,46" ten="154,183,282,381" oya="1" hai0="127,47,131,29,128,130,113,120,83,16,73,123,108" hai1="125,109,135,64,61,114,53,97,101,122,38,2,66" hai2="80,49,102,31,34,20,55,18,112,28,87,23,84" hai3="13,54,70,72,133,67,51,118,17,92,24,32,85"/><U82/><E122/><N who="0" m="46633" /><D73/><U79/><E2/><V0/><F0/><W56/><G133/><T129/><D83/><U37/><E135/><V42/><F34/><W94/><G72/><T93/><D93/><U126/><E114/><V134/><F112/><W95/><G70/><T132/><D113/><U44/><E109/><V60/><F134/><W75/><G75/><T43/><D132/><U11/><E11/><V89/><F60/><W10/><G67/><T76/><D76/><U3/><E3/><V107/><F42/><W63/><G63/><T117/><D108/><U26/><E26/><N who="2" m="14615" /><F102/><W71/><G71/><T27/><D117/><U52/><E66/><V39/><F39/><W62/><G62/><T91/><D91/><U5/><E5/><V14/><F107/><W99/><G85/><T104/><D104/><U74/><E125/><V96/><F96/><W36/><G36/><N who="0" m="21991" /><D127/><U45/><E45/><N who="2" m="28079" /><F87/><W50/><G118/><T35/><N who="0" m="32768" /><DORA hai="81" /><T65/><D65/><U98/><E126/><V8/><F23/><N who="3" m="13423" /><G32/><T100/><D100/><U1/><E101/><V41/><F80/><W119/><G119/><T25/><D25/><U58/><E97/><V111/><F111/><W106/><G106/><T90/><D90/><U9/><E98/><V103/><F103/><W19/><G99/><T48/><D48/><U12/><E38/><V57/><F84/><W78/><G50/><T86/><D86/><U59/><E37/><V77/><F89/><W6/><G78/><T69/><D69/><U105/><E105/><V22/><F77/><W116/><G116/><T30/><D35/><RYUUKYOKU ba="0,0" sc="154,15,183,-15,282,-15,381,15" hai0="16,27,29,30" hai3="6,10,13,19,51,54,56,92,94,95" /><INIT seed="6,1,0,3,0,135" ten="169,168,267,396" oya="2" hai0="95,15,112,5,27,116,66,72,125,132,12,124,122" hai1="8,119,117,19,37,77,91,33,7,64,106,43,14" hai2="129,127,101,17,34,118,105,1,58,113,128,46,75" hai3="82,30,92,76,102,51,38,22,99,10,18,41,9"/><V67/><F34/><W73/><G30/><T111/><D72/><U49/><E106/><V103/><F1/><W115/><G38/><T97/><D122/><U130/><E37/><V114/><F75/><W39/><G39/><T40/><D40/><U56/><E33/><V59/><F17/><W16/><G18/><T21/><D111/><U4/><E130/><V35/><F35/><W36/><G36/><T83/><D83/><U123/><E77/><V108/><F46/><W131/><G131/><T65/><D132/><U70/><E70/><V25/><F25/><W20/><G20/><T57/><D112/><U89/><E123/><V100/><F100/><W47/><G115/><T45/><D45/><U68/><E68/><V24/><F105/><W86/><G73/><T11/><D15/><AGARI ba="1,0" hai="9,10,15,16,22,41,47,51,76,82,86,92,99,102" machi="15" ten="30,3900,0" yaku="7,1,8,1,54,1" doraHai="135" who="3" fromWho="0" sc="169,-42,168,0,267,0,396,42" /><INIT seed="7,0,0,2,1,88" ten="127,168,267,438" oya="3" hai0="81,54,37,62,50,20,29,36,118,57,98,31,15" hai1="99,85,84,69,92,46,23,94,33,102,78,112,122" hai2="16,38,40,11,30,2,77,53,56,5,61,91,127" hai3="82,19,70,101,115,8,10,39,58,66,17,9,87"/><W75/><G70/><T35/><D118/><U47/><E69/><V68/><F91/><N who="3" m="51703" /><G39/><T132/><D132/><U51/><E33/><V52/><F53/><W113/><G75/><T133/><D133/><U73/><E112/><N who="3" m="43082" /><G101/><T32/><D37/><U64/><E64/><V27/><F52/><W4/><G4/><T59/><D36/><U79/><E73/><V100/><F40/><W96/><G96/><T103/><D81/><U21/><E51/><V108/><F5/><W71/><G71/><T45/><D59/><U41/><E41/><V63/><F56/><W107/><G107/><T86/><D86/><U135/><E135/><V110/><F38/><W119/><G119/><T48/><D48/><U60/><E99/><V72/><F68/><W22/><G22/><T129/><D129/><U0/><E102/><V93/><F100/><W24/><G24/><T26/><D31/><U104/><E104/><V14/><F30/><W42/><G42/><T90/><D90/><U121/><E0/><V105/><F27/><W12/><G12/><T134/><D15/><U34/><E34/><V117/><F14/><W89/><G89/><T106/><REACH who="0" step="1"/><D134/><REACH who="0" ten="117,168,267,438" step="2"/><U80/><E80/><V125/><F117/><W13/><G13/><T76/><D76/><U116/><E116/><V55/><F77/><W97/><G97/><T3/><D3/><U131/><E131/><V18/><F2/><W6/><G6/><T74/><D74/><U49/><E49/><V44/><F72/><W130/><G130/><T65/><AGARI ba="0,1" hai="20,26,29,32,35,45,50,54,57,62,65,98,103,106" machi="65" ten="20,2700,0" yaku="1,1,0,1,7,1,53,0" doraHai="88" doraHaiUra="128" who="0" fromWho="0" sc="117,37,168,-7,267,-7,438,-13" owari="154,-34.6,161,-23.9,260,6.0,425,52.5" /></mjloggm>