<mjloggm ver="2.3"><GO type="169" lobby="0"/><UN n0="%E3%80%90%E7%BD%AA%E6%AD%8C%E3%80%91" n1="%E5%9C%A7%E5%80%92%E7%9A%84%E3%83%9D%E3%83%B3" n2="%E3%81%9F%E3%81%8B%E3%81%AF%E3%81%97%E3%81%83%E3%81%83%E3%81%83" n3="%E3%81%84%E3%83%BC%E3%81%9F%E3%82%93%EF%BC%A0%E9%9D%92%E8%91%89" dan="17,17,19,17" rate="2150.93,2217.83,2240.37,2155.99" sx="M,M,M,M"/><TAIKYOKU oya="0"/><INIT seed="0,0,0,3,3,110" ten="250,250,250,250" oya="0" hai0="88,61,97,54,82,81,56,55,22,39,50,90,31" hai1="2,80,118,1,70,106,15,76,37,131,92,34,87" hai2="120,69,24,49,113,66,7,121,3,25,21,84,78" hai3="14,74,23,8,26,77,68,128,117,133,111,72,96"/><T30/><D39/><U126/><E106/><V44/><F24/><W116/><G68/><T109/><D109/><U135/><E34/><V98/><F98/><W91/><G111/><T53/><D53/><U122/><E70/><V27/><F27/><W57/><G128/><T59/><D22/><U32/><E32/><V89/><F78/><W134/><G91/><N who="0" m="34859" /><D97/><U123/><E118/><V16/><F7/><W58/><G96/><T79/><D79/><U101/><E37/><V62/><F3/><W65/><G77/><T38/><D38/><U9/><E131/><V42/><REACH who="2" step="1"/><F113/><REACH who="2" ten="250,250,240,250" step="2"/><W114/><G117/><T132/><D132/><U51/><E135/><V0/><F0/><W41/><G116/><T43/><D43/><U105/><E2/><V125/><F125/><W35/><G41/><T100/><D100/><U11/><E126/><V36/><F36/><W112/><G133/><T108/><D108/><U115/><E1/><V129/><F129/><W85/><G134/><T104/><D104/><U99/><E105/><V48/><F48/><W28/><G112/><T63/><D50/><U6/><E115/><V10/><F10/><W94/><G8/><T33/><D33/><U83/><E123/><V20/><F20/><W95/><G114/><T67/><D31/><U127/><E127/><V29/><F29/><W60/><G35/><T18/><D30/><U73/><E122/><V93/><AGARI ba="0,1" hai="16,21,25,42,44,49,62,66,69,84,89,93,120,121" machi="93" ten="20,8000,1" yaku="1,1,0,1,7,1,54,1,53,1" doraHai="110" doraHaiUra="45" who="2" fromWho="2" sc="250,-40,250,-20,240,90,250,-20" /><INIT seed="1,0,0,3,1,88" ten="210,230,330,230" oya="1" hai0="43,71,28,90,0,79,102,6,52,135,9,48,111" hai1="12,119,93,34,72,120,5,7,13,77,94,27,50" hai2="110,91,68,4,112,78,58,89,66,35,86,122,121" hai3="92,11,41,3,32,123,51,99,1,115,33,16,104"/><U14/><E120/><V39/><F68/><W106/><G123/><T134/><D71/><U126/><E119/><V82/><F35/><W81/><G33/><T70/><D70/><U85/><E72/><V18/><F39/><W38/><G32/><T29/><D79/><U117/><E117/><V49/><F110/><W105/><G38/><T8/><D102/><U74/><E74/><V133/><F133/><N who="0" m="50698" /><D111/><U80/><E126/><V40/><F112/><W10/><G115/><T37/><D43/><U61/><E61/><V131/><F131/><W59/><G81/><T87/><D9/><U60/><E60/><V21/><F4/><W26/><G11/><T24/><D24/><U57/><E34/><V67/><F78/><W44/><G59/><N who="0" m="33159" /><D37/><U100/><E100/><V2/><F40/><W130/><G130/><T62/><D62/><U114/><E114/><V95/><F121/><W53/><G41/><T96/><D96/><U64/><E64/><V45/><F122/><W116/><G116/><T107/><D107/><U56/><E27/><N who="2" m="14775" /><F58/><N who="1" m="22633" /><E50/><V36/><F36/><W129/><G129/><T65/><D65/><U19/><E19/><V84/><F2/><W47/><G47/><T83/><AGARI ba="0,0" hai="0,6,8,28,29,83,87,90" m="33159,50698" machi="83" ten="30,2000,0" yaku="20,1,54,1" doraHai="88" who="0" fromWho="0" sc="210,20,230,-10,330,-5,230,-5" /><INIT seed="2,0,0,1,4,0" ten="230,220,325,225" oya="2" hai0="72,57,97,88,129,120,81,58,104,135,116,87,98" hai1="19,128,49,23,52,43,76,134,5,84,105,99,27" hai2="65,53,24,37,31,17,13,121,94,70,92,64,26" hai3="59,78,39,115,10,44,15,100,1,73,101,35,41"/><V63/><F121/><W34/><G115/><T106/><D120/><U77/><E128/><V50/><F37/><W68/><G68/><T22/><D129/><U48/><E134/><V74/><F74/><W132/><G132/><T126/><D135/><U40/><E5/><V6/><F65/><W130/><G130/><T36/><D36/><U114/><E114/><V80/><F80/><N who="3" m="45135" /><G15/><T21/><D72/><U20/><E84/><V61/><F61/><W7/><G59/><T30/><D126/><U18/><E105/><V54/><F54/><W28/><G28/><T55/><D116/><U12/><E99/><V38/><F38/><W67/><G67/><T103/><D30/><U71/><E71/><V90/><F31/><W91/><G91/><T124/><D124/><U46/><REACH who="1" step="1"/><E40/><REACH who="1" ten="230,210,325,225" step="2"/><V127/><F127/><W8/><G8/><T107/><D107/><U85/><E85/><V2/><F70/><W108/><G108/><T112/><D112/><U96/><E96/><V66/><F2/><W111/><G111/><T42/><D42/><U95/><E95/><V86/><F92/><W11/><G11/><T133/><D133/><U102/><E102/><AGARI ba="0,1" hai="1,7,10,34,35,39,41,44,100,101,102" m="45135" machi="102" ten="30,2000,0" yaku="25,1,52,1" doraHai="0" who="3" fromWho="1" sc="230,0,210,-20,325,0,225,30" /><INIT seed="3,0,0,0,4,90" ten="230,190,325,255" oya="3" hai0="20,64,124,58,131,84,111,8,42,2,60,46,72" hai1="1,79,126,16,132,38,0,77,12,113,37,99,78" hai2="134,25,109,62,104,18,83,105,4,47,112,117,73" hai3="88,26,41,53,71,30,102,128,27,13,81,74,69"/><W59/><G128/><T43/><D72/><U129/><E113/><V116/><F112/><W100/><G41/><T21/><D131/><U101/><E129/><V82/><F4/><W87/><G74/><T103/><D111/><U75/><E75/><V91/><F47/><W98/><G13/><T29/><D124/><U10/><E126/><V127/><F62/><W92/><G102/><T119/><D119/><U122/><E122/><V55/><F55/><W130/><G130/><T61/><D103/><U89/><E89/><V97/><F18/><W49/><REACH who="3" step="1"/><G26/><REACH who="3" ten="230,190,325,245" step="2"/><T54/><D42/><U6/><E132/><V135/><F25/><W9/><G9/><T3/><D8/><U40/><E40/><V44/><F134/><W14/><G14/><T121/><D121/><U52/><E1/><V35/><F135/><W86/><G86/><T125/><D84/><U17/><E0/><V118/><F73/><W76/><G76/><T95/><D125/><U33/><E37/><V66/><F127/><W68/><G68/><T107/><D2/><U63/><E38/><V123/><F123/><W23/><AGARI ba="0,1" hai="23,27,30,49,53,59,69,71,81,87,88,92,98,100" machi="23" ten="20,18000,2" yaku="1,1,0,1,7,1,52,1,54,1,53,1" doraHai="90" doraHaiUra="48" who="3" fromWho="3" sc="230,-60,190,-60,325,-60,245,190" /><INIT seed="3,1,0,3,3,67" ten="170,130,265,435" oya="3" hai0="16,88,48,86,132,35,127,39,92,25,61,1,85" hai1="99,93,97,11,49,22,121,74,84,53,80,113,37" hai2="27,59,114,118,33,43,54,130,105,58,90,29,5" hai3="57,73,129,124,125,19,70,68,117,75,20,64,87"/><W122/><G122/><T0/><D39/><U30/><E121/><V34/><F114/><W103/><G117/><T18/><D127/><N who="3" m="48713" /><G103/><T62/><D132/><U13/><E37/><V77/><F118/><W46/><G87/><T89/><D35/><U102/><E74/><N who="3" m="28170" /><G129/><T15/><D25/><U38/><E38/><V123/><F27/><N who="3" m="14751" /><G46/><T50/><D15/><U82/><E113/><V71/><F130/><W131/><G131/><T12/><D12/><U91/><E99/><V120/><F33/><W79/><G79/><T66/><D66/><U104/><E22/><V51/><F34/><W126/><N who="3" m="48721" /><W96/><DORA hai="41" /><G96/><T24/><D24/><U111/><E30/><V52/><F77/><W17/><G17/><T119/><D119/><U32/><E32/><V72/><F29/><W83/><G83/><T42/><REACH who="0" step="1"/><D92/><REACH who="0" ten="160,130,265,435" step="2"/><U7/><REACH who="1" step="1"/><E111/><REACH who="1" ten="160,120,265,435" step="2"/><V8/><F120/><W98/><G98/><T60/><D60/><AGARI ba="1,2" hai="57,60,64,68,70" m="14751,28170,48721" machi="60" ten="50,9600,0" yaku="18,1,52,2" doraHai="67,41" who="3" fromWho="0" sc="160,-99,120,0,265,0,435,119" /><INIT seed="3,2,0,0,2,41" ten="61,120,265,554" oya="3" hai0="13,4,115,101,130,116,104,23,113,132,31,29,43" hai1="32,1,48,58,49,2,66,47,85,118,69,9,55" hai2="57,103,119,76,87,97,83,93,39,100,56,75,68" hai3="0,92,123,73,38,120,112,88,65,30,6,25,106"/><W20/><G73/><T91/><D116/><U71/><E32/><V44/><F119/><W33/><G112/><T129/><D91/><U22/><E118/><V81/><F68/><W17/><G106/><T108/><D101/><U98/><E98/><V114/><F100/><W53/><G38/><T34/><D104/><U42/><E22/><V72/><F114/><N who="0" m="43530" /><D43/><U62/><E71/><V133/><F133/><W40/><G40/><T28/><D34/><U80/><E9/><V109/><F109/><W36/><G65/><T64/><D64/><U59/><REACH who="1" step="1"/><E69/><REACH who="1" ten="61,110,265,554" step="2"/><V134/><F97/><W128/><G20/><T45/><D108/><U14/><E14/><V121/><F134/><W95/><G33/><T51/><D132/><U63/><E63/><V11/><F11/><W18/><G123/><T99/><D99/><U82/><E82/><V35/><F83/><W102/><G120/><T86/><D23/><U15/><E15/><V117/><F81/><W27/><G0/><T90/><D13/><U122/><E122/><V110/><F121/><W96/><G96/><T61/><D61/><U54/><E54/><V24/><F117/><W52/><G53/><N who="0" m="29935" /><D4/><U111/><E111/><V26/><F110/><W78/><G6/><T8/><D8/><U94/><E94/><AGARI ba="2,1" hai="28,29,31,86,90,94,129,130" m="29935,43530" machi="94" ten="30,2000,0" yaku="11,1,52,1" doraHai="41" who="0" fromWho="1" sc="61,36,110,-26,265,0,554,0" /><INIT seed="4,0,0,1,1,18" ten="97,84,265,554" oya="0" hai0="106,58,74,93,63,78,22,98,30,16,73,59,24" hai1="119,124,37,21,17,31,64,57,1,26,83,34,102" hai2="61,69,15,5,66,90,116,86,126,71,56,125,79" hai3="99,105,97,85,42,65,95,104,25,4,27,47,121"/><T28/><D106/><U52/><E37/><V127/><F79/><W51/><G121/><T91/><D59/><U9/><E119/><V11/><REACH who="2" step="1"/><F116/><REACH who="2" ten="97,84,255,554" step="2"/><W128/><G128/><T103/><D103/><U87/><E102/><V81/><AGARI ba="0,1" hai="5,11,15,56,61,66,69,71,81,86,90,125,126,127" machi="81" ten="30,7900,0" yaku="1,1,2,1,0,1,18,1,53,0" doraHai="18" doraHaiUra="109" who="2" fromWho="2" sc="97,-39,84,-20,255,89,554,-20" /><INIT seed="5,0,0,0,3,118" ten="58,64,344,534" oya="1" hai0="2,70,98,29,66,87,93,35,38,55,63,111,121" hai1="104,91,1,20,84,116,64,3,122,109,43,120,51" hai2="26,99,123,96,15,34,12,37,134,127,13,39,82" hai3="32,16,117,77,133,45,130,47,88,100,31,101,56"/><U0/><E116/><V57/><F82/><W69/><G69/><T27/><D111/><U115/><E104/><V22/><F34/><W49/><G117/><T59/><D2/><U135/><E64/><V19/><F57/><W95/><G133/><T68/><D38/><U18/><E135/><V105/><F134/><W126/><G31/><T74/><D74/><U89/><E109/><V48/><F48/><W21/><G32/><T67/><D121/><U97/><E97/><V81/><F81/><W76/><G56/><T28/><D28/><U92/><E115/><V65/><F65/><W61/><G61/><T54/><D87/><U114/><E114/><V33/><F33/><W50/><G50/><T11/><D11/><U108/><E108/><V5/><F5/><W7/><G7/><T6/><D6/><U14/><REACH who="1" step="1"/><E89/><REACH who="1" ten="58,54,344,534" step="2"/><V73/><F99/><N who="3" m="57831" /><G130/><T23/><D67/><U42/><E42/><V72/><F96/><W83/><G126/><T125/><D125/><U62/><E62/><V103/><F105/><W113/><G113/><T90/><REACH who="0" step="1"/><D35/><REACH who="0" ten="48,54,344,534" step="2"/><U119/><E119/><V110/><F110/><W79/><G100/><T9/><D9/><U46/><AGARI ba="0,2" hai="0,1,3,14,18,20,43,46,51,84,91,92,120,122" machi="46" ten="40,12000,1" yaku="1,1,0,1,52,2,53,1" doraHai="118" doraHaiUra="80" who="1" fromWho="1" sc="48,-40,54,140,344,-40,534,-40" /><INIT seed="5,1,0,3,3,59" ten="8,194,304,494" oya="1" hai0="115,108,123,125,113,98,78,62,96,33,77,109,104" hai1="42,14,129,110,53,65,112,100,0,97,93,45,71" hai2="122,89,111,6,3,124,19,132,13,5,25,72,26" hai3="103,24,85,52,11,17,22,30,128,9,28,57,80"/><U18/><E0/><V94/><F72/><W20/><G103/><T117/><D33/><U49/><E110/><V15/><F111/><N who="0" m="42570" /><D62/><U81/><E129/><V4/><F122/><W70/><G70/><T55/><D55/><U41/><E112/><N who="0" m="43081" /><D125/><U79/><E71/><V48/><F132/><W130/><G128/><T90/><D90/><U66/><E66/><V21/><F124/><W43/><G43/><T37/><D37/><U91/><E65/><V135/><F135/><W50/><G130/><T60/><D60/><U27/><E27/><V106/><F3/><W127/><G127/><T46/><D46/><U47/><E45/><V61/><F48/><W68/><G28/><T88/><D117/><U131/><E131/><V119/><F119/><W99/><G68/><T29/><D29/><U2/><E2/><V44/><F44/><W8/><G22/><T67/><D67/><U126/><E126/><V12/><F61/><W87/><G30/><T107/><D123/><U75/><E91/><V39/><F39/><W105/><G24/><T56/><D56/><U34/><E34/><V82/><F26/><W23/><G17/><T51/><D51/><U116/><E116/><V86/><F5/><W54/><G54/><T84/><D98/><U92/><E42/><V35/><F35/><W95/><G23/><T69/><D69/><U118/><E41/><V16/><F19/><W73/><G20/><T102/><D107/><N who="1" m="63887" /><E118/><V7/><F106/><W31/><G105/><T1/><D1/><U101/><E101/><V10/><F10/><N who="3" m="2563" /><W36/><DORA hai="32" /><G36/><T40/><D40/><RYUUKYOKU ba="1,0" sc="8,10,194,10,304,10,494,-30" hai0="77,78,84,88,96,102,104" hai1="14,18,47,49,53,75,79,81,92,93" hai2="4,6,7,12,13,15,16,21,25,82,86,89,94" /><INIT seed="5,2,0,0,3,7" ten="18,204,314,464" oya="1" hai0="53,101,20,25,100,14,3,38,89,44,24,50,33" hai1="73,22,48,46,43,54,70,9,130,42,34,56,52" hai2="90,30,5,78,62,8,128,11,65,41,96,31,66" hai3="127,26,49,110,85,107,29,118,113,45,15,40,13"/><U80/><E34/><V91/><F128/><W18/><G107/><T35/><D3/><U109/><E70/><V94/><F78/><W16/><G110/><T132/><D132/><U134/><E109/><V112/><F112/><W75/><G75/><T64/><D64/><U116/><E116/><V19/><F41/><W51/><G127/><T68/><D68/><U87/><E73/><V32/><F32/><W61/><G61/><T58/><D35/><U120/><E120/><V6/><F19/><N who="3" m="7211" /><G113/><T79/><D79/><U2/><E134/><V92/><F96/><W102/><G102/><T119/><D119/><U27/><E130/><V12/><F12/><W71/><G71/><T86/><D33/><U55/><E55/><V129/><F129/><W125/><G125/><T84/><D84/><U77/><E2/><V93/><F93/><W74/><G74/><T0/><D0/><U63/><REACH who="1" step="1"/><E9/><REACH who="1" ten="18,194,314,464" step="2"/><V99/><F99/><W133/><G118/><T76/><D76/><U69/><E69/><V1/><F1/><W126/><G126/><T57/><D14/><U67/><E67/><V121/><F121/><W23/><G133/><T122/><D122/><U114/><E114/><V36/><F36/><W103/><G15/><T123/><D123/><U21/><E21/><V47/><F47/><W106/><G13/><T10/><D10/><U97/><E97/><V124/><F124/><W28/><G45/><T60/><D38/><U111/><E111/><V115/><F115/><W72/><G72/><T104/><D44/><U117/><E117/><V82/><F65/><W135/><G135/><RYUUKYOKU ba="2,1" sc="18,-10,194,30,314,-10,464,-10" hai1="22,27,42,43,46,48,52,54,56,63,77,80,87" /><INIT seed="5,3,1,2,3,96" ten="8,224,304,454" oya="1" hai0="117,90,79,108,112,66,67,39,50,21,1,56,65" hai1="86,26,37,88,20,23,104,42,134,116,124,27,53" hai2="68,14,49,73,29,47,106,132,91,131,109,129,10" hai3="4,38,24,6,114,32,13,33,98,7,30,103,94"/><U48/><E116/><V25/><F109/><W28/><G38/><T52/><D1/><U16/><E124/><V11/><F68/><W121/><G121/><T15/><D108/><U87/><E104/><V80/><F106/><W57/><G114/><T99/><D117/><U111/><E134/><V95/><F80/><W77/><G77/><T119/><D119/><U130/><E130/><N who="2" m="49675" /><F73/><W41/><G41/><T0/><D0/><U54/><E87/><N who="2" m="52735" /><F14/><W125/><G125/><T82/><D39/><U44/><E37/><V63/><F63/><W127/><G127/><T93/><D112/><U35/><E35/><N who="2" m="20911" /><F132/><W128/><G128/><T12/><D21/><U120/><E120/><V135/><F135/><W84/><G84/><AGARI ba="3,1" hai="12,15,50,52,56,65,66,67,79,82,84,90,93,99" machi="84" ten="40,2600,0" yaku="8,1,54,1" doraHai="96" who="0" fromWho="3" sc="8,45,224,0,304,0,454,-35" /><INIT seed="6,0,0,5,5,89" ten="53,224,304,419" oya="2" hai0="128,102,20,73,119,2,45,23,65,121,30,50,27" hai1="131,52,8,42,0,1,43,21,66,5,44,129,19" hai2="84,80,64,75,81,16,134,111,25,132,101,87,117" hai3="39,90,67,38,14,97,17,6,13,56,106,9,7"/><V46/><F117/><W18/><G106/><T115/><D121/><U68/><E1/><V120/><F120/><W79/><G79/><T86/><D73/><U54/><E66/><V107/><F64/><W135/><G135/><N who="2" m="51753" /><F46/><W125/><G125/><T11/><D128/><N who="1" m="49227" /><E68/><V94/><F107/><W85/><G97/><T96/><D115/><U10/><E10/><V69/><F69/><W130/><G130/><T63/><D119/><U126/><E126/><V3/><F3/><W123/><G123/><T74/><D74/><U51/><E43/><V58/><F58/><W133/><G133/><T49/><D11/><U92/><E92/><V41/><F41/><W118/><G118/><T82/><D2/><U88/><E88/><N who="2" m="53511" /><F101/><W109/><G39/><T61/><D45/><U108/><E108/><V99/><F99/><W31/><G109/><T59/><D63/><U83/><E83/><N who="2" m="31819" /><F75/><W77/><G38/><T47/><D47/><U4/><E42/><V55/><F111/><W40/><G40/><T122/><D23/><U48/><E0/><V33/><F55/><W110/><G110/><T105/><REACH who="0" step="1"/><D122/><REACH who="0" ten="43,224,304,419" step="2"/><U35/><E21/><N who="2" m="13479" /><F87/><W62/><G85/><T36/><D36/><U70/><E44/><V95/><F95/><W116/><G116/><T24/><D24/><U124/><E124/><V15/><F15/><W26/><G14/><T57/><D57/><U104/><E70/><V112/><F33/><W28/><G13/><T60/><D60/><U53/><E35/><V72/><F72/><W76/><G62/><T78/><D78/><U114/><E8/><V100/><F112/><RYUUKYOKU ba="0,1" sc="43,15,224,-15,304,15,419,-15" hai0="20,27,30,49,50,59,61,65,82,86,96,102,105" hai2="100" /><INIT seed="6,1,1,4,3,114" ten="58,209,319,404" oya="2" hai0="86,10,105,108,133,121,66,0,78,117,64,22,99" hai1="32,77,36,84,15,48,82,73,26,111,6,49,106" hai2="113,38,39,110,131,3,124,81,56,120,28,11,118" hai3="62,67,72,17,2,103,33,116,87,57,44,112,71"/><V4/><F120/><W29/><G116/><T5/><D108/><U122/><E106/><V42/><F113/><W9/><G72/><T27/><D121/><U127/><E111/><V83/><F110/><W50/><G112/><T30/><D133/><U58/><E36/><V70/><F70/><W7/><G103/><T21/><D78/><U104/><E104/><V65/><F118/><W134/><G134/><T23/><D86/><U40/><E127/><V125/><F28/><W55/><G17/><T80/><D80/><N who="2" m="30794" /><F42/><W96/><G87/><T59/><D66/><U107/><E107/><V75/><F75/><W97/><G29/><T79/><D79/><U93/><E40/><V74/><F74/><W16/><G33/><T13/><D117/><U8/><E122/><V88/><F88/><W119/><G119/><T47/><D47/><U18/><E93/><V63/><F131/><W25/><G71/><T24/><D24/><U115/><E115/><V41/><F41/><W128/><G128/><T92/><D105/><U85/><E85/><V34/><F34/><W68/><G68/><T12/><D12/><U132/><E132/><V129/><F129/><W109/><G109/><T91/><D0/><U100/><E100/><V52/><F65/><W135/><G135/><T37/><D37/><U102/><E102/><V95/><F95/><W31/><G31/><T60/><REACH who="0" step="1"/><D91/><REACH who="0" ten="48,209,319,404" step="2"/><N who="1" m="51607" /><E73/><V51/><F51/><W76/><G76/><T90/><AGARI ba="1,2" hai="5,10,13,21,22,23,27,30,59,60,64,90,92,99" machi="90" ten="20,8000,1" yaku="1,1,0,1,7,1,8,1,53,1" doraHai="114" doraHaiUra="94" who="0" fromWho="0" sc="48,103,209,-21,319,-41,404,-21" /><INIT seed="7,0,0,4,1,58" ten="151,188,278,383" oya="3" hai0="103,16,17,61,19,21,48,36,40,0,79,128,75" hai1="125,30,110,98,108,35,63,10,88,64,54,20,15" hai2="119,84,52,83,46,89,96,114,34,28,93,71,70" hai3="77,130,135,94,57,12,2,25,99,56,112,60,80"/><W131/><G112/><T102/><D0/><U22/><E125/><V53/><F119/><W105/><G105/><T43/><D36/><U73/><E73/><V109/><F109/><W14/><G2/><T111/><D111/><U113/><E54/><V6/><F114/><W26/><G26/><T51/><D75/><U133/><E113/><V68/><F6/><W85/><G25/><T69/><D79/><U39/><E39/><V104/><F28/><W116/><G56/><T45/><D128/><N who="3" m="49193" /><G135/><T47/><D21/><U55/><E55/><V9/><F9/><W101/><G116/><T126/><D126/><U129/><E133/><V132/><F34/><W41/><G41/><T122/><D122/><U42/><E42/><V44/><F132/><W32/><G32/><T18/><N who="0" m="4096" /><DORA hai="106" /><T91/><D91/><U31/><E35/><V59/><F53/><AGARI ba="0,0" hai="12,14,53,57,60,77,80,85,94,99,101" m="49193" machi="53" ten="30,2900,0" yaku="19,1,52,1" doraHai="58,106" who="3" fromWho="2" sc="151,0,188,0,278,-29,383,29" owari="151,-34.9,188,-21.2,249,4.9,412,51.2" /></mjloggm>