<mjloggm ver="2.3"><GO type="225" lobby="0"/><UN n0="%E3%83%96%E3%83%83%E3%83%91%E3%82%AA%E3%83%96%E3%83%81%E3%82%AD%E3%83%B3" n1="%70%6E%64%73%6E%67" n2="%E3%81%BF%E3%81%BF%E3%81%9A" n3="%4C%4F%4C%49%54%41" dan="16,16,17,16" rate="2144.45,2100.72,2259.92,2084.28" sx="M,M,M,F"/><TAIKYOKU oya="0"/><INIT seed="0,0,0,2,0,65" ten="250,250,250,250" oya="0" hai0="99,60,62,41,48,11,119,127,70,91,33,76,6" hai1="66,0,128,64,36,101,3,7,4,16,5,19,30" hai2="92,106,129,29,68,80,47,71,24,49,88,95,2" hai3="61,22,45,59,85,86,105,100,15,67,38,102,54"/><T52/><D119/><U109/><E36/><V20/><F106/><W118/><G118/><T79/><D33/><U131/><E101/><N who="3" m="39018" /><G38/><T133/><D133/><U98/><E98/><V126/><F129/><N who="1" m="49737" /><E30/><V112/><F112/><W78/><G105/><T122/><D122/><U103/><E103/><V110/><F2/><N who="1" m="553" /><E109/><V34/><F110/><W84/><G78/><T9/><D127/><U107/><E107/><V111/><F111/><W39/><G39/><T43/><D99/><U113/><E113/><V23/><F80/><W28/><G28/><T55/><D91/><U125/><E125/><V14/><F95/><W123/><G123/><T40/><D6/><U72/><E72/><V46/><F46/><W63/><G45/><T32/><D32/><U26/><E26/><V8/><F126/><W104/><G104/><T51/><REACH who="0" step="1"/><D41/><REACH who="0" ten="240,250,250,250" step="2"/><U17/><AGARI ba="0,1" hai="4,5,7,16,17,19,64,66" m="553,49737" machi="17" ten="40,8000,1" yaku="28,2,19,1,54,1" doraHai="65" who="1" fromWho="1" sc="240,-40,250,90,250,-20,250,-20" /><INIT seed="1,0,0,2,3,53" ten="200,340,230,230" oya="1" hai0="28,79,62,80,7,114,25,123,127,100,52,93,23" hai1="95,27,87,34,113,11,26,29,107,103,30,135,97" hai2="37,46,17,73,13,125,81,35,77,72,67,15,102" hai3="126,110,101,134,88,39,89,56,86,112,106,132,48"/><U66/><E135/><N who="3" m="51754" /><G39/><T24/><D114/><U99/><E113/><V2/><F2/><W1/><G112/><T122/><D127/><U117/><E117/><V111/><F35/><W83/><G1/><T76/><D7/><U33/><E66/><V133/><F125/><W121/><G126/><T49/><D62/><U78/><E11/><V124/><F133/><W64/><G110/><T19/><D100/><U68/><E68/><V47/><F124/><W44/><G121/><N who="0" m="46091" /><D93/><U119/><E119/><V16/><F111/><W120/><G120/><T98/><D98/><U54/><E54/><V60/><F102/><W50/><G89/><T8/><D80/><U20/><E20/><V75/><F37/><W42/><G101/><T118/><D118/><U9/><E9/><V85/><F13/><W74/><G74/><T38/><D38/><U130/><E78/><N who="0" m="29737" /><D8/><U43/><E97/><V90/><F77/><W36/><G106/><T63/><D63/><AGARI ba="0,0" hai="36,42,44,48,50,56,63,64,83,86,88" m="51754" machi="63" ten="30,3900,0" yaku="20,1,52,1,54,1" doraHai="53" who="3" fromWho="0" sc="200,-39,340,0,230,0,230,39" /><INIT seed="2,0,0,1,2,124" ten="161,340,230,269" oya="2" hai0="19,127,123,10,0,75,41,120,44,89,112,82,98" hai1="21,29,126,56,52,93,79,72,36,113,71,125,85" hai2="86,4,102,99,43,83,96,109,115,11,25,84,16" hai3="97,108,62,12,38,13,53,54,34,105,106,17,67"/><V65/><F115/><W47/><G34/><T94/><D112/><U107/><E71/><V131/><F65/><W74/><G74/><T95/><D127/><N who="1" m="48651" /><E36/><V60/><F60/><W2/><G2/><T59/><D95/><U14/><E107/><V61/><F61/><W8/><G108/><T92/><D92/><U76/><E72/><V24/><F109/><W28/><G28/><T91/><D59/><U77/><E113/><V33/><F43/><W15/><G15/><T80/><D80/><N who="1" m="47239" /><E93/><V119/><F119/><W49/><G38/><T130/><D130/><U66/><E66/><V18/><F131/><W116/><G53/><T110/><D110/><U111/><E111/><V42/><F42/><W39/><G39/><T45/><D91/><U20/><E14/><N who="2" m="5479" /><F33/><W63/><G116/><T48/><D45/><U73/><E29/><V55/><F55/><W133/><G105/><T88/><D89/><U30/><E30/><V81/><F102/><N who="3" m="62799" /><G67/><T69/><D69/><U32/><E32/><V128/><F128/><W9/><G133/><T134/><D134/><U118/><E118/><V114/><F114/><W23/><G62/><T117/><D117/><U7/><E7/><V3/><F3/><W135/><G135/><T57/><D0/><U90/><E90/><N who="2" m="51471" /><F25/><N who="3" m="14575" /><G63/><T121/><D121/><U132/><E132/><V1/><F1/><W78/><G78/><N who="1" m="29706" /><E73/><V46/><F46/><W50/><G50/><AGARI ba="0,0" hai="20,21,50,52,56" m="29706,47239,48651" machi="50" ten="30,2000,0" yaku="18,1,54,1" doraHai="124" who="1" fromWho="3" sc="161,0,340,20,230,0,269,-20" /><INIT seed="3,0,0,1,1,127" ten="161,360,230,249" oya="3" hai0="125,112,132,126,30,66,93,25,61,2,0,27,8" hai1="57,17,10,44,55,16,42,75,18,96,63,134,83" hai2="52,51,82,92,35,114,29,94,38,116,43,120,71" hai3="130,64,5,73,50,104,20,49,100,81,12,78,106"/><W47/><G64/><T36/><D36/><U109/><E109/><V111/><F114/><W62/><G62/><T124/><D112/><U28/><E134/><V113/><F116/><W21/><G130/><T123/><D123/><U72/><E28/><V22/><F35/><W34/><G34/><T121/><D121/><U110/><E110/><V90/><F71/><W46/><G100/><T117/><D117/><U122/><E122/><V119/><F119/><W129/><G129/><T56/><D132/><U128/><E128/><V40/><F38/><W45/><G5/><T131/><D8/><U79/><E75/><V99/><F111/><W84/><G84/><T54/><D131/><U80/><E80/><V85/><F113/><W98/><G98/><T3/><D93/><N who="2" m="35946" /><F99/><W97/><G97/><T4/><D4/><U107/><E10/><V60/><F60/><W1/><G1/><T103/><D103/><U87/><E87/><V88/><F90/><W101/><G101/><T76/><D76/><U15/><E96/><V95/><N who="2" m="35954" /><V39/><DORA hai="133" /><F39/><W14/><G46/><T59/><D30/><U26/><E26/><N who="2" m="16599" /><F120/><W70/><G70/><T68/><D68/><U58/><E42/><V67/><F67/><W115/><G115/><T6/><D6/><U65/><E44/><AGARI ba="0,0" hai="40,43,44,51,52,82,85,88" m="16599,35954" machi="44" ten="30,3900,0" yaku="8,1,54,2" doraHai="127,133" who="2" fromWho="1" sc="161,0,360,-39,230,39,249,0" owari="161,-33.9,321,42.1,269,6.9,249,-15.1" /></mjloggm>