<mjloggm ver="2.3"><GO type="169" lobby="0"/><UN n0="%59%75%74%74%61%6D%61%6E" n1="%E6%BD%94" n2="%E3%81%BB%E3%83%BC%E3%82%8A%E3%83%BC" n3="%E6%84%9A%E5%85%84%E3%81%8C%E6%84%9A%E5%BD%A2" dan="16,16,17,18" rate="2039.11,2070.39,2236.56,2223.28" sx="M,F,M,M"/><TAIKYOKU oya="0"/><INIT seed="0,0,0,3,2,16" ten="250,250,250,250" oya="0" hai0="93,80,135,3,25,75,69,102,5,59,55,29,106" hai1="30,44,52,23,125,110,88,123,109,114,14,79,119" hai2="130,6,50,117,76,65,112,15,56,132,127,121,91" hai3="96,72,67,39,113,82,66,95,86,63,105,68,62"/><T0/><D69/><U128/><E119/><V94/><F121/><W97/><G113/><T45/><D106/><U43/><E123/><V107/><F107/><W103/><G39/><T99/><D135/><U9/><E128/><V85/><F112/><W77/><G97/><T41/><D5/><U100/><E100/><V84/><F127/><W134/><G134/><T131/><D131/><U126/><E114/><V124/><F124/><N who="1" m="47721" /><E79/><V8/><F117/><W17/><G17/><T20/><D80/><U73/><E73/><V34/><F34/><W81/><G81/><T36/><REACH who="0" step="1"/><D75/><REACH who="0" ten="240,250,250,250" step="2"/><U116/><E116/><V61/><F132/><W78/><G72/><T49/><AGARI ba="0,1" hai="0,3,20,25,29,36,41,45,49,55,59,93,99,102" machi="49" ten="20,18000,2" yaku="1,1,2,1,0,1,7,1,52,1,53,1" doraHai="16" doraHaiUra="47" who="0" fromWho="0" sc="240,190,250,-60,250,-60,250,-60" /><INIT seed="0,1,0,5,3,71" ten="430,190,190,190" oya="0" hai0="67,49,43,78,113,112,35,131,42,121,16,34,6" hai1="72,55,129,96,4,103,95,23,15,29,110,27,127" hai2="28,104,80,38,2,89,88,93,74,59,20,31,119" hai3="128,9,63,41,124,94,14,100,45,84,47,75,54"/><T117/><D117/><U111/><E72/><V73/><F2/><W24/><G124/><T101/><D121/><U82/><E127/><V18/><F104/><W77/><G128/><T132/><D101/><U109/><E129/><V98/><F119/><W70/><G75/><T83/><D131/><U5/><E82/><V58/><F38/><W17/><G24/><T66/><D6/><U115/><E115/><V52/><F74/><W122/><G122/><T134/><D16/><N who="1" m="10655" /><E55/><V116/><F58/><W33/><G33/><AGARI ba="1,0" hai="4,5,27,29,33,95,96,103,109,110,111" m="10655" machi="33" ten="30,2000,0" yaku="14,1,54,1" doraHai="71" who="1" fromWho="3" sc="430,0,190,23,190,0,190,-23" /><INIT seed="1,0,0,3,3,58" ten="430,213,190,167" oya="1" hai0="117,78,47,111,96,54,28,19,133,114,110,42,135" hai1="115,122,45,56,76,62,27,119,40,21,66,50,41" hai2="100,82,71,85,105,16,86,1,23,75,7,125,55" hai3="67,93,60,98,9,116,121,126,32,0,102,104,22"/><U113/><E119/><V17/><F71/><W59/><G121/><T8/><D28/><U3/><E122/><V2/><F75/><W131/><G131/><T120/><D120/><U14/><E3/><V101/><F125/><W108/><G108/><N who="0" m="41515" /><D78/><U87/><E14/><V132/><F132/><N who="0" m="50762" /><D96/><U26/><E41/><V35/><F35/><W36/><G126/><T43/><D19/><U127/><E127/><V103/><F105/><W53/><G32/><T48/><D8/><U128/><E128/><V124/><F124/><W95/><G36/><N who="0" m="21959" /><D114/><U84/><E27/><V4/><F101/><W15/><G22/><T77/><D77/><U33/><E33/><V11/><F23/><W64/><G116/><T68/><D117/><U63/><E76/><V44/><F11/><W97/><G104/><T65/><D43/><U73/><E73/><V89/><F89/><W37/><G0/><T79/><D79/><U83/><E115/><V81/><F44/><W51/><G97/><T134/><N who="0" m="50770" /><T129/><DORA hai="91" /><D129/><U38/><E113/><V118/><F118/><W5/><G98/><T18/><D18/><U46/><E21/><V31/><F31/><W6/><G6/><T109/><N who="0" m="41523" /><T72/><DORA hai="49" /><D72/><U39/><E46/><V92/><F92/><N who="3" m="35403" /><G102/><T80/><D80/><U99/><E83/><V13/><F13/><W123/><G123/><T130/><D130/><U69/><E99/><V94/><F94/><W29/><G29/><T20/><D20/><U12/><E12/><V25/><F25/><W112/><G112/><T52/><D48/><U107/><E107/><RYUUKYOKU ba="0,0" sc="430,15,213,-15,190,15,167,-15" hai0="52,54,65,68" hai2="1,2,4,7,16,17,55,81,82,85,86,100,103" /><INIT seed="2,1,0,3,5,130" ten="445,198,205,152" oya="2" hai0="106,69,129,17,99,33,113,95,13,24,45,121,101" hai1="132,104,87,12,10,28,82,100,135,6,125,56,2" hai2="123,107,92,81,25,15,112,94,77,91,128,85,64" hai3="29,102,49,42,124,26,114,89,78,118,109,62,50"/><V22/><F112/><W134/><G118/><T70/><D121/><U58/><E28/><V96/><F123/><W122/><G122/><T14/><D113/><U31/><E31/><V0/><F0/><W23/><G114/><T120/><D120/><U97/><E2/><V111/><F128/><W79/><G109/><T54/><D129/><U76/><REACH who="1" step="1"/><E125/><REACH who="1" ten="445,188,205,152" step="2"/><V36/><F111/><W39/><G124/><T117/><D33/><U127/><E127/><V88/><F36/><W119/><G39/><T41/><D117/><U68/><E68/><V7/><F107/><W59/><G119/><T8/><D70/><U93/><E93/><V98/><F64/><W116/><G116/><T90/><D69/><U27/><E27/><V115/><F115/><W83/><G26/><T4/><D24/><U74/><E74/><V38/><F38/><W103/><G29/><T43/><D106/><U46/><E46/><V60/><F25/><W126/><G126/><T84/><D45/><U47/><E47/><V48/><F48/><W61/><G50/><T131/><D131/><U34/><E34/><V16/><F60/><W110/><G61/><T53/><D43/><U52/><E52/><V133/><REACH who="2" step="1"/><F7/><REACH who="2" ten="445,188,195,152" step="2"/><W1/><G1/><T55/><D41/><U86/><E86/><V51/><F51/><W73/><G49/><T67/><D67/><U5/><E5/><V80/><F80/><W71/><G83/><N who="0" m="49439" /><D55/><U72/><E72/><V44/><F44/><W108/><G73/><T32/><D32/><U35/><E35/><V18/><F18/><W3/><G42/><T9/><AGARI ba="1,2" hai="4,8,9,13,14,17,53,54,95,99,101" m="49439" machi="9" ten="30,2000,0" yaku="5,1,8,1" doraHai="130" who="0" fromWho="0" sc="445,43,188,-6,195,-11,152,-6" /><INIT seed="3,0,0,1,4,18" ten="488,182,184,146" oya="3" hai0="102,118,76,109,115,26,105,81,42,10,80,108,2" hai1="37,50,68,39,29,24,110,61,131,124,17,23,113" hai2="28,66,4,93,125,53,122,114,30,121,54,77,87" hai3="22,135,43,41,94,6,71,56,21,86,58,126,72"/><W100/><G72/><T74/><D118/><U19/><E113/><V130/><F114/><W49/><G71/><T103/><D115/><U20/><E110/><V116/><F116/><W106/><G106/><T78/><D26/><U101/><E131/><V7/><F130/><W91/><G135/><T112/><D112/><U98/><E124/><V97/><F66/><W117/><G117/><T12/><D2/><U40/><E50/><V85/><F125/><W123/><G123/><N who="2" m="47113" /><F53/><N who="3" m="31791" /><G126/><T88/><D42/><N who="3" m="15881" /><G6/><N who="2" m="2089" /><F54/><W51/><G100/><T13/><D103/><U95/><E40/><V62/><F62/><W45/><G45/><T46/><D46/><U84/><E84/><N who="2" m="32331" /><F77/><W33/><G33/><T132/><D132/><U36/><E61/><V35/><F35/><W120/><G120/><T15/><D102/><AGARI ba="0,0" hai="28,30,93,97,102" m="32331,2089,47113" machi="102" ten="30,1000,0" yaku="13,1" doraHai="18" who="2" fromWho="0" sc="488,-10,182,0,184,10,146,0" /><INIT seed="4,0,0,1,5,34" ten="478,182,194,146" oya="0" hai0="106,74,99,94,86,135,8,59,82,31,2,51,79" hai1="81,134,14,21,84,110,30,12,9,54,40,18,57" hai2="128,131,3,55,41,69,61,111,20,101,32,133,90" hai3="116,49,66,89,130,122,23,73,115,22,28,46,37"/><T132/><D31/><U16/><E110/><V83/><F32/><W105/><G116/><T100/><D8/><U50/><E134/><V42/><F111/><W92/><G73/><T58/><D2/><U121/><E121/><V0/><F101/><W26/><G115/><T17/><D17/><U112/><E112/><V64/><F133/><W75/><G75/><T24/><D24/><U53/><E30/><V33/><F33/><W67/><G105/><T91/><D59/><U107/><E107/><V108/><F108/><W127/><G130/><N who="2" m="49705" /><F55/><AGARI ba="0,0" hai="51,55,58,74,79,82,86,91,94,99,100,106,132,135" machi="55" ten="40,3900,0" yaku="24,2" doraHai="34" who="0" fromWho="2" sc="478,39,182,0,194,-39,146,0" /><INIT seed="4,1,0,4,3,10" ten="517,182,155,146" oya="0" hai0="79,72,114,35,107,71,85,90,46,89,104,88,51" hai1="86,78,112,20,92,17,113,7,53,76,28,122,97" hai2="108,83,52,38,134,98,27,115,31,43,45,21,18" hai3="6,95,14,125,56,119,49,12,94,55,3,64,23"/><T102/><D71/><U105/><E122/><V57/><F115/><N who="1" m="44105" /><E105/><V15/><F134/><W62/><G119/><T87/><D35/><U131/><E131/><V73/><F108/><W32/><G32/><T65/><D65/><U75/><E75/><V96/><F83/><W69/><G125/><T116/><D114/><U128/><E128/><V123/><F73/><W121/><G121/><T77/><D116/><U118/><E118/><V130/><F130/><W0/><G0/><T127/><D127/><U63/><E7/><V50/><REACH who="2" step="1"/><F123/><REACH who="2" ten="517,182,145,146" step="2"/><W30/><G3/><T26/><D72/><U2/><E78/><V1/><F1/><W111/><G111/><T91/><D79/><U34/><E2/><V109/><F109/><W24/><REACH who="3" step="1"/><G6/><REACH who="3" ten="517,182,145,136" step="2"/><T84/><D77/><U42/><E76/><V36/><F36/><W66/><G66/><T103/><D107/><U25/><E34/><AGARI ba="1,2" hai="15,18,21,27,31,34,38,43,45,50,52,57,96,98" machi="34" ten="30,7700,0" yaku="1,1,7,1,52,1,54,1,53,0" doraHai="10" doraHaiUra="4" who="2" fromWho="1" sc="517,0,182,-80,145,100,136,0" /><INIT seed="5,0,0,0,5,93" ten="517,102,245,136" oya="1" hai0="67,25,6,13,65,33,120,127,131,19,118,66,7" hai1="56,90,11,87,109,106,59,84,95,119,30,14,132" hai2="78,42,69,75,58,27,105,115,104,48,8,114,51" hai3="50,100,49,15,103,20,62,37,34,70,44,91,94"/><U21/><E119/><V53/><F69/><W133/><G34/><T111/><D120/><U92/><E106/><V81/><F8/><W57/><G133/><T117/><D111/><U12/><E132/><V121/><F121/><W97/><G70/><T38/><D38/><U98/><E109/><V46/><REACH who="2" step="1"/><F27/><REACH who="2" ten="517,102,235,136" step="2"/><W45/><G37/><T88/><D25/><N who="1" m="16687" /><E14/><V134/><F134/><W80/><G15/><T17/><D118/><U36/><E36/><V108/><F108/><W3/><G3/><T128/><D117/><U43/><E43/><V79/><F79/><W129/><G129/><T55/><D7/><N who="1" m="3199" /><E87/><V35/><F35/><W63/><G20/><T1/><D6/><U123/><E123/><V40/><F40/><W31/><G31/><T96/><D33/><U77/><E77/><V64/><F64/><W89/><G50/><T76/><D1/><U116/><E116/><V130/><F130/><W4/><G4/><T9/><D128/><U41/><E41/><V74/><F74/><W2/><G2/><T73/><D131/><U32/><E32/><V16/><F16/><W112/><G49/><T47/><D19/><U83/><E83/><V102/><F102/><AGARI ba="0,1" hai="56,59,84,90,92,95,98,102" m="3199,16687" machi="102" ten="30,2900,0" yaku="8,1,52,1" doraHai="93" who="1" fromWho="2" sc="517,0,102,39,235,-29,136,0" /><INIT seed="5,1,0,3,0,84" ten="517,141,206,136" oya="1" hai0="86,25,37,112,18,68,61,115,12,87,38,124,35" hai1="42,81,94,40,83,32,79,36,8,77,53,134,1" hai2="67,26,97,50,106,39,123,75,101,122,14,15,11" hai3="7,108,102,63,100,49,120,41,93,132,110,126,58"/><U64/><E32/><V21/><F39/><N who="0" m="14858" /><D124/><U103/><E134/><V47/><F75/><W121/><G126/><T44/><D44/><U85/><E64/><V24/><F67/><W55/><G7/><T48/><D48/><U111/><E111/><V28/><F24/><W116/><G132/><T0/><D0/><U74/><E36/><V45/><F15/><W4/><G4/><T104/><D104/><U5/><REACH who="1" step="1"/><E53/><REACH who="1" ten="517,131,206,136" step="2"/><V43/><F45/><W56/><G110/><T59/><D35/><U62/><E62/><V96/><F96/><AGARI ba="1,1" hai="1,5,8,40,42,74,77,79,81,83,85,94,96,103" machi="96" ten="40,2000,0" yaku="1,1,53,0" doraHai="84" doraHaiUra="130" who="1" fromWho="2" sc="517,0,131,33,206,-23,136,0" /><INIT seed="5,2,0,3,1,7" ten="517,164,183,136" oya="1" hai0="14,99,79,57,20,95,49,119,111,18,31,68,53" hai1="6,50,101,113,85,122,63,43,3,39,126,92,94" hai2="33,131,29,127,110,77,118,4,35,80,100,105,47" hai3="93,56,81,26,62,107,104,106,0,58,69,32,72"/><U16/><E122/><V21/><F110/><W27/><G0/><T120/><D68/><U66/><E39/><V96/><F118/><W15/><G93/><T90/><D119/><U37/><E37/><V132/><F127/><W30/><G26/><T130/><D130/><U76/><E113/><V34/><F131/><W117/><G117/><T2/><D2/><U97/><E126/><V121/><F121/><W24/><G24/><T114/><D114/><U87/><E3/><V64/><F132/><W46/><G46/><T9/><D120/><U25/><E6/><V98/><F64/><W11/><G69/><T65/><D111/><U115/><E115/><V60/><F60/><W22/><G32/><T128/><D128/><U38/><E38/><V86/><F47/><W84/><G72/><T108/><D108/><U133/><E133/><V112/><F112/><W109/><G62/><N who="0" m="38095" /><D79/><U55/><E43/><V45/><F45/><W23/><G23/><T134/><D134/><U82/><E63/><V91/><F21/><W74/><G74/><T41/><D41/><U129/><E66/><V52/><F52/><W36/><G36/><T78/><D78/><U125/><E125/><V88/><F4/><W83/><G109/><T51/><D53/><U40/><E40/><V1/><F1/><W70/><G70/><T59/><D59/><N who="1" m="33271" /><E129/><V89/><REACH who="2" step="1"/><F29/><REACH who="2" ten="517,164,173,136" step="2"/><W10/><G30/><T13/><D31/><U75/><E25/><V8/><F8/><W5/><G10/><T17/><AGARI ba="2,1" hai="9,13,14,17,18,20,49,51,90,95,99" m="38095" machi="17" ten="30,2000,0" yaku="8,1,52,1" doraHai="7" who="0" fromWho="0" sc="517,36,164,-12,173,-7,136,-7" /><INIT seed="6,0,0,3,5,88" ten="553,152,166,129" oya="2" hai0="129,4,120,59,70,56,13,30,72,123,106,109,3" hai1="41,77,124,75,37,117,127,121,69,34,103,14,22" hai2="64,6,53,90,116,107,28,0,32,54,25,131,35" hai3="86,93,128,71,134,68,110,46,108,133,44,126,98"/><V125/><F107/><W20/><G20/><T49/><D106/><U31/><E117/><V36/><F36/><W60/><G86/><T91/><D72/><U82/><E69/><V11/><F32/><W83/><G83/><T19/><D70/><N who="3" m="26665" /><G60/><T26/><D109/><N who="3" m="42089" /><G128/><T38/><D38/><U73/><E73/><V122/><F131/><W47/><G98/><T97/><D129/><U1/><E121/><V16/><F122/><W5/><G5/><T40/><D59/><U84/><E34/><V100/><F6/><W92/><G126/><N who="1" m="48170" /><E75/><V67/><F35/><W95/><AGARI ba="0,0" hai="44,46,47,92,93,95,133,134" m="42089,26665" machi="95" ten="40,8000,1" yaku="28,2,52,3" doraHai="88" who="3" fromWho="3" sc="553,-20,152,-20,166,-40,129,80" /><INIT seed="7,0,0,0,1,104" ten="533,132,126,209" oya="3" hai0="41,132,21,128,108,51,26,80,53,115,1,24,122" hai1="50,62,68,3,130,96,73,12,103,91,49,74,58" hai2="124,57,56,29,76,83,105,117,126,125,77,100,9" hai3="98,120,55,59,5,34,17,0,48,38,42,107,2"/><W86/><G34/><T89/><D1/><U37/><E3/><V60/><F117/><W102/><G5/><T90/><D41/><U92/><E37/><V101/><F29/><W116/><G116/><T127/><D80/><U106/><E68/><V13/><F105/><W15/><G42/><T88/><D21/><U87/><E130/><V85/><F77/><W18/><G18/><T33/><D33/><U135/><E135/><V75/><F85/><W47/><G47/><T61/><D61/><U30/><E30/><V10/><F10/><W44/><G44/><T133/><D108/><U78/><E12/><V67/><REACH who="2" step="1"/><F57/><REACH who="2" ten="533,132,116,209" step="2"/><W22/><G86/><T110/><D110/><U66/><E73/><V25/><F25/><N who="0" m="9834" /><D122/><U118/><E118/><V54/><F54/><W79/><G59/><N who="0" m="33215" /><D127/><U36/><E36/><V52/><F52/><W81/><G55/><T71/><D71/><U16/><E16/><AGARI ba="0,1" hai="9,13,16,56,60,67,75,76,83,100,101,124,125,126" machi="16" ten="40,8000,1" yaku="1,1,18,1,52,1,54,1,53,0" doraHai="104" doraHaiUra="114" who="2" fromWho="1" sc="533,0,132,-80,116,90,209,0" owari="533,63.3,52,-44.8,206,-19.4,209,0.9" /></mjloggm>