<mjloggm ver="2.3"><GO type="225" lobby="0"/><UN n0="%E6%A3%AE%E5%B1%B1%E7%94%B0%E7%9B%B4%E5%A4%AA%E6%9C%97%E4%B9%8B%E4%BB%8B" n1="%E3%83%96%E3%83%83%E3%83%91%E3%82%AA%E3%83%96%E3%83%81%E3%82%AD%E3%83%B3" n2="%70%68%65%6E%6F%6D%65" n3="%E9%80%86%E9%80%A3%E5%B8%AF%E3%81%AE%E9%AC%BC" dan="16,16,16,17" rate="2193.97,2140.62,2196.12,2014.08" sx="M,M,M,M"/><TAIKYOKU oya="0"/><INIT seed="0,0,0,2,4,37" ten="250,250,250,250" oya="0" hai0="83,62,19,90,82,42,129,43,128,67,126,12,114" hai1="130,74,80,0,53,18,132,58,112,57,102,40,21" hai2="111,1,16,49,28,120,54,32,50,10,116,31,95" hai3="69,101,14,38,47,124,108,13,115,119,66,9,56"/><T77/><D114/><U5/><E130/><N who="0" m="50281" /><D90/><U135/><E102/><V133/><F120/><W84/><G115/><T59/><D126/><U92/><E112/><V35/><F111/><W73/><G124/><T2/><D2/><U7/><E92/><V34/><F133/><N who="1" m="51273" /><E0/><V76/><F116/><W97/><G73/><N who="0" m="43311" /><D83/><U70/><E70/><V91/><F76/><W61/><G108/><T86/><D86/><U48/><E58/><V75/><F75/><W93/><G119/><T87/><D87/><U79/><E40/><V117/><F117/><W3/><G69/><T125/><D125/><U134/><N who="1" m="51281" /><U122/><DORA hai="44" /><E122/><V8/><F91/><W51/><G38/><T85/><D85/><U64/><E64/><V127/><F127/><W22/><G22/><AGARI ba="0,0" hai="12,19,22,42,43,59,62,67" m="43311,50281" machi="22" ten="30,5800,0" yaku="19,1,52,2" doraHai="37,44" who="0" fromWho="3" sc="250,58,250,0,250,0,250,-58" /><INIT seed="0,1,0,4,2,82" ten="308,250,250,192" oya="0" hai0="31,62,29,13,0,56,121,16,72,93,78,46,107" hai1="53,45,40,14,81,88,57,9,108,27,117,77,49" hai2="118,109,19,17,68,94,12,39,134,64,102,4,63" hai3="54,8,130,115,73,124,96,15,65,132,127,60,47"/><T122/><D107/><U133/><E108/><V43/><F109/><W112/><G73/><T28/><D0/><U20/><E133/><V10/><F134/><W69/><G132/><T84/><D72/><U34/><E117/><V5/><F118/><W74/><G74/><T128/><D128/><U1/><E1/><V30/><F30/><W97/><G130/><T58/><D46/><U125/><E125/><N who="3" m="48202" /><G97/><T41/><D41/><U33/><E20/><V38/><F17/><W22/><G96/><T99/><D121/><U103/><E103/><V52/><F102/><W2/><G22/><N who="0" m="11535" /><D122/><U114/><E27/><V71/><F68/><W113/><G2/><T80/><D62/><U50/><E77/><V11/><F19/><N who="3" m="8679" /><G115/><T51/><D51/><AGARI ba="1,0" hai="47,51,54,60,65,69,112,113" m="8679,48202" machi="51" ten="30,1000,0" yaku="18,1" doraHai="82" who="3" fromWho="0" sc="308,-13,250,0,250,0,192,13" /><INIT seed="1,0,0,1,0,31" ten="295,250,250,205" oya="1" hai0="85,55,124,36,44,43,91,101,125,77,94,104,87" hai1="7,39,25,131,58,10,14,108,64,126,65,122,105" hai2="34,80,13,67,92,5,4,1,134,112,115,97,6" hai3="35,130,57,128,18,59,28,119,19,120,113,83,54"/><U88/><E122/><V89/><F134/><W90/><G120/><T38/><D55/><U117/><E117/><V98/><F1/><W69/><G113/><N who="2" m="43593" /><F67/><W53/><G69/><T100/><D36/><U63/><E105/><V45/><F80/><W132/><G119/><T99/><REACH who="0" step="1"/><D100/><REACH who="0" ten="285,250,250,205" step="2"/><U61/><E39/><V114/><F114/><W30/><G54/><T116/><D116/><U26/><E131/><V52/><F52/><W106/><G53/><T24/><D24/><U41/><E41/><V37/><F37/><W118/><G118/><T84/><D84/><U17/><E126/><V42/><F98/><W129/><G130/><T86/><D86/><U66/><E108/><V109/><F109/><W93/><G129/><T12/><D12/><U33/><E65/><V47/><F42/><W135/><G128/><T32/><D32/><U27/><E33/><V56/><F34/><W8/><G35/><T96/><D96/><U20/><REACH who="1" step="1"/><E88/><REACH who="1" ten="285,240,250,205" step="2"/><V110/><F110/><W71/><G90/><T133/><D133/><U15/><E15/><V60/><F13/><W9/><G135/><T123/><D123/><U46/><E46/><V74/><F47/><W51/><G132/><T72/><D72/><U0/><E0/><V49/><F74/><W68/><G8/><T40/><D40/><U62/><E62/><V78/><F45/><W76/><G9/><T95/><D95/><U16/><E16/><V73/><F60/><W82/><G93/><T50/><D50/><U22/><E22/><V111/><F111/><W127/><G51/><T102/><D102/><U107/><E107/><RYUUKYOKU ba="0,2" sc="285,15,240,15,250,-15,205,-15" hai0="38,43,44,77,85,87,91,94,99,101,104,124,125" hai1="7,10,14,17,20,25,26,27,58,61,63,64,66" /><INIT seed="1,1,2,1,2,55" ten="300,255,235,190" oya="1" hai0="83,60,98,99,8,97,74,40,101,115,28,25,91" hai1="92,61,82,59,53,22,70,73,69,54,32,78,27" hai2="106,47,105,66,116,56,65,63,9,50,86,12,132" hai3="44,14,88,0,104,123,64,16,114,37,67,23,31"/><U58/><E32/><V84/><F116/><W81/><G123/><T72/><D115/><U129/><E129/><V19/><F132/><W121/><G121/><T130/><D130/><U36/><E92/><V33/><F33/><W21/><G104/><T13/><D40/><U89/><E89/><V117/><F117/><W17/><G0/><T26/><D101/><U109/><E36/><V30/><F30/><W18/><G114/><T41/><D41/><U124/><E124/><V45/><F66/><N who="3" m="25131" /><G44/><T125/><D60/><U1/><E1/><V38/><F38/><W93/><G81/><T135/><D135/><U4/><E4/><V119/><F47/><W46/><G46/><T68/><D68/><U34/><E34/><V108/><F108/><W107/><G107/><T127/><D91/><U62/><REACH who="1" step="1"/><E109/><REACH who="1" ten="300,245,235,190" step="2"/><V95/><F119/><W118/><G37/><T75/><D83/><U11/><E11/><V103/><F105/><W76/><G118/><T102/><D102/><U6/><E6/><V15/><F106/><W43/><G76/><T71/><D71/><U90/><E90/><V111/><F111/><W122/><G122/><T10/><D10/><U52/><E52/><N who="2" m="29775" /><F95/><W35/><G35/><T57/><D125/><U96/><E96/><V39/><F103/><W80/><G43/><T77/><D77/><U126/><E126/><V49/><F39/><W48/><G80/><T120/><D127/><U87/><E87/><V113/><F113/><W133/><G93/><T100/><D100/><U3/><E3/><V29/><F84/><W7/><G88/><T51/><D120/><RYUUKYOKU ba="1,3" sc="300,-10,245,30,235,-10,190,-10" hai1="22,27,53,54,58,59,61,62,69,70,73,78,82" /><INIT seed="1,2,3,1,4,32" ten="290,275,225,180" oya="1" hai0="44,77,126,14,17,100,133,105,108,132,115,68,90" hai1="41,27,0,19,58,3,33,84,79,120,113,46,124" hai2="131,2,6,89,88,96,94,127,50,76,60,72,26" hai3="110,48,123,69,64,34,67,112,36,57,78,9,116"/><U92/><E113/><V128/><F127/><W42/><G112/><T52/><D68/><U75/><E120/><V39/><F39/><W119/><G34/><T91/><D77/><U109/><E124/><V104/><F104/><W135/><G123/><T59/><D108/><U8/><E109/><V43/><F60/><W51/><G110/><T35/><D44/><U65/><E75/><V117/><F117/><N who="3" m="45131" /><G78/><T15/><D35/><U61/><E8/><N who="2" m="2135" /><F26/><W53/><G9/><T83/><D126/><U86/><E86/><V62/><F62/><N who="3" m="40087" /><G67/><T12/><D17/><U107/><E107/><V98/><F76/><W73/><G73/><T130/><D130/><N who="2" m="49706" /><F72/><W38/><G135/><N who="0" m="51787" /><D83/><U31/><E19/><V93/><F50/><W85/><G85/><T103/><D115/><U114/><E114/><V111/><F111/><W49/><G42/><AGARI ba="2,3" hai="42,43,88,89,93,94,96,98" m="49706,2135" machi="42" ten="30,3900,0" yaku="19,1,52,1,54,1" doraHai="32" who="2" fromWho="3" sc="290,0,275,0,225,75,180,-45" /><INIT seed="2,0,0,0,1,45" ten="290,275,300,135" oya="2" hai0="121,22,9,57,125,95,81,31,96,47,12,3,62" hai1="109,44,0,86,130,10,38,82,83,78,110,107,58" hai2="72,68,104,93,18,123,50,108,2,42,6,69,27" hai3="29,11,133,63,61,53,55,102,67,73,118,35,5"/><V8/><F123/><W21/><G118/><T112/><D125/><U127/><E127/><V41/><F104/><W135/><G73/><T56/><D3/><U124/><E124/><V37/><F37/><W33/><G102/><T105/><D105/><U65/><E107/><V103/><F72/><W7/><G21/><T34/><D34/><U94/><E130/><V28/><F18/><W116/><G116/><T4/><D112/><U16/><E94/><V84/><F108/><N who="1" m="41577" /><E83/><V106/><F106/><W101/><G101/><T122/><D81/><U60/><E0/><V129/><F42/><W36/><G36/><T76/><D47/><U13/><E44/><V132/><F132/><W66/><REACH who="3" step="1"/><G11/><REACH who="3" ten="290,275,300,125" step="2"/><T126/><D126/><U30/><E38/><V77/><F103/><W100/><G100/><N who="0" m="60447" /><D122/><U70/><E30/><AGARI ba="0,1" hai="5,7,29,30,33,35,53,55,61,63,66,67,133,135" machi="30" ten="25,8000,1" yaku="1,1,22,2,53,2" doraHai="45" doraHaiUra="59" who="3" fromWho="1" sc="290,0,275,-80,300,0,125,90" /><INIT seed="3,0,0,3,5,108" ten="290,195,300,215" oya="3" hai0="23,68,53,86,2,69,0,120,46,32,36,79,3" hai1="41,95,5,126,115,92,42,28,57,119,132,121,64" hai2="31,33,37,17,117,66,60,100,82,65,38,15,93" hai3="104,7,54,89,26,21,4,103,73,90,118,62,133"/><W81/><G118/><T12/><D32/><U78/><E121/><V40/><F117/><W75/><G133/><T39/><D120/><U18/><E119/><V56/><F40/><N who="1" m="15465" /><E132/><V99/><F66/><W13/><G104/><T105/><D105/><U134/><E134/><V20/><F82/><W49/><G103/><T63/><D79/><U124/><E115/><V50/><F50/><W67/><G75/><T88/><D46/><U107/><E107/><V30/><REACH who="2" step="1"/><F33/><REACH who="2" ten="290,195,290,215" step="2"/><W52/><G81/><T45/><D69/><U35/><E78/><V85/><F85/><W27/><G73/><T112/><D112/><U48/><E48/><V22/><F22/><W43/><G43/><T76/><D76/><U111/><E111/><V87/><F87/><W14/><G49/><N who="0" m="28847" /><D63/><N who="1" m="37999" /><E5/><V9/><F9/><W61/><G67/><T113/><D68/><U97/><E97/><V1/><F1/><W130/><G21/><T116/><D116/><U84/><E84/><V58/><F58/><W71/><G71/><T123/><D123/><U96/><E96/><V51/><F51/><W80/><G80/><N who="0" m="49223" /><D113/><U8/><E35/><V101/><F101/><W77/><G77/><T128/><D128/><AGARI ba="0,1" hai="4,7,13,14,26,27,52,54,61,62,89,90,128,130" machi="128" ten="25,4800,0" yaku="22,2,54,1" doraHai="108" who="3" fromWho="0" sc="290,-48,195,0,290,0,215,58" /><INIT seed="3,1,0,4,0,19" ten="242,195,290,273" oya="3" hai0="14,123,83,74,62,12,90,130,85,67,96,20,17" hai1="89,0,121,120,103,15,66,77,51,3,1,58,57" hai2="37,92,29,45,30,133,47,4,71,126,6,93,40" hai3="52,119,134,124,33,21,42,100,32,22,73,117,115"/><W36/><G73/><T106/><D130/><U23/><E77/><V25/><F71/><W95/><G115/><T26/><D123/><U54/><E103/><V86/><F126/><W35/><G124/><T63/><D74/><U39/><E39/><V46/><F133/><W131/><G134/><T48/><D48/><U118/><E118/><V16/><F37/><W127/><G127/><T135/><D135/><U10/><E89/><N who="2" m="53303" /><F40/><W9/><G131/><T128/><D128/><U55/><E66/><V82/><F82/><W108/><G108/><T105/><D63/><U41/><E41/><V44/><F44/><W104/><G104/><T99/><D106/><U78/><E78/><V65/><F65/><W132/><G132/><T43/><D43/><U109/><E109/><V107/><F107/><W38/><G9/><T59/><D105/><U81/><E81/><V69/><F69/><W112/><G112/><T125/><D125/><U56/><E23/><N who="2" m="13543" /><F93/><W53/><G42/><T31/><REACH who="0" step="1"/><D12/><REACH who="0" ten="232,195,290,273" step="2"/><U113/><E113/><V8/><F4/><W68/><G38/><T111/><D111/><U28/><E28/><V87/><F87/><W110/><G36/><T61/><D61/><U70/><E70/><V75/><F75/><W50/><G110/><T11/><AGARI ba="1,1" hai="11,14,17,20,26,31,59,62,67,83,85,90,96,99" machi="11" ten="20,8000,1" yaku="1,1,0,1,7,1,8,1,52,1,53,0" doraHai="19" doraHaiUra="2" who="0" fromWho="0" sc="232,93,195,-21,290,-21,273,-41" owari="325,42.5,174,-32.6,269,6.9,232,-16.8" /></mjloggm>