<mjloggm ver="2.3"><GO type="169" lobby="0"/><UN n0="%E5%A4%A9%E5%87%B0%E3%81%82%E3%82%8A%E3%81%8C%E3%81%A8%E3%81%86" n1="%E3%81%8B%E3%82%81%E3%81%98%E3%82%8D%E3%81%86" n2="%41%4C%50%45%52%49%4E" n3="%E3%82%A2%E3%83%B3%E3%83%88%E3%83%AC%E3%83%BC%E3%82%B9" dan="16,17,16,16" rate="2110.65,2208.77,2173.60,2075.02" sx="M,M,M,M"/><TAIKYOKU oya="0"/><INIT seed="0,0,0,3,4,5" ten="250,250,250,250" oya="0" hai0="107,25,92,40,90,99,121,129,116,80,30,133,18" hai1="132,26,119,53,41,101,9,86,44,106,12,6,97" hai2="27,51,79,115,31,13,125,59,96,24,39,3,16" hai3="7,93,81,15,37,8,84,109,131,42,23,100,32"/><T21/><D116/><U50/><E132/><V38/><F115/><W108/><G32/><T60/><D133/><U14/><E119/><V64/><F3/><W111/><G131/><T88/><D129/><U83/><E26/><V94/><F125/><W66/><G66/><T49/><D121/><U46/><E14/><V72/><F72/><W34/><G34/><T123/><D123/><U63/><E63/><V126/><F79/><W43/><G37/><T48/><D107/><U135/><E135/><V89/><F126/><W19/><G93/><T104/><D104/><U75/><E75/><V67/><F39/><W122/><G100/><T95/><D80/><U2/><E2/><V127/><F38/><W65/><G65/><N who="2" m="25161" /><F31/><W76/><REACH who="3" step="1"/><G122/><REACH who="3" ten="250,250,250,240" step="2"/><T69/><D69/><U56/><REACH who="1" step="1"/><E41/><REACH who="1" ten="250,240,250,240" step="2"/><V20/><F127/><W120/><G120/><T57/><D40/><U112/><E112/><V52/><AGARI ba="0,2" hai="13,16,20,24,27,51,52,59,89,94,96" m="25161" machi="52" ten="30,4000,0" yaku="8,1,54,2" doraHai="5" who="2" fromWho="2" sc="250,-20,240,-10,250,60,240,-10" /><INIT seed="1,0,0,4,5,121" ten="230,230,310,230" oya="1" hai0="103,82,22,33,91,35,44,99,118,63,41,43,62" hai1="135,23,49,10,21,134,71,94,65,25,124,26,58" hai2="47,116,108,73,8,32,12,66,107,132,72,92,59" hai3="51,87,98,27,2,45,78,31,60,46,1,88,83"/><U125/><E71/><V131/><F116/><W7/><G60/><T6/><D118/><U75/><E75/><V17/><F107/><W16/><G7/><T29/><D6/><U79/><E79/><V84/><F32/><W61/><G61/><T52/><D33/><U50/><E94/><V28/><F28/><W96/><G45/><T56/><D35/><U54/><E65/><V114/><F131/><W101/><G78/><T129/><D129/><U20/><E10/><V53/><F132/><N who="1" m="50729" /><E50/><V0/><F0/><W38/><G38/><T69/><D62/><U74/><E74/><V4/><F73/><W11/><G1/><T126/><D69/><U18/><E23/><V70/><F72/><W119/><G2/><T109/><D22/><U105/><E105/><V130/><F70/><W15/><G101/><T120/><D63/><U95/><E95/><V30/><F92/><W80/><G80/><T36/><D82/><U68/><E68/><V86/><F130/><W122/><G119/><T85/><D103/><U57/><E57/><V89/><F59/><W64/><G64/><T102/><D102/><U113/><E113/><V42/><F66/><W104/><G104/><T14/><D56/><U13/><E25/><V3/><F114/><W24/><G27/><T55/><D36/><U133/><N who="1" m="50737" /><U34/><DORA hai="37" /><E34/><V117/><F117/><W112/><G112/><T48/><D48/><U93/><E93/><V81/><F47/><W40/><REACH who="3" step="1"/><G122/><REACH who="3" ten="230,230,310,220" step="2"/><T128/><D120/><U19/><AGARI ba="0,1" hai="13,18,19,20,21,26,49,54,58,124,125" m="50737" machi="19" ten="50,2400,0" yaku="20,1" doraHai="121,37" who="1" fromWho="1" sc="230,-8,230,34,310,-8,220,-8" /><INIT seed="1,1,0,4,1,97" ten="222,264,302,212" oya="1" hai0="75,134,53,119,91,102,125,70,24,110,58,113,82" hai1="39,28,49,46,33,30,64,19,55,34,18,3,94" hai2="123,47,45,44,71,87,112,80,16,72,127,11,92" hai3="128,99,9,96,106,79,77,120,31,60,116,100,17"/><U101/><E3/><V40/><F123/><W107/><G120/><T37/><D113/><U105/><E105/><V48/><F112/><W32/><G128/><T65/><D119/><U90/><E39/><V109/><F71/><W121/><G121/><T2/><D110/><U54/><E64/><V27/><F127/><W132/><G132/><T42/><D134/><U67/><E67/><V0/><F109/><W129/><G129/><T22/><D2/><U56/><E34/><V10/><F72/><W93/><G116/><T66/><D125/><U135/><E101/><V103/><F0/><W114/><G107/><T63/><D102/><U124/><E124/><V117/><F117/><W7/><G17/><N who="1" m="6154" /><E33/><V29/><F29/><N who="1" m="11369" /><E135/><V76/><F11/><W36/><G36/><T131/><D66/><U13/><E13/><N who="2" m="7223" /><F27/><W21/><G32/><T98/><D70/><U51/><E94/><V130/><F130/><W57/><G114/><T111/><D131/><U8/><E8/><V59/><F59/><W78/><G31/><N who="0" m="17815" /><D75/><U104/><E104/><V20/><F20/><W69/><G21/><T73/><D73/><U4/><E4/><V84/><F103/><N who="3" m="60815" /><G69/><T88/><D37/><U14/><E14/><V115/><F115/><W1/><G1/><T50/><D58/><U122/><E122/><V52/><F40/><W68/><G68/><T38/><D42/><U6/><E6/><V83/><F92/><N who="3" m="58471" /><G7/><T126/><D38/><U89/><AGARI ba="1,0" hai="46,49,51,54,55,56,89,90" m="11369,6154" machi="89" ten="30,1500,0" yaku="8,1" doraHai="97" who="1" fromWho="1" sc="222,-6,264,18,302,-6,212,-6" /><INIT seed="1,2,0,0,1,25" ten="216,282,296,206" oya="1" hai0="76,34,73,85,41,88,90,91,95,96,51,21,18" hai1="23,63,3,0,62,132,22,128,15,67,127,45,134" hai2="113,131,8,64,70,61,120,93,49,56,106,135,5" hai3="58,14,39,46,107,37,82,11,29,98,54,2,92"/><U94/><E45/><V121/><F106/><W52/><G107/><T99/><D34/><U116/><E116/><V75/><F75/><W60/><G2/><N who="1" m="554" /><E94/><V86/><F131/><W13/><G13/><T111/><D111/><U122/><E67/><V50/><F135/><N who="1" m="51753" /><E122/><V84/><F113/><W42/><G82/><N who="0" m="47303" /><D73/><U7/><E128/><V59/><F70/><W87/><G87/><T72/><D72/><U44/><E44/><V83/><F93/><W100/><G29/><T110/><D110/><U117/><E117/><V105/><F105/><W119/><G119/><T27/><D95/><U6/><E127/><V81/><F64/><W35/><G35/><T101/><D101/><U77/><E77/><V65/><F65/><W104/><G104/><T69/><D69/><U103/><E103/><V89/><F89/><W126/><G126/><T26/><D26/><U9/><E7/><V30/><F120/><W1/><G54/><T118/><D118/><U97/><E97/><V10/><F121/><W55/><G55/><T16/><D99/><U31/><E23/><V114/><F83/><W109/><G37/><T19/><D96/><U17/><E6/><V74/><F81/><W38/><G39/><T12/><D41/><U112/><E112/><V129/><F114/><W124/><G124/><T28/><D51/><U115/><E115/><V80/><F129/><W71/><G71/><T68/><D68/><U79/><E79/><V102/><F50/><W53/><G53/><T4/><D90/><U32/><E32/><V66/><F49/><W24/><G38/><T48/><D48/><RYUUKYOKU ba="2,0" sc="216,15,282,15,296,-15,206,-15" hai0="4,12,16,18,19,21,27,28,88,91" hai1="9,15,17,22,31,62,63" /><INIT seed="1,3,0,1,0,79" ten="231,297,281,191" oya="1" hai0="88,77,29,129,78,86,57,113,26,95,44,119,67" hai1="85,131,71,83,42,0,8,30,11,101,108,51,14" hai2="32,35,31,132,128,15,111,38,56,89,59,72,84" hai3="40,96,124,112,41,125,22,36,66,27,102,49,39"/><U133/><E71/><V105/><F38/><N who="3" m="14379" /><G112/><T122/><D113/><U21/><E133/><V52/><F72/><W135/><G27/><T114/><D114/><U82/><E131/><V1/><F1/><W37/><G22/><T104/><D119/><U115/><E115/><V34/><F105/><W76/><G76/><T109/><D109/><U45/><E108/><V2/><F2/><W134/><G96/><T65/><D129/><U99/><E0/><V68/><F128/><W90/><G90/><T58/><D104/><U93/><E85/><V121/><F68/><W123/><G102/><T92/><D44/><U46/><E46/><V103/><F103/><W60/><N who="3" m="14387" /><W116/><DORA hai="23" /><G123/><T12/><D12/><U47/><E47/><V17/><F121/><W43/><G49/><T73/><D122/><U70/><E70/><V50/><F111/><W100/><G100/><T25/><D73/><U9/><E14/><V24/><F132/><N who="3" m="50731" /><G116/><T20/><D20/><U75/><E75/><V98/><F98/><W126/><G60/><T63/><D63/><U94/><E94/><V55/><F17/><W4/><G4/><T10/><D88/><U74/><E74/><V64/><F15/><W61/><G61/><T53/><D86/><U13/><E30/><V54/><F50/><W3/><G3/><T81/><D29/><U110/><E110/><V48/><F48/><W130/><G130/><T120/><D120/><U69/><E69/><V87/><F87/><W106/><G106/><T97/><D92/><U5/><E5/><V62/><F84/><W7/><G7/><RYUUKYOKU ba="3,0" sc="231,-15,297,15,281,-15,191,15" hai1="8,9,11,13,21,42,45,51,82,83,93,99,101" hai3="40,41,43,66,124,125,126" /><INIT seed="1,4,0,4,3,134" ten="216,312,266,206" oya="1" hai0="102,117,24,28,92,84,26,21,1,51,55,30,78" hai1="59,82,88,12,25,57,15,103,62,46,87,17,95" hai2="34,96,115,60,93,39,58,16,9,101,127,10,49" hai3="98,112,14,52,45,76,86,85,27,108,69,75,37"/><U2/><E2/><V7/><F39/><W97/><G112/><T63/><D117/><U129/><E129/><V104/><F115/><W8/><G108/><T56/><D1/><U120/><E120/><V68/><F34/><W40/><G69/><T123/><D123/><U42/><E25/><V121/><F121/><W81/><G27/><T6/><D6/><U74/><E74/><V94/><F68/><W65/><G65/><T0/><D0/><U119/><E119/><V130/><F130/><W70/><G70/><T31/><D78/><U109/><E109/><V22/><F49/><W105/><G105/><T29/><D29/><U89/><BYE who="0" /><E103/><V80/><F80/><UN n0="%E5%A4%A9%E5%87%B0%E3%81%82%E3%82%8A%E3%81%8C%E3%81%A8%E3%81%86" /><W72/><G86/><T4/><D4/><U33/><E33/><V100/><F127/><W126/><G126/><T131/><D131/><U135/><E135/><V90/><F104/><W83/><G52/><N who="0" m="34183" /><D21/><N who="1" m="11431" /><E15/><N who="2" m="9503" /><F7/><W3/><G3/><T67/><D67/><N who="1" m="39375" /><E59/><V64/><F101/><W20/><G72/><T118/><D118/><U111/><E111/><V18/><F18/><W47/><G75/><T35/><D35/><U38/><E38/><V43/><F43/><W73/><G40/><T66/><D66/><U133/><E133/><V48/><F48/><W44/><G37/><T23/><D23/><U32/><E32/><V110/><F110/><W91/><REACH who="3" step="1"/><G20/><REACH who="3" ten="216,312,266,196" step="2"/><T106/><D106/><U114/><E114/><V132/><F132/><W19/><AGARI ba="4,1" hai="8,14,19,44,45,47,73,76,81,83,85,91,97,98" machi="19" ten="30,4000,0" yaku="1,1,2,1,0,1,53,0" doraHai="134" doraHaiUra="113" who="3" fromWho="3" sc="216,-14,312,-24,266,-14,196,62" /><INIT seed="2,0,0,2,4,33" ten="202,288,252,258" oya="2" hai0="63,104,5,30,69,79,28,45,103,51,54,56,125" hai1="131,100,96,44,59,15,19,37,112,2,101,129,105" hai2="120,18,17,80,9,31,24,65,92,70,43,16,7" hai3="60,119,68,117,53,46,94,98,113,108,10,95,116"/><V57/><F120/><W41/><G94/><T32/><D125/><U83/><E112/><V97/><F70/><W29/><G29/><T86/><D32/><U82/><E101/><V124/><F124/><W25/><G25/><T76/><D5/><U118/><E118/><V75/><F43/><W90/><G108/><T36/><D104/><U72/><E59/><V85/><F75/><W132/><G132/><T4/><D103/><U81/><E2/><V73/><F73/><W35/><G35/><T64/><D4/><U107/><E107/><V71/><F71/><W34/><G34/><T55/><D55/><U52/><E72/><V102/><F65/><W48/><G10/><T14/><D14/><U77/><E77/><N who="0" m="29769" /><D86/><U121/><E121/><V1/><F57/><W12/><G12/><T93/><D93/><U123/><E123/><V89/><REACH who="2" step="1"/><F31/><REACH who="2" ten="202,288,242,258" step="2"/><W109/><G68/><T128/><D128/><U122/><E122/><V27/><AGARI ba="0,1" hai="1,7,9,16,17,18,24,27,80,85,89,92,97,102" machi="27" ten="30,18000,2" yaku="1,1,2,1,0,1,52,1,54,1,53,2" doraHai="33" doraHaiUra="22" who="2" fromWho="2" sc="202,-60,288,-60,242,190,258,-60" /><INIT seed="2,1,0,0,5,64" ten="142,228,432,198" oya="2" hai0="133,0,32,66,62,22,70,110,103,102,67,3,35" hai1="87,57,54,78,18,48,10,77,131,106,7,132,29" hai2="109,135,42,94,79,107,55,23,115,40,112,46,125" hai3="86,36,129,60,120,75,89,83,45,20,5,51,44"/><V58/><F107/><W117/><G117/><T124/><D110/><U6/><E106/><V96/><F125/><W43/><G120/><T28/><D124/><U26/><E131/><V11/><F135/><W2/><G129/><T114/><D114/><U95/><E132/><V101/><F109/><W88/><G75/><T130/><D130/><U30/><E18/><V9/><F79/><W134/><G134/><T59/><D133/><U72/><E72/><V52/><F112/><W17/><G60/><T19/><D66/><U91/><E30/><V31/><F115/><W53/><G2/><T74/><D74/><U65/><E65/><V56/><F31/><W37/><G5/><T121/><D59/><N who="2" m="22570" /><F23/><W80/><G36/><T92/><D121/><U128/><E7/><V34/><F34/><W113/><G113/><T16/><D19/><U24/><E24/><V85/><F85/><W69/><G69/><T116/><D116/><U61/><E61/><V41/><F46/><W97/><G97/><T118/><D118/><U84/><E84/><V73/><F73/><W68/><G68/><T76/><D70/><U1/><REACH who="1" step="1"/><E128/><REACH who="1" ten="142,218,432,198" step="2"/><V8/><AGARI ba="1,1" hai="8,9,11,40,41,42,52,55,94,96,101" m="22570" machi="8" ten="40,3900,0" yaku="8,1,54,1" doraHai="64" who="2" fromWho="2" sc="142,-14,218,-14,432,52,198,-14" /><INIT seed="2,2,0,4,2,107" ten="128,204,484,184" oya="2" hai0="48,76,37,26,127,120,113,10,119,109,9,110,5" hai1="123,131,99,124,117,84,72,83,40,20,25,27,33" hai2="95,66,128,17,61,103,71,67,39,51,94,45,133" hai3="91,97,70,135,134,86,15,30,111,34,88,90,118"/><V6/><F128/><W46/><G70/><T24/><D37/><U89/><E117/><V98/><F133/><N who="3" m="50699" /><G118/><T11/><D76/><U130/><E124/><V64/><F39/><W54/><G111/><T22/><D119/><U43/><E123/><V104/><F6/><W38/><G15/><T60/><D60/><U18/><E99/><V28/><F28/><W7/><G7/><T29/><D48/><U3/><E3/><V75/><F75/><W125/><G125/><T129/><D120/><U14/><E72/><V42/><F104/><W132/><G97/><T121/><D121/><U116/><E116/><V0/><F0/><W50/><G38/><T31/><D127/><U36/><E27/><V21/><REACH who="2" step="1"/><F95/><REACH who="2" ten="128,204,474,184" step="2"/><N who="3" m="54679" /><G132/><T68/><D129/><N who="1" m="49163" /><E36/><V114/><F114/><W41/><G30/><AGARI ba="2,1" hai="14,18,20,25,30,33,40,43,83,84,89" m="49163" machi="30" ten="30,1000,0" yaku="19,1" doraHai="107" who="1" fromWho="3" sc="128,0,204,26,474,0,184,-16" /><INIT seed="3,0,0,2,2,12" ten="128,230,474,168" oya="3" hai0="91,51,101,63,85,120,97,110,127,134,89,96,13" hai1="132,67,3,39,36,119,47,37,55,65,52,41,128" hai2="69,19,2,62,105,71,84,56,35,8,40,102,70" hai3="73,32,81,11,58,28,74,66,88,77,80,117,17"/><W124/><G117/><T43/><D120/><U107/><E107/><V122/><F35/><W24/><G124/><T34/><D127/><U83/><E3/><V109/><F122/><W18/><G11/><T86/><D110/><U123/><E123/><V0/><F109/><W114/><G114/><T79/><D34/><U87/><E119/><V54/><F40/><W31/><G31/><T27/><D134/><U15/><E128/><V59/><F105/><W90/><G66/><T48/><D63/><U45/><E15/><V44/><F102/><W112/><G112/><T30/><D13/><U125/><E87/><V133/><F133/><W76/><G58/><T5/><D79/><U130/><E83/><V72/><F72/><W99/><G99/><T108/><D5/><U135/><E39/><V106/><F106/><W50/><G50/><T42/><D108/><U104/><E104/><V115/><F115/><W95/><REACH who="3" step="1"/><G90/><REACH who="3" ten="128,230,474,158" step="2"/><T14/><D30/><U33/><E125/><V38/><F59/><W111/><G111/><T7/><D91/><U121/><E121/><V21/><F8/><W118/><G118/><T4/><D89/><U100/><E130/><V1/><F71/><W49/><G49/><T113/><D113/><U103/><E33/><V26/><F70/><W64/><G64/><T129/><D129/><U20/><E20/><V23/><F23/><W126/><G126/><T61/><D51/><U16/><E41/><N who="2" m="22583" /><F69/><W94/><G94/><T78/><D43/><U98/><E98/><V131/><F131/><W46/><G46/><T82/><D97/><U53/><E53/><RYUUKYOKU ba="0,1" sc="128,-30,230,10,474,10,158,10" hai1="16,36,37,45,47,52,55,65,67,100,103,132,135" hai2="0,1,2,19,21,26,54,56,62,84" hai3="17,18,24,28,32,73,74,76,77,80,81,88,95" /><INIT seed="3,1,1,2,3,2" ten="98,240,484,168" oya="3" hai0="8,28,23,41,111,114,45,55,77,71,53,93,11" hai1="123,66,90,63,18,35,124,58,97,1,4,103,106" hai2="52,122,99,44,78,107,7,54,101,109,57,34,33" hai3="127,83,3,87,92,79,22,32,95,6,25,19,40"/><W56/><G127/><T30/><D71/><U59/><E123/><V43/><F109/><W115/><G115/><T72/><D111/><U62/><E35/><V75/><F122/><W116/><G116/><T21/><D114/><U132/><E132/><V98/><F98/><W133/><G133/><T120/><D120/><U13/><E124/><V125/><F125/><W16/><G32/><T39/><D72/><U17/><E90/><V49/><F54/><W48/><G19/><T113/><D113/><U86/><E86/><V89/><F89/><W91/><G79/><T118/><D77/><U80/><E80/><V134/><F134/><W108/><G108/><T100/><D118/><U135/><E135/><V73/><F73/><W131/><G131/><T46/><D39/><U15/><E1/><V85/><F75/><W104/><G104/><T47/><D47/><U67/><E15/><V126/><F126/><W130/><G130/><T110/><D110/><U88/><E88/><V84/><F84/><W20/><G20/><T5/><D5/><U61/><E61/><V38/><REACH who="2" step="1"/><F7/><REACH who="2" ten="98,240,474,168" step="2"/><W117/><G117/><T74/><D74/><U119/><REACH who="1" step="1"/><E119/><REACH who="1" ten="98,230,474,168" step="2"/><V128/><F128/><W94/><G3/><T12/><D100/><U112/><E112/><V9/><F9/><AGARI ba="1,3" hai="4,9,13,17,18,58,59,62,63,66,67,97,103,106" machi="9" ten="40,5200,0" yaku="1,1,9,1,52,1,53,0" doraHai="2" doraHaiUra="26" who="1" fromWho="2" sc="98,0,230,85,474,-55,168,0" /><INIT seed="4,0,0,4,0,116" ten="98,315,419,168" oya="0" hai0="82,11,6,60,73,29,0,7,79,90,16,14,38" hai1="20,127,35,104,3,42,49,61,95,4,84,125,24" hai2="81,54,18,58,80,123,92,112,77,119,101,66,34" hai3="107,133,100,126,65,25,30,69,13,115,67,50,27"/><T68/><D38/><U91/><E104/><V9/><F123/><W22/><G115/><T96/><D29/><U131/><E35/><V72/><F34/><W56/><G133/><T120/><D120/><U124/><E131/><V45/><F112/><W111/><G111/><T106/><D0/><U37/><E37/><V10/><F119/><W48/><G126/><T64/><REACH who="0" step="1"/><D90/><REACH who="0" ten="88,315,419,168" step="2"/><U5/><E3/><V97/><F10/><W52/><G30/><T46/><D46/><N who="1" m="25815" /><E61/><V99/><F9/><W36/><G36/><T33/><D33/><U39/><E39/><V88/><F45/><W117/><G117/><T1/><D1/><U17/><AGARI ba="0,1" hai="4,5,17,20,24,84,91,95,124,125,127" m="25815" machi="17" ten="30,1100,0" yaku="18,1" doraHai="116" who="1" fromWho="1" sc="88,-5,315,21,419,-3,168,-3" /><INIT seed="5,0,0,2,4,67" ten="83,336,416,165" oya="1" hai0="122,79,68,18,87,37,127,121,38,1,93,77,46" hai1="117,119,36,106,72,132,28,56,113,47,125,55,88" hai2="80,69,20,85,118,59,48,95,33,15,128,53,45" hai3="9,92,81,123,51,5,44,62,52,10,135,32,57"/><U134/><E106/><V22/><F118/><W65/><G123/><N who="0" m="47115" /><D1/><U43/><E72/><V99/><F128/><W14/><G135/><N who="1" m="51754" /><E28/><V107/><F107/><W30/><G92/><T26/><D127/><U74/><E74/><V100/><F33/><W98/><G98/><T17/><D46/><U11/><E11/><V84/><F69/><W50/><G10/><T60/><D93/><U49/><E88/><N who="2" m="51207" /><F85/><W89/><G30/><T8/><D26/><U86/><E86/><V7/><F45/><W91/><G32/><T29/><D29/><U63/><E125/><V115/><F115/><W96/><G96/><T109/><D109/><U54/><E113/><V34/><F34/><W64/><G81/><N who="0" m="47535" /><D79/><U120/><E120/><V12/><F7/><W73/><G73/><T35/><D35/><U112/><E112/><V126/><F126/><W75/><G75/><T31/><D31/><U124/><E124/><V94/><F94/><W42/><REACH who="3" step="1"/><G65/><REACH who="3" ten="83,336,416,155" step="2"/><N who="0" m="40999" /><D8/><U13/><E117/><V90/><F100/><W41/><G41/><T104/><D104/><U105/><E105/><V71/><F95/><W83/><G83/><T66/><D66/><U19/><E119/><V27/><F99/><W70/><AGARI ba="0,1" hai="5,9,14,42,44,50,51,52,57,62,64,70,89,91" machi="70" ten="20,12000,2" yaku="1,1,0,1,7,1,52,1,54,1,53,1" doraHai="67" doraHaiUra="0" who="3" fromWho="3" sc="83,-30,336,-60,416,-30,155,130" /><INIT seed="6,0,0,2,5,40" ten="53,276,386,285" oya="2" hai0="29,91,111,80,87,82,37,117,108,17,72,7,6" hai1="27,130,36,129,10,44,28,96,46,102,52,60,90" hai2="112,98,128,107,123,38,55,53,125,75,132,21,71" hai3="93,14,118,54,43,92,119,18,68,49,45,62,113"/><V94/><RYUUKYOKU type="yao9" ba="0,0" sc="53,0,276,0,386,0,285,0" hai2="21,38,53,55,71,75,94,98,107,112,123,125,128,132" /><INIT seed="6,1,0,3,3,64" ten="53,276,386,285" oya="2" hai0="101,96,22,12,24,108,104,51,85,91,83,29,16" hai1="74,60,6,3,15,54,88,37,4,19,87,52,81" hai2="78,116,113,107,26,125,43,84,14,2,130,33,73" hai3="65,13,109,34,131,42,100,129,76,114,94,66,92"/><V93/><F116/><W75/><G34/><T105/><D108/><U71/><E37/><V99/><F2/><W61/><G109/><T133/><D133/><U63/><E3/><V38/><F125/><W121/><G121/><T28/><D28/><U53/><E74/><V95/><F113/><W10/><G65/><T5/><D5/><N who="1" m="2155" /><E71/><V82/><F130/><N who="3" m="49675" /><G100/><T46/><D96/><U23/><AGARI ba="1,0" hai="15,19,23,52,53,54,60,63,81,87,88" m="2155" machi="23" ten="30,4000,0" yaku="8,1,54,2" doraHai="64" who="1" fromWho="1" sc="53,-11,276,43,386,-21,285,-11" /><INIT seed="7,0,0,0,5,27" ten="42,319,365,274" oya="3" hai0="15,2,71,65,133,51,50,11,41,117,76,107,113" hai1="88,64,42,93,48,82,109,81,55,135,66,45,28" hai2="17,57,111,5,58,115,121,59,10,49,75,8,80" hai3="19,16,86,4,116,3,102,40,31,120,14,47,77"/><W63/><G116/><T61/><D76/><U53/><E109/><V70/><F111/><W68/><G120/><T100/><D15/><U129/><E135/><V94/><F70/><W98/><G3/><T83/><D83/><N who="1" m="31755" /><E129/><V106/><F106/><W118/><G118/><T101/><D101/><U46/><E64/><V62/><F121/><W29/><G77/><T87/><D87/><N who="1" m="52383" /><E66/><V95/><F115/><W26/><G86/><T13/><D100/><U92/><E92/><V125/><F125/><W103/><G68/><T123/><D13/><U72/><E72/><V32/><F32/><W21/><G63/><T44/><D11/><U24/><E46/><V43/><F94/><N who="3" m="58711" /><G103/><T22/><D22/><AGARI ba="0,0" hai="22,24,28,42,45,48,53,55" m="52383,31755" machi="22" ten="30,3900,0" yaku="8,1,52,1,54,1" doraHai="27" who="1" fromWho="0" sc="42,-39,319,39,365,0,274,0" owari="3,-49.7,358,15.8,365,46.5,274,-12.6" /></mjloggm>