<mjloggm ver="2.3"><GO type="169" lobby="0"/><UN n0="%6C%6E%61%69" n1="%E3%81%8B%E3%82%81%E3%81%98%E3%82%8D%E3%81%86" n2="%E3%81%BB%E3%83%BC%E3%82%8A%E3%83%BC" n3="%E3%81%8A%E9%AB%98" dan="16,17,17,18" rate="2036.69,2163.27,2225.86,2247.49" sx="M,M,M,M"/><TAIKYOKU oya="0"/><INIT seed="0,0,0,0,0,122" ten="250,250,250,250" oya="0" hai0="61,124,86,59,107,15,9,106,116,62,16,32,30" hai1="74,114,53,81,50,28,23,42,121,24,17,80,29" hai2="70,99,88,109,120,7,22,85,56,27,134,38,113" hai3="71,2,37,3,51,13,34,8,52,89,119,66,44"/><T118/><D124/><U48/><E121/><V55/><F70/><W125/><G119/><T58/><D32/><U123/><E123/><V14/><F120/><W12/><G34/><T115/><D30/><U102/><E114/><V10/><F113/><W97/><G125/><T117/><D115/><U100/><E74/><V49/><F134/><W5/><G37/><T87/><D87/><U79/><E42/><V47/><F38/><W64/><G2/><T65/><REACH who="0" step="1"/><D86/><REACH who="0" ten="240,250,250,250" step="2"/><U6/><E29/><V68/><F68/><W11/><G71/><T20/><D20/><U91/><E28/><V31/><F99/><W63/><G3/><T112/><D112/><U94/><E81/><V92/><REACH who="2" step="1"/><F109/><REACH who="2" ten="240,250,240,250" step="2"/><W54/><G97/><T129/><D129/><U69/><E69/><V128/><F128/><W41/><G8/><T1/><D1/><U75/><E23/><V108/><F108/><W40/><G11/><T93/><D93/><U33/><E94/><V101/><F101/><W25/><G89/><T90/><D90/><U67/><E91/><V77/><F77/><W19/><G25/><T0/><D0/><U4/><E24/><V18/><F18/><W130/><G19/><T127/><D127/><U105/><E17/><V36/><F36/><W72/><G130/><T83/><D83/><U78/><E80/><V135/><F135/><W76/><G76/><T35/><D35/><U131/><E78/><V132/><F132/><W45/><G72/><T95/><D95/><U133/><E79/><V43/><F43/><W96/><G96/><T98/><D98/><U46/><E133/><RYUUKYOKU ba="0,2" sc="240,15,250,-15,240,15,250,-15" hai0="9,15,16,58,59,61,62,65,106,107,116,117,118" hai2="7,10,14,22,27,31,47,49,55,56,85,88,92" /><INIT seed="0,1,2,4,5,49" ten="255,235,255,235" oya="0" hai0="123,111,99,69,44,86,93,94,8,105,106,55,120" hai1="40,126,85,129,26,15,89,14,18,133,10,63,51" hai2="19,2,110,48,32,127,81,29,54,62,38,101,121" hai3="45,102,135,42,34,59,112,92,5,74,64,95,50"/><T17/><D69/><U128/><E126/><V132/><F38/><W24/><G112/><T87/><D111/><U21/><E133/><V25/><F121/><W31/><G74/><T66/><D66/><U90/><E63/><V71/><F2/><W43/><G135/><T3/><D120/><U130/><E15/><V70/><F132/><W122/><G122/><T75/><D75/><U131/><N who="1" m="32768" /><DORA hai="65" /><U16/><E85/><V80/><F62/><W9/><G102/><T53/><D123/><U118/><E118/><V47/><F127/><W67/><G42/><T56/><D105/><U78/><E78/><V39/><F39/><W52/><G67/><T98/><D106/><U41/><E41/><V7/><F7/><W23/><G34/><T57/><D44/><AGARI ba="1,2" hai="10,14,16,18,21,26,40,44,51,89,90" m="32768" machi="44" ten="70,4500,0" yaku="19,1,54,1" doraHai="49,65" who="1" fromWho="0" sc="255,-48,235,68,255,0,235,0" /><INIT seed="1,0,0,3,4,28" ten="207,303,255,235" oya="1" hai0="6,118,10,29,7,85,87,67,14,21,60,59,58" hai1="114,123,124,116,79,105,55,115,8,133,131,89,38" hai2="49,36,63,19,46,66,40,47,13,42,68,0,12" hai3="106,76,78,44,127,103,86,26,91,34,96,129,71"/><U132/><E8/><V56/><F0/><W3/><G3/><T24/><D118/><U72/><E55/><V54/><REACH who="2" step="1"/><F19/><REACH who="2" ten="207,303,245,235" step="2"/><W84/><G129/><T83/><D6/><U16/><E131/><V126/><F126/><W20/><G127/><T112/><D112/><U22/><E124/><V94/><F94/><W99/><G71/><T31/><D31/><U130/><E130/><V90/><F90/><W121/><G121/><T125/><D125/><U27/><E123/><V32/><F32/><W11/><G34/><T43/><D43/><U41/><E116/><V97/><F97/><W110/><G96/><T9/><D83/><N who="1" m="45543" /><E89/><V134/><F134/><N who="1" m="51817" /><E105/><V25/><F25/><W88/><G91/><T4/><REACH who="0" step="1"/><D59/><REACH who="0" ten="197,303,245,235" step="2"/><U50/><E38/><AGARI ba="0,2" hai="12,13,36,38,40,42,46,47,49,54,56,63,66,68" machi="38" ten="30,8000,1" yaku="1,1,7,1,9,1,24,2,53,0" doraHai="28" doraHaiUra="1" who="2" fromWho="1" sc="197,0,303,-80,245,100,235,0" /><INIT seed="2,0,0,4,1,27" ten="197,223,345,235" oya="2" hai0="25,70,128,98,107,39,127,45,11,125,20,37,62" hai1="53,102,74,85,87,81,12,24,92,124,63,108,68" hai2="109,82,64,71,67,59,113,48,114,26,22,103,105" hai3="110,135,54,100,6,69,49,55,119,10,0,52,19"/><V84/><F71/><W58/><G119/><T95/><D107/><U132/><E124/><N who="0" m="47689" /><D11/><U130/><E130/><V126/><F126/><W61/><G110/><T9/><D9/><U33/><E108/><V96/><F109/><W34/><G135/><T7/><D7/><U28/><E132/><V78/><F48/><W73/><G73/><T8/><D8/><U66/><E12/><V80/><F82/><W51/><G34/><T88/><D45/><U86/><E53/><V14/><F14/><W129/><G129/><T18/><D128/><U42/><E42/><V46/><F46/><W15/><G69/><T75/><D75/><U83/><REACH who="1" step="1"/><E74/><REACH who="1" ten="197,213,345,235" step="2"/><V77/><F113/><W43/><G43/><T134/><D134/><U117/><E117/><V38/><F114/><W50/><REACH who="3" step="1"/><G100/><REACH who="3" ten="197,213,345,225" step="2"/><T116/><D116/><U91/><E91/><V44/><F103/><W94/><G94/><T118/><D118/><U56/><E56/><V133/><F59/><W2/><G2/><T93/><D93/><U16/><E16/><V32/><F133/><W36/><G36/><T60/><D70/><U72/><E72/><V4/><F38/><AGARI ba="0,2" hai="18,20,25,37,38,39,60,62,88,95,98" m="47689" machi="38" ten="30,2000,0" yaku="18,1,54,1" doraHai="27" who="0" fromWho="2" sc="197,40,213,0,345,-20,225,0" /><INIT seed="3,0,0,5,0,47" ten="237,213,325,225" oya="3" hai0="57,58,112,59,84,118,74,70,7,55,0,72,73" hai1="82,94,45,91,89,18,39,49,30,51,29,36,14" hai2="107,133,132,125,85,128,6,33,5,121,97,79,41" hai3="69,78,26,11,44,62,46,10,13,93,106,40,109"/><W24/><G106/><T98/><D118/><U20/><E36/><V108/><F33/><W110/><G78/><T120/><D120/><U113/><E113/><V4/><F121/><W66/><G93/><T34/><D70/><U75/><E39/><V25/><F108/><N who="3" m="41579" /><G44/><T127/><D34/><U119/><E119/><V12/><F41/><W54/><G54/><T60/><D112/><U63/><E63/><V37/><F37/><N who="3" m="21775" /><G11/><T3/><D55/><U96/><E75/><V76/><F79/><W21/><G21/><T100/><D73/><U126/><E126/><V77/><F125/><W123/><G123/><T88/><D74/><U27/><E45/><V105/><F77/><W56/><G69/><T64/><D72/><U15/><E30/><V87/><F76/><W38/><G38/><T22/><D127/><U42/><E42/><V95/><F105/><W35/><G35/><T65/><D22/><N who="1" m="15607" /><E15/><V48/><F12/><W90/><G90/><T130/><D88/><N who="1" m="33867" /><E82/><V114/><F107/><W99/><G99/><T1/><D98/><U8/><E8/><V103/><F97/><W116/><G116/><T71/><D71/><U53/><E53/><V16/><F114/><W80/><G80/><T61/><D1/><U124/><E124/><V68/><F68/><W23/><G23/><T9/><D0/><U32/><E32/><V101/><F95/><W117/><G117/><T81/><D3/><U92/><E92/><V111/><F111/><W31/><G31/><T28/><D28/><U50/><E94/><V102/><F102/><W135/><G135/><T104/><D100/><RYUUKYOKU ba="0,0" sc="237,-15,213,15,325,-15,225,15" hai1="14,18,20,49,50,51,96" hai3="10,13,24,26,56,62,66" /><INIT seed="3,1,0,5,5,48" ten="222,228,310,240" oya="3" hai0="36,44,49,51,18,26,47,57,56,74,24,67,122" hai1="95,71,63,97,124,11,99,15,7,46,118,104,116" hai2="78,106,40,123,10,80,45,9,69,62,72,14,59" hai3="52,37,75,76,86,16,93,100,103,25,102,115,92"/><W129/><G115/><T89/><D122/><U23/><E124/><V0/><F123/><W35/><G37/><T82/><D36/><U126/><E126/><V66/><F106/><W41/><G41/><T27/><D74/><U125/><E125/><V127/><F127/><W39/><G39/><T60/><D18/><U43/><E104/><V105/><F105/><W5/><G5/><T109/><D109/><U21/><E71/><V31/><F31/><W4/><G4/><T54/><REACH who="0" step="1"/><D51/><REACH who="0" ten="212,228,310,240" step="2"/><N who="1" m="27103" /><E116/><V30/><F72/><W55/><G75/><T84/><AGARI ba="1,1" hai="24,26,27,44,47,49,54,56,57,60,67,82,84,89" machi="84" ten="30,7900,0" yaku="1,1,0,1,8,1,52,1,53,0" doraHai="48" doraHaiUra="134" who="0" fromWho="0" sc="212,92,228,-21,310,-21,240,-40" /><INIT seed="4,0,0,0,2,43" ten="304,207,289,200" oya="0" hai0="16,126,1,78,119,48,38,52,34,18,11,96,35" hai1="123,69,95,110,83,131,135,80,133,87,67,120,122" hai2="100,115,19,129,75,102,39,26,98,127,85,20,22" hai3="117,41,55,103,79,46,64,93,21,111,29,121,105"/><T81/><D119/><U107/><E69/><V13/><F75/><W28/><G117/><T112/><D38/><U7/><E67/><V128/><F39/><W97/><G111/><T23/><D112/><U94/><E7/><V44/><F115/><W54/><G121/><T5/><D126/><U71/><E71/><V32/><F127/><W60/><G79/><T42/><D42/><U124/><E124/><V58/><F32/><W88/><G28/><T49/><D96/><U47/><E110/><V70/><F70/><W92/><G105/><T33/><D48/><U57/><E57/><V86/><F58/><N who="3" m="36887" /><G21/><T2/><D23/><U61/><E61/><V72/><F72/><W9/><G9/><T76/><D1/><U30/><E30/><V114/><F114/><W12/><G12/><T130/><D76/><U106/><E47/><V6/><F44/><W56/><G29/><T40/><D40/><U68/><E68/><V62/><F62/><W134/><G134/><N who="1" m="51210" /><E131/><N who="2" m="50251" /><F6/><W59/><G41/><T74/><REACH who="0" step="1"/><D130/><REACH who="0" ten="294,207,289,200" step="2"/><U91/><E95/><V108/><F108/><W14/><G55/><T99/><D99/><N who="1" m="57823" /><E83/><V50/><F50/><N who="3" m="29015" /><G14/><T73/><D73/><U51/><E51/><V77/><F13/><W31/><G31/><T24/><D24/><U104/><E120/><V118/><F26/><W25/><G25/><T89/><D89/><AGARI ba="0,1" hai="80,87,89,104,106,107,122,123" m="57823,51210" machi="89" ten="40,5200,0" yaku="20,1,34,2" doraHai="43" who="1" fromWho="0" sc="294,-52,207,62,289,0,200,0" /><INIT seed="5,0,0,3,5,65" ten="242,269,289,200" oya="1" hai0="53,92,126,116,2,46,35,12,50,113,11,124,111" hai1="128,10,1,14,61,49,105,125,121,33,72,107,5" hai2="41,67,96,63,6,28,108,69,0,75,19,115,60" hai3="78,82,74,101,95,52,117,62,24,98,56,133,85"/><U131/><E121/><V30/><F75/><W127/><G133/><T68/><D111/><U16/><E72/><V23/><F108/><W110/><G110/><T123/><D116/><U130/><E125/><N who="0" m="48233" /><D35/><U80/><E33/><V134/><F41/><W17/><G127/><T34/><D34/><U47/><E80/><V54/><F134/><W7/><G117/><T76/><D2/><U81/><E81/><V70/><F115/><W42/><G7/><T32/><D32/><U129/><N who="1" m="32768" /><DORA hai="3" /><U57/><E49/><V40/><F40/><W9/><G42/><T44/><D113/><U37/><E47/><V45/><F96/><W66/><G74/><T122/><D46/><U21/><E37/><V59/><F45/><W4/><G4/><T29/><D76/><U79/><E79/><V77/><F77/><W73/><G73/><T120/><D92/><U64/><AGARI ba="0,0" hai="1,5,10,14,16,21,57,61,64,105,107" m="32768" machi="64" ten="60,12000,1" yaku="0,1,19,1,52,1,54,1" doraHai="65,3" who="1" fromWho="1" sc="242,-40,269,120,289,-40,200,-40" /><INIT seed="5,1,0,2,5,63" ten="202,389,249,160" oya="1" hai0="132,54,126,42,56,31,79,61,94,10,24,35,32" hai1="40,22,93,57,15,124,127,133,53,98,65,3,92" hai2="49,83,114,87,115,70,2,59,6,119,86,58,121" hai3="134,36,77,8,26,129,66,110,122,128,97,68,0"/><U21/><E3/><V39/><F39/><W85/><G110/><T113/><D113/><N who="2" m="43018" /><F70/><W112/><G122/><T4/><D126/><N who="1" m="48171" /><E133/><V7/><F121/><W52/><G36/><T37/><D132/><U76/><E40/><V1/><F119/><W91/><G77/><T41/><D32/><U29/><E76/><V9/><F49/><W125/><G97/><T89/><D79/><U67/><E92/><V62/><F83/><W33/><G134/><T11/><D37/><U103/><E29/><V44/><F44/><W19/><G125/><T104/><D104/><U102/><E103/><V51/><F51/><W106/><G106/><T48/><D48/><N who="1" m="30887" /><E15/><V69/><F69/><W96/><G0/><N who="2" m="105" /><F9/><W38/><G8/><T108/><D11/><U117/><E117/><V135/><F135/><W100/><G38/><T80/><D80/><U131/><E102/><V55/><F59/><W74/><G112/><T116/><D116/><U64/><E93/><V28/><F28/><W78/><G100/><T75/><D10/><U30/><E30/><V23/><F23/><N who="1" m="8713" /><E98/><V71/><F71/><W50/><G96/><T20/><D41/><U43/><E43/><V47/><F47/><W73/><G68/><T12/><D42/><U123/><E123/><V46/><F46/><W17/><G78/><T105/><D31/><U95/><E95/><V101/><F101/><W109/><G33/><T82/><D35/><U107/><E107/><V88/><F88/><W99/><G91/><T25/><D94/><U81/><E81/><V111/><F111/><W130/><G109/><T84/><D108/><RYUUKYOKU ba="1,0" sc="202,-15,389,15,249,15,160,-15" hai1="64,65,67,131" hai2="6,7,55,58,62,86,87" /><INIT seed="5,2,0,3,5,11" ten="187,404,264,145" oya="1" hai0="132,73,131,78,26,2,43,10,82,77,59,107,127" hai1="134,44,50,105,1,46,25,32,106,68,87,6,45" hai2="85,126,90,135,84,18,17,34,81,120,53,9,56" hai3="0,14,71,123,49,35,22,3,54,130,99,97,28"/><U16/><E68/><V103/><F120/><W38/><G38/><T12/><D107/><U133/><E1/><V8/><F34/><W24/><G71/><T86/><D2/><U62/><E6/><V100/><F126/><W61/><G123/><T95/><D127/><U111/><E111/><V40/><F40/><W108/><G61/><T119/><D119/><U102/><E62/><V93/><F135/><N who="1" m="51721" /><E87/><V31/><F31/><W64/><G64/><T57/><D132/><U128/><E128/><V80/><F93/><W122/><G108/><T117/><D117/><U104/><E32/><V4/><F100/><W70/><G70/><T30/><D43/><N who="1" m="24863" /><E102/><V60/><F103/><W36/><G122/><T109/><D109/><U125/><E125/><V33/><F33/><W101/><G36/><T20/><D131/><U13/><E25/><V118/><F118/><W7/><G130/><T5/><REACH who="0" step="1"/><D78/><REACH who="0" ten="177,404,264,145" step="2"/><U89/><E89/><AGARI ba="2,1" hai="5,10,12,20,26,30,57,59,73,77,82,86,89,95" machi="89" ten="40,8000,1" yaku="1,1,2,1,52,1,53,1" doraHai="11" doraHaiUra="19" who="0" fromWho="1" sc="177,96,404,-86,264,0,145,0" /><INIT seed="6,0,0,4,0,36" ten="273,318,264,145" oya="2" hai0="114,9,26,86,41,37,53,100,121,31,92,17,85" hai1="73,21,95,30,79,123,125,126,13,108,32,19,128" hai2="102,52,39,106,120,7,127,57,50,89,76,56,82" hai3="124,5,25,0,90,27,16,47,97,33,71,110,81"/><V66/><F120/><W112/><G110/><T35/><D121/><U14/><E123/><V55/><F39/><W2/><G71/><T69/><D69/><U62/><E108/><V129/><F127/><W44/><G124/><T70/><D70/><U34/><E73/><V49/><F129/><W132/><G132/><T94/><D114/><U65/><E79/><V117/><F117/><W38/><G112/><T119/><D119/><U103/><E128/><V91/><F66/><W78/><G44/><T29/><D29/><U98/><E32/><V43/><F7/><W87/><G5/><T99/><D94/><U61/><E61/><V77/><F43/><W111/><G111/><T113/><D113/><U107/><E14/><V11/><F11/><W88/><G27/><T109/><D109/><U20/><E107/><V46/><F46/><W8/><G33/><T51/><D37/><U3/><E3/><V4/><F4/><W60/><G60/><T23/><D41/><U130/><E34/><V83/><F106/><W10/><G10/><T131/><D131/><U48/><E48/><V67/><F67/><W63/><G63/><T133/><D133/><U6/><E6/><V24/><F24/><W74/><G97/><T18/><D9/><U22/><E130/><V135/><F135/><W45/><G38/><T84/><D35/><U58/><E21/><V118/><F118/><W122/><G122/><T96/><D96/><U1/><E1/><N who="3" m="618" /><G8/><T134/><D134/><U80/><E80/><V101/><AGARI ba="0,0" hai="49,50,52,55,56,57,76,77,82,83,89,91,101,102" machi="101" ten="25,12000,1" yaku="0,1,22,2,8,1,54,1" doraHai="36" who="2" fromWho="2" sc="273,-40,318,-40,264,120,145,-40" /><INIT seed="6,1,0,3,3,63" ten="233,278,384,105" oya="2" hai0="49,117,101,33,18,6,26,66,96,72,110,19,87" hai1="135,4,124,14,41,2,54,55,36,103,73,53,80" hai2="23,3,134,88,12,40,25,98,60,119,20,52,91" hai3="76,74,86,43,17,62,51,68,105,56,123,75,11"/><V125/><F3/><W48/><G123/><T0/><D110/><U46/><E124/><V111/><F119/><W16/><G105/><T5/><D72/><U15/><E135/><V121/><F121/><W129/><G68/><T93/><D117/><U32/><E32/><V94/><F125/><W85/><G129/><T39/><D39/><U57/><E103/><V92/><F134/><W118/><G118/><T78/><D49/><U95/><E95/><V89/><F111/><W69/><G69/><T126/><D126/><U112/><E57/><N who="2" m="34855" /><F40/><W28/><G28/><T21/><D33/><U100/><E100/><N who="2" m="60487" /><F12/><W127/><G127/><T44/><D0/><U65/><E112/><V30/><F20/><W35/><G35/><T58/><D44/><U113/><E113/><V9/><F9/><W104/><G104/><T13/><D13/><U97/><E97/><AGARI ba="1,0" hai="23,25,30,88,89,91,94,97" m="60487,34855" machi="97" ten="30,5800,0" yaku="8,1,54,2" doraHai="63" who="2" fromWho="1" sc="233,0,278,-61,384,61,105,0" /><INIT seed="6,2,0,4,0,127" ten="233,217,445,105" oya="2" hai0="94,102,38,0,83,13,14,91,34,125,128,84,59" hai1="73,101,24,78,57,22,117,133,20,32,4,15,69" hai2="103,33,39,75,118,55,95,41,90,111,52,37,70" hai3="122,2,104,71,116,119,88,93,100,132,53,120,49"/><V77/><F33/><W82/><G71/><T99/><D0/><U30/><E117/><N who="3" m="45130" /><G49/><T56/><D34/><U114/><E69/><V40/><F70/><W19/><G53/><T135/><D38/><U80/><E133/><V31/><F118/><W86/><G19/><T74/><D135/><U134/><E134/><V50/><F31/><W130/><G2/><T76/><D125/><U17/><E114/><V44/><F103/><W108/><G132/><T62/><D56/><U10/><E101/><V25/><F111/><W43/><G43/><T42/><D42/><U129/><E129/><V27/><F77/><W106/><G108/><T54/><REACH who="0" step="1"/><D128/><REACH who="0" ten="223,217,445,105" step="2"/><U107/><E107/><AGARI ba="2,1" hai="13,14,54,59,62,74,76,83,84,91,94,99,102,107" machi="107" ten="30,8000,1" yaku="1,1,2,1,7,1,24,2,53,0" doraHai="127" doraHaiUra="18" who="0" fromWho="1" sc="223,96,217,-86,445,0,105,0" /><INIT seed="7,0,0,4,1,118" ten="319,131,445,105" oya="3" hai0="107,24,41,116,34,104,66,2,87,111,120,23,64" hai1="48,51,9,33,45,121,5,128,126,76,95,134,78" hai2="88,70,135,86,11,96,93,112,63,57,125,0,4" hai3="38,16,32,42,46,31,124,6,110,50,79,119,18"/><W69/><G119/><T47/><D111/><U97/><E121/><V89/><F112/><W99/><G69/><T14/><D120/><U22/><E33/><V36/><F125/><W80/><G124/><T25/><D2/><U19/><E126/><V73/><F135/><W12/><G110/><T61/><D116/><U1/><E134/><V27/><F73/><W109/><G109/><T37/><D64/><U21/><E128/><V8/><F36/><W59/><G99/><T100/><D14/><U106/><E106/><V43/><F70/><W131/><G131/><T90/><D100/><U62/><E62/><V28/><F43/><W67/><G31/><T30/><D25/><U35/><E35/><V3/><F8/><N who="3" m="4119" /><G38/><T132/><D34/><U83/><E45/><V94/><F0/><W20/><G32/><T82/><D132/><U52/><E52/><V81/><F28/><W40/><G40/><T60/><D60/><U115/><E115/><V108/><F108/><W91/><G91/><T72/><D72/><U85/><E76/><V71/><F71/><AGARI ba="0,0" hai="23,24,30,37,41,47,61,66,71,82,87,90,104,107" machi="71" ten="30,1000,0" yaku="7,1" doraHai="118" who="0" fromWho="2" sc="319,10,131,0,445,-10,105,0" owari="329,12.9,131,-26.9,435,53.5,105,-39.5" /></mjloggm>