<mjloggm ver="2.3"><GO type="169" lobby="0"/><UN n0="%E7%91%9E%E5%8E%9F%E3%83%B4%E3%82%A1%E3%82%AE%E3%83%8A" n1="%6E%69%6E%6A%61%68" n2="%E3%83%95%E3%82%AF%E3%83%AD%E3%82%A6%E3%82%B5%E3%83%B3" n3="%42%42%E3%81%A7%E3%81%99%E3%80%82" dan="16,16,17,17" rate="2072.50,2117.79,2195.07,2177.72" sx="M,M,M,M"/><TAIKYOKU oya="0"/><INIT seed="0,0,0,2,3,74" ten="250,250,250,250" oya="0" hai0="42,12,102,131,103,81,36,49,93,89,64,101,46" hai1="120,71,41,25,72,31,126,58,37,18,35,55,50" hai2="66,114,109,134,98,76,117,0,22,29,92,121,88" hai3="5,130,54,6,67,91,63,73,32,47,14,84,48"/><T56/><D131/><U119/><E119/><V23/><F121/><W128/><G73/><T30/><D30/><U33/><E120/><V132/><F0/><W129/><G32/><T100/><N who="0" m="25600" /><DORA hai="44" /><T75/><D12/><U78/><E126/><V112/><F66/><W1/><G14/><T127/><D127/><U16/><E33/><V82/><F109/><W20/><G20/><N who="2" m="7721" /><F29/><W65/><G1/><T96/><D64/><N who="3" m="24649" /><G63/><T123/><D123/><U99/><E99/><V110/><F110/><W116/><G116/><T80/><REACH who="0" step="1"/><D75/><REACH who="0" ten="240,250,250,250" step="2"/><U3/><E3/><V70/><F117/><W86/><G86/><T10/><D10/><U60/><E71/><V79/><F70/><W133/><G133/><N who="2" m="51305" /><F76/><W124/><G124/><T97/><D97/><U21/><E78/><V8/><F8/><W43/><G130/><T77/><D77/><U17/><E72/><AGARI ba="0,1" hai="72,79,82,88,92,98,112,114" m="51305,7721" machi="72" ten="30,3900,0" yaku="20,1,52,1,54,1" doraHai="74,44" who="2" fromWho="1" sc="240,0,250,-39,250,49,250,0" /><INIT seed="1,0,0,2,1,39" ten="240,211,299,250" oya="1" hai0="103,8,18,43,52,55,50,53,2,115,101,98,128" hai1="47,86,82,33,119,49,91,31,135,68,9,61,6" hai2="38,121,76,71,132,40,51,110,21,97,95,102,114" hai3="13,125,62,99,74,58,54,123,36,35,22,72,64"/><U5/><E135/><V78/><F121/><W120/><G35/><T42/><D115/><U93/><E119/><V73/><F71/><W107/><G125/><T46/><D128/><U88/><E33/><V106/><F38/><W65/><G36/><T17/><D2/><U77/><E31/><V19/><F73/><W109/><G109/><T108/><D108/><U37/><E37/><V45/><F110/><W66/><G74/><T12/><D43/><U79/><E6/><V111/><F111/><W116/><G72/><T83/><D83/><U4/><E4/><V96/><F132/><W130/><G130/><T59/><D18/><U29/><E29/><V134/><F114/><W112/><G112/><T27/><D27/><U87/><E61/><V10/><F10/><W20/><G116/><T16/><D17/><U60/><E60/><V69/><F69/><W100/><REACH who="3" step="1"/><G13/><REACH who="3" ten="240,211,299,240" step="2"/><T104/><REACH who="0" step="1"/><D103/><REACH who="0" ten="230,211,299,240" step="2"/><U15/><REACH who="1" step="1"/><E68/><REACH who="1" ten="230,201,299,240" step="2"/><V89/><REACH who="2" step="1"/><F134/><REACH who="2" ten="230,201,289,240" step="2"/><RYUUKYOKU type="reach4" ba="0,4" sc="230,0,201,0,289,0,240,0" hai0="8,12,16,42,46,50,52,53,55,59,98,101,104" hai1="5,9,15,47,49,77,79,82,86,87,88,91,93" hai2="19,21,40,45,51,76,78,89,95,96,97,102,106" hai3="20,22,54,58,62,64,65,66,99,100,107,120,123" /><INIT seed="1,1,4,3,3,107" ten="230,201,289,240" oya="1" hai0="125,70,100,4,98,50,104,37,121,108,74,130,79" hai1="6,116,89,109,7,63,101,39,78,119,64,42,85" hai2="53,75,55,69,32,66,35,120,46,11,110,62,128" hai3="115,24,82,38,131,13,57,112,30,27,113,92,76"/><U122/><E122/><V34/><F120/><W71/><G71/><T93/><D121/><U97/><E78/><V86/><F75/><W111/><G38/><T23/><D37/><U0/><E109/><V72/><F72/><W80/><G111/><T106/><D108/><U65/><E42/><V43/><F110/><W18/><G131/><T36/><D36/><U67/><E63/><V20/><F128/><W94/><G57/><T58/><D70/><U133/><E133/><V8/><F20/><W126/><G126/><T10/><D125/><U25/><E25/><V1/><F86/><W73/><G82/><T84/><D130/><U123/><E39/><V9/><REACH who="2" step="1"/><F1/><REACH who="2" ten="230,201,279,240" step="2"/><W132/><G132/><T5/><D23/><U41/><E0/><V15/><F15/><W14/><G14/><T19/><D74/><U33/><E123/><V17/><F17/><W127/><G127/><T91/><D19/><U47/><E33/><V60/><F60/><W117/><G117/><T83/><D5/><U68/><E116/><V129/><F129/><W90/><G30/><T77/><D4/><U102/><E119/><V12/><F12/><W28/><G28/><T3/><D3/><U81/><E7/><V40/><F40/><W44/><G13/><T2/><D2/><U61/><E6/><V103/><F103/><N who="1" m="39433" /><E97/><V16/><F16/><W99/><G18/><T124/><D124/><U88/><E65/><V95/><F95/><W51/><REACH who="3" step="1"/><G94/><REACH who="3" ten="230,201,279,230" step="2"/><T21/><D93/><N who="1" m="54415" /><E67/><V29/><F29/><W134/><G134/><T59/><D106/><U105/><E105/><V31/><F31/><RYUUKYOKU ba="1,6" sc="230,-15,201,-15,279,15,230,15" hai2="8,9,11,32,34,35,43,46,53,55,62,66,69" hai3="24,27,44,51,73,76,80,90,92,99,112,113,115" /><INIT seed="2,2,6,1,5,46" ten="215,186,294,245" oya="2" hai0="129,36,103,90,25,53,7,17,98,127,80,62,106" hai1="4,123,84,124,105,81,113,135,126,72,114,19,71" hai2="8,18,21,119,6,108,82,22,101,107,48,12,60" hai3="96,45,85,74,61,59,116,120,121,28,23,93,102"/><V33/><F119/><W109/><G74/><T31/><D36/><U95/><E71/><V89/><F33/><W1/><G116/><T133/><D129/><U37/><E37/><V57/><F108/><W52/><G1/><T86/><D127/><N who="1" m="48683" /><E19/><V100/><F107/><W15/><G109/><T20/><D133/><U128/><E4/><V88/><F22/><W69/><G69/><T77/><D7/><U94/><E123/><V26/><F48/><N who="3" m="28687" /><G85/><T49/><D62/><U63/><E63/><V112/><F112/><N who="1" m="43113" /><E128/><V91/><REACH who="2" step="1"/><F82/><REACH who="2" ten="215,186,284,245" step="2"/><W79/><G121/><T44/><REACH who="0" step="1"/><D31/><REACH who="0" ten="205,186,284,245" step="2"/><U16/><E135/><V64/><AGARI ba="2,8" hai="6,8,12,18,21,26,57,60,64,88,89,91,100,101" machi="64" ten="30,18000,2" yaku="1,1,2,1,0,1,8,1,54,1,53,1" doraHai="46" doraHaiUra="10" who="2" fromWho="2" sc="205,-62,186,-62,284,266,245,-62" /><INIT seed="2,3,0,2,0,0" ten="143,124,550,183" oya="2" hai0="76,65,96,74,69,45,95,52,71,23,128,26,9" hai1="41,116,106,123,57,119,124,56,83,42,25,113,84" hai2="38,108,131,5,111,92,99,127,15,132,16,85,120" hai3="129,101,133,35,58,27,107,37,17,117,98,24,19"/><V122/><F38/><W1/><G117/><T55/><D128/><U22/><E106/><V20/><F85/><W47/><G129/><T39/><D74/><U54/><E113/><V53/><F131/><W118/><G118/><T48/><D76/><U61/><E124/><V112/><F112/><W105/><G105/><T50/><D39/><U21/><E123/><V91/><F127/><W109/><G1/><T51/><D9/><U2/><E2/><V40/><F40/><W63/><G109/><N who="2" m="42057" /><F132/><W97/><G97/><T64/><D71/><U32/><E32/><V68/><F68/><W43/><G133/><T36/><D36/><U72/><E72/><V121/><F53/><W46/><G46/><T82/><D82/><U104/><E104/><V73/><F73/><W62/><G43/><T77/><D77/><U4/><E41/><V70/><F70/><W30/><G37/><T94/><D94/><U12/><E42/><V90/><F90/><W86/><G86/><T34/><D34/><U14/><E84/><V59/><F59/><W6/><G107/><T11/><D11/><U102/><E57/><V44/><F44/><W75/><G58/><N who="0" m="33031" /><D51/><U89/><E116/><V93/><F93/><W10/><G75/><T126/><D69/><U67/><E83/><V60/><F60/><W80/><G80/><T135/><D135/><U81/><E81/><V33/><F33/><W115/><G115/><T8/><D126/><U79/><E61/><V49/><F49/><W134/><G63/><T3/><D50/><U125/><E125/><V103/><F103/><W114/><G114/><RYUUKYOKU ba="3,0" sc="143,-10,124,-10,550,30,183,-10" hai2="5,15,16,20,91,92,99,120,121,122" /><INIT seed="2,4,0,0,3,89" ten="133,114,580,173" oya="2" hai0="119,6,62,111,25,1,91,94,18,93,26,129,110" hai1="16,80,31,44,7,61,69,134,65,96,36,55,75" hai2="118,9,125,124,10,4,57,35,53,85,121,122,76" hai3="83,48,64,92,77,47,103,54,105,52,117,109,45"/><V114/><F35/><W20/><G117/><T11/><D119/><U39/><E7/><V66/><F66/><W87/><G109/><N who="0" m="41483" /><D129/><U42/><E134/><V60/><F118/><W5/><G105/><T59/><D18/><U21/><E31/><V51/><F114/><W3/><G64/><N who="0" m="39007" /><D91/><U107/><E55/><V27/><F27/><AGARI ba="4,0" hai="1,6,11,25,26,27,93,94" m="39007,41483" machi="27" ten="30,3900,0" yaku="14,1,52,2" doraHai="89" who="0" fromWho="2" sc="133,51,114,0,580,-51,173,0" /><INIT seed="3,0,0,1,5,9" ten="184,114,529,173" oya="3" hai0="4,107,28,46,66,48,51,42,121,13,5,118,82" hai1="94,112,64,50,12,29,57,37,30,90,6,63,53" hai2="109,104,24,86,117,115,41,113,96,99,119,75,89" hai3="11,135,60,85,111,91,128,23,80,105,16,114,18"/><W97/><G114/><N who="2" m="43529" /><F24/><W62/><G128/><T129/><D121/><U79/><E79/><V98/><F41/><W70/><G135/><T0/><D0/><U32/><E32/><V101/><F75/><W45/><G111/><T25/><D107/><U52/><E37/><V125/><F125/><W56/><G70/><T120/><D120/><U95/><E53/><V58/><F58/><W71/><G71/><T26/><D118/><N who="2" m="45066" /><F109/><W17/><G45/><T10/><D129/><U44/><E112/><V133/><F133/><W55/><G11/><T31/><D66/><U3/><E3/><V38/><F38/><W8/><G8/><T69/><D69/><U47/><E47/><V1/><F1/><W123/><G123/><T14/><D46/><U74/><E74/><V36/><F36/><W20/><REACH who="3" step="1"/><G60/><REACH who="3" ten="184,114,529,163" step="2"/><T68/><D10/><N who="1" m="4183" /><E95/><AGARI ba="0,1" hai="86,89,95,96,98,99,101,104" m="45066,43529" machi="95" ten="30,2000,0" yaku="34,2" doraHai="9" who="2" fromWho="1" sc="184,0,114,-20,529,30,163,0" /><INIT seed="4,0,0,5,0,33" ten="184,94,559,163" oya="0" hai0="116,41,34,120,52,48,115,101,66,58,70,46,72" hai1="111,128,30,36,2,64,109,71,7,54,8,40,45" hai2="68,43,135,118,86,93,5,107,6,26,79,82,1" hai3="23,117,20,49,88,122,105,39,90,119,27,25,106"/><T92/><D72/><U61/><E128/><V75/><F68/><W35/><G35/><T96/><D116/><U73/><E73/><V91/><F118/><W81/><G49/><T121/><D34/><U94/><E30/><V84/><F135/><W103/><G103/><T67/><D115/><U133/><E133/><V114/><F114/><W32/><G32/><T13/><D13/><U10/><E10/><V100/><F43/><W42/><G42/><T0/><D0/><U19/><E19/><V18/><F86/><W77/><G81/><T129/><D129/><U31/><E31/><V29/><F18/><W78/><REACH who="3" step="1"/><G39/><REACH who="3" ten="184,94,559,153" step="2"/><N who="0" m="21823" /><D70/><U38/><E38/><V130/><F130/><W12/><G12/><T125/><D121/><AGARI ba="0,1" hai="20,23,25,27,77,78,88,90,105,106,117,119,121,122" machi="121" ten="25,12000,2" yaku="1,1,22,2,54,1,53,2" doraHai="33" doraHaiUra="21" who="3" fromWho="0" sc="184,-120,94,0,559,0,153,130" /><INIT seed="5,0,0,2,0,109" ten="64,94,559,283" oya="1" hai0="28,48,7,84,62,9,79,130,32,99,33,108,45" hai1="114,35,92,2,36,14,73,105,80,95,47,17,49" hai2="41,31,119,78,16,39,107,52,87,30,57,21,83" hai3="37,117,3,58,132,135,25,103,71,67,131,38,27"/><U106/><E35/><V125/><F107/><W44/><G3/><T56/><D108/><U86/><E36/><V40/><F125/><W134/><G131/><T129/><D99/><U74/><E2/><V68/><F68/><W126/><G126/><T115/><D28/><N who="2" m="10794" /><F39/><N who="3" m="14859" /><G117/><T110/><D110/><U75/><E105/><V6/><F6/><W24/><G44/><T77/><D32/><U127/><E127/><V116/><F116/><W61/><G103/><T118/><D33/><U51/><E51/><N who="2" m="30879" /><F119/><W100/><G100/><T13/><D118/><U50/><E50/><V5/><F5/><W120/><G120/><T123/><D123/><U89/><E106/><V101/><F101/><W66/><G71/><T19/><D7/><U122/><E122/><V124/><F124/><W85/><G67/><T113/><D130/><U90/><E90/><V20/><F20/><W72/><G72/><T63/><D129/><U82/><E73/><V23/><F23/><W53/><G66/><T12/><D12/><AGARI ba="0,0" hai="12,16,21,40,41,78,83,87" m="30879,10794" machi="12" ten="30,3900,0" yaku="8,1,54,2" doraHai="109" who="2" fromWho="0" sc="64,-39,94,0,559,39,283,0" /><INIT seed="6,0,0,3,3,102" ten="25,94,598,283" oya="2" hai0="133,79,16,29,44,91,6,38,14,23,66,34,78" hai1="92,48,54,56,121,85,37,101,134,67,68,105,70" hai2="98,90,76,115,2,81,19,112,27,58,89,107,11" hai3="124,61,33,41,28,119,55,95,35,110,17,87,128"/><V106/><F58/><W74/><G87/><T4/><D133/><U52/><E134/><V100/><F27/><W72/><G95/><T53/><D66/><U99/><E37/><V1/><F19/><W132/><G55/><T83/><D34/><U10/><E121/><V36/><F36/><W93/><G93/><T75/><D29/><U113/><E113/><N who="2" m="43595" /><F11/><W114/><G17/><T111/><D111/><U59/><E10/><V5/><F5/><W30/><G30/><T46/><D79/><U104/><E67/><V8/><F8/><W47/><G28/><T26/><D26/><U108/><E108/><V127/><F127/><W109/><G109/><T86/><D46/><U103/><E85/><N who="2" m="48295" /><F107/><W32/><G47/><T3/><D3/><AGARI ba="0,0" hai="1,2,3,89,90,98,100,106" m="48295,43595" machi="3" ten="30,2900,0" yaku="15,1,52,1" doraHai="102" who="2" fromWho="0" sc="25,-29,94,0,598,29,283,0" owari="-4,-50.4,94,-30.6,627,72.7,283,8.3" /></mjloggm>