<mjloggm ver="2.3"><GO type="169" lobby="0"/><UN n0="%E7%BC%B6%E3%82%B3%E3%83%92" n1="%E5%A7%AB%E7%95%99" n2="%74%61%63%6F%73" n3="%41%4C%50%45%52%49%4E" dan="16,16,18,17" rate="2041.38,2133.58,2184.05,2184.36" sx="M,M,M,M"/><TAIKYOKU oya="0"/><INIT seed="0,0,0,3,1,104" ten="250,250,250,250" oya="0" hai0="22,96,82,4,128,52,34,60,37,130,127,111,73" hai1="10,133,39,5,121,61,118,42,79,78,36,63,6" hai2="132,67,7,83,56,69,45,89,26,24,125,103,9" hai3="43,8,19,77,58,2,107,28,41,71,94,51,120"/><T13/><D34/><U100/><E100/><V101/><F69/><W109/><G107/><T105/><D37/><U18/><E10/><V53/><F132/><W35/><G71/><T1/><D127/><U11/><E11/><V25/><F67/><W55/><G109/><T70/><D70/><U97/><E97/><V12/><F45/><W32/><G120/><T66/><D66/><U110/><E121/><V38/><F38/><W88/><G77/><N who="0" m="44335" /><D1/><U0/><E0/><V27/><N who="2" m="6144" /><DORA hai="76" /><V48/><REACH who="2" step="1"/><F125/><REACH who="2" ten="250,250,240,250" step="2"/><W49/><G35/><T116/><D111/><U3/><E110/><V91/><F91/><W31/><G32/><T21/><D128/><U64/><E64/><V50/><F50/><W90/><G90/><T20/><D130/><U117/><E133/><V119/><F119/><W135/><G51/><T99/><D116/><U134/><E134/><V115/><F115/><W114/><G135/><T98/><D105/><U68/><E68/><V126/><F126/><W30/><G114/><T129/><D129/><U95/><E118/><V14/><F14/><N who="3" m="7623" /><G2/><T93/><D13/><U54/><E3/><V46/><F46/><W87/><AGARI ba="0,1" hai="28,30,31,41,43,49,55,58,87,88,94" m="7623" machi="87" ten="30,2000,0" yaku="8,1,54,1" doraHai="104,76" who="3" fromWho="3" sc="250,-10,250,-5,240,-5,250,30" /><INIT seed="1,0,0,1,4,74" ten="240,245,235,280" oya="1" hai0="87,28,45,69,18,81,113,131,14,60,26,128,85" hai1="82,104,39,19,66,108,133,105,111,17,127,116,15" hai2="117,7,54,30,16,83,77,96,32,9,130,47,125" hai3="122,126,38,53,11,114,42,40,2,43,98,68,44"/><U62/><E116/><V94/><F117/><W84/><G122/><T91/><D113/><U124/><E39/><V58/><F125/><N who="1" m="48201" /><E133/><V100/><F130/><W109/><G126/><T110/><D110/><N who="1" m="42027" /><E82/><V107/><F47/><W34/><G68/><T23/><D45/><U72/><E72/><V65/><F58/><W4/><G34/><T92/><D60/><U10/><E19/><V79/><F16/><W57/><G114/><T78/><REACH who="0" step="1"/><D69/><AGARI ba="0,0" hai="10,15,17,62,66,69,104,105" m="42027,48201" machi="69" ten="30,5800,0" yaku="18,1,14,1,10,1" doraHai="74" who="1" fromWho="0" sc="240,-58,245,58,235,0,280,0" /><INIT seed="1,1,0,3,4,113" ten="182,303,235,280" oya="1" hai0="81,98,10,134,109,54,73,4,83,84,14,49,22" hai1="80,116,0,94,124,24,125,53,123,61,44,122,90" hai2="15,45,9,64,13,20,71,121,66,126,105,40,27" hai3="112,95,59,103,47,37,7,5,129,118,74,30,132"/><U86/><E0/><V56/><F121/><W57/><G74/><T119/><D119/><U52/><E24/><V128/><F71/><W42/><G112/><T102/><D109/><U87/><E116/><V106/><F126/><N who="1" m="48745" /><E61/><V96/><F128/><W110/><G110/><T99/><D134/><U23/><E23/><V85/><F85/><W38/><G132/><T8/><D73/><U12/><E12/><V130/><F130/><W76/><G129/><T72/><D72/><U107/><E107/><V60/><F64/><W133/><G133/><T89/><D22/><U39/><E39/><V82/><F15/><W127/><G118/><T18/><D102/><U114/><E114/><V63/><F63/><W93/><G127/><T48/><D83/><U6/><E6/><V55/><F82/><W11/><G30/><T79/><D79/><N who="1" m="46367" /><E44/><V78/><F45/><W51/><G47/><T104/><D104/><U2/><E2/><V92/><F105/><W43/><G11/><T28/><D28/><U26/><E26/><V65/><F106/><W75/><G51/><T77/><D49/><U62/><E62/><V100/><F65/><W3/><G3/><N who="0" m="31" /><D77/><U41/><E41/><V69/><F78/><W50/><G50/><T33/><D33/><U117/><E117/><V108/><F40/><W19/><G76/><T25/><D25/><U70/><E70/><V21/><F27/><W35/><G75/><T97/><D48/><U115/><E115/><V36/><F108/><W135/><G35/><T101/><D54/><AGARI ba="1,0" hai="52,53,54,87,90,94,122,123" m="46367,48745" machi="54" ten="30,2900,0" yaku="18,1,54,1" doraHai="113" who="1" fromWho="0" sc="182,-32,303,32,235,0,280,0" /><INIT seed="1,2,0,1,1,48" ten="150,335,235,280" oya="1" hai0="84,111,112,4,91,108,93,119,32,126,35,19,131" hai1="104,100,46,43,70,34,38,128,30,18,88,67,29" hai2="14,95,3,1,9,72,47,124,90,25,21,117,125" hai3="77,82,75,31,8,73,118,122,109,130,115,56,110"/><U53/><E18/><N who="2" m="12471" /><F72/><W54/><G115/><T89/><D119/><U98/><E128/><V79/><F79/><W45/><G122/><T102/><D102/><U16/><E34/><V105/><F105/><W116/><G75/><T41/><D112/><U69/><E88/><V10/><F47/><W134/><G134/><T15/><D4/><U86/><E86/><N who="2" m="52695" /><F117/><N who="3" m="45163" /><G130/><T39/><D126/><N who="2" m="48746" /><F10/><W26/><G8/><T92/><D131/><U50/><E16/><AGARI ba="2,0" hai="1,3,9,14,16" m="48746,52695,12471" machi="16" ten="30,2000,0" yaku="18,1,54,1" doraHai="48" who="2" fromWho="1" sc="150,0,335,-26,235,26,280,0" /><INIT seed="2,0,0,0,0,16" ten="150,309,261,280" oya="2" hai0="63,61,75,68,8,48,84,81,25,110,30,33,49" hai1="80,43,113,129,102,85,83,116,14,108,47,73,95" hai2="117,65,78,6,59,107,64,60,31,35,54,96,92" hai3="121,4,70,40,20,39,26,5,23,42,55,51,98"/><V29/><F117/><W134/><G70/><T79/><D110/><U120/><E113/><V50/><F107/><W133/><G121/><T132/><D132/><N who="3" m="50793" /><G98/><T37/><D37/><U15/><E116/><V103/><F35/><W67/><G67/><T111/><D111/><U52/><E108/><V45/><F6/><N who="3" m="2667" /><G39/><T17/><D75/><U24/><E73/><V13/><F78/><W86/><G86/><T71/><D71/><U28/><E43/><N who="3" m="16426" /><G26/><T77/><D77/><U66/><E24/><V69/><F65/><W90/><G90/><T112/><D68/><U44/><E85/><V36/><F36/><W104/><G104/><T109/><D109/><U130/><E66/><V97/><F69/><W0/><G0/><T99/><D99/><U18/><E120/><V131/><F96/><W105/><G105/><T126/><D84/><U32/><E44/><AGARI ba="0,0" hai="20,23,44,51,55" m="16426,2667,50793" machi="44" ten="30,3900,0" yaku="20,1,52,2" doraHai="16" who="3" fromWho="1" sc="150,0,309,-39,261,0,280,39" /><INIT seed="3,0,0,1,4,23" ten="150,270,261,319" oya="3" hai0="98,60,11,124,51,101,76,22,24,25,126,89,86" hai1="125,46,127,90,48,3,27,9,33,120,112,99,116" hai2="122,15,2,50,36,118,64,7,41,31,26,61,55" hai3="115,20,81,57,49,44,110,97,117,19,58,10,0"/><W32/><G117/><T119/><D119/><U100/><E120/><V103/><F118/><W105/><G115/><T42/><D76/><U129/><E116/><V43/><F2/><W108/><G32/><T59/><D11/><U111/><E112/><V106/><F122/><W134/><G134/><T135/><D135/><U77/><E111/><N who="3" m="42538" /><G81/><T40/><D22/><U93/><E77/><V21/><F36/><W131/><G131/><T82/><D51/><U121/><E129/><V54/><F106/><W104/><G10/><T123/><D123/><U95/><E121/><V56/><F103/><N who="3" m="62575" /><G0/><T74/><D74/><U1/><E9/><N who="2" m="4543" /><F64/><W17/><G105/><T63/><D42/><U30/><E1/><V13/><F13/><N who="3" m="9263" /><G19/><T71/><D40/><AGARI ba="0,0" hai="40,44,49,57,58" m="9263,62575,42538" machi="40" ten="30,2900,0" yaku="14,1,10,1" doraHai="23" who="3" fromWho="0" sc="150,-29,270,0,261,0,319,29" /><INIT seed="3,1,0,3,4,57" ten="121,270,261,348" oya="3" hai0="70,79,96,51,66,12,18,17,92,81,60,111,23" hai1="69,113,39,0,100,135,124,117,5,6,97,86,76" hai2="2,94,38,123,131,16,85,73,49,128,119,22,104" hai3="35,11,122,115,106,90,8,72,127,36,121,112,108"/><W134/><RYUUKYOKU type="yao9" ba="1,0" sc="121,0,270,0,261,0,348,0" hai3="8,11,35,36,72,90,106,108,112,115,121,122,127,134" /><INIT seed="3,2,0,4,5,7" ten="121,270,261,348" oya="3" hai0="119,1,26,114,93,77,11,41,84,106,103,91,17" hai1="68,54,125,111,25,100,12,131,102,69,123,117,71" hai2="118,35,27,29,2,0,92,8,28,127,18,58,101" hai3="13,135,40,121,132,24,72,44,99,36,9,109,52"/><W88/><G72/><T90/><D119/><U50/><E123/><V120/><F118/><W80/><G121/><T129/><D129/><U97/><E117/><V66/><F120/><W49/><G109/><T73/><D114/><U43/><E111/><V3/><F127/><W61/><G61/><T108/><D108/><U14/><E131/><V48/><F28/><W33/><G33/><T16/><D41/><U46/><E125/><V15/><F66/><W126/><G126/><T85/><D73/><U64/><E64/><V96/><F58/><W122/><G24/><T63/><D77/><U87/><E87/><V79/><F48/><W30/><G30/><T78/><D78/><U53/><E102/><V4/><REACH who="2" step="1"/><F79/><REACH who="2" ten="121,270,251,348" step="2"/><W32/><G122/><T124/><D124/><U83/><E50/><V134/><F134/><N who="3" m="51243" /><G32/><T55/><D63/><U21/><E69/><V5/><AGARI ba="2,1" hai="0,2,3,4,5,8,15,18,27,29,35,92,96,101" machi="5" ten="40,5200,0" yaku="1,1,0,1,52,1,53,0" doraHai="7" doraHaiUra="37" who="2" fromWho="2" sc="121,-15,270,-15,251,68,348,-28" /><INIT seed="4,0,0,5,1,18" ten="106,255,319,320" oya="0" hai0="112,4,125,14,76,67,54,92,77,123,60,90,72" hai1="34,24,73,25,30,31,32,33,89,109,62,23,64" hai2="38,84,115,130,55,110,107,111,87,11,124,50,8" hai3="22,58,86,100,80,94,68,27,132,82,3,108,45"/><T117/><D123/><U66/><E109/><V41/><F107/><W47/><G68/><T61/><D117/><U103/><E73/><V52/><F38/><W119/><G3/><T120/><D120/><U113/><E113/><V127/><F41/><W39/><G119/><T129/><D112/><U44/><E44/><V28/><F115/><W40/><G108/><T26/><D125/><U128/><E128/><V46/><F28/><W16/><G132/><T88/><D129/><U1/><E1/><V79/><F130/><W29/><G47/><T131/><D131/><U15/><E15/><V98/><F46/><W74/><G74/><T99/><D72/><U83/><E103/><V49/><F98/><W5/><G5/><T97/><D54/><U126/><E126/><V12/><F12/><W81/><G58/><N who="0" m="37271" /><D61/><U96/><E66/><V106/><F106/><W91/><REACH who="3" step="1"/><G29/><REACH who="3" ten="106,255,319,310" step="2"/><T85/><D26/><U17/><E25/><V43/><F43/><W78/><G78/><AGARI ba="0,1" hai="8,11,49,50,52,55,78,79,84,87,110,111,124,127" machi="78" ten="25,3200,0" yaku="22,2,54,1" doraHai="18" who="2" fromWho="3" sc="106,0,255,0,319,42,310,-32" /><INIT seed="5,0,0,5,3,35" ten="106,255,361,278" oya="1" hai0="8,11,74,50,129,25,52,38,89,14,93,28,78" hai1="99,107,85,10,17,124,0,37,109,113,46,13,90" hai2="80,51,84,7,70,58,64,120,44,27,104,98,36" hai3="45,134,12,118,96,2,108,94,73,4,41,91,132"/><U79/><E113/><V21/><F120/><W121/><G121/><T130/><D38/><U102/><E124/><V71/><F36/><W54/><G108/><T72/><D78/><U9/><E109/><V105/><F7/><W26/><G118/><T42/><D42/><U34/><E34/><V131/><F131/><W61/><G73/><T47/><D74/><U56/><E56/><V22/><F58/><W135/><G12/><T1/><D72/><U117/><E117/><V23/><F27/><W76/><G76/><T66/><D66/><U39/><E79/><V29/><F29/><W65/><G54/><T81/><D81/><U3/><E10/><V57/><F57/><W116/><G116/><T115/><D115/><U43/><REACH who="1" step="1"/><E37/><REACH who="1" ten="106,245,361,278" step="2"/><V6/><F70/><W33/><G33/><T112/><D112/><U60/><E60/><V114/><F71/><W53/><G61/><T20/><D11/><U48/><E48/><V19/><F51/><W123/><G123/><T62/><D62/><U68/><E68/><V97/><F114/><W40/><G135/><T103/><D129/><U63/><E63/><V111/><F111/><W125/><G134/><T32/><D130/><U18/><E18/><V83/><F19/><W106/><G132/><T16/><D32/><U59/><E59/><V77/><F77/><W88/><G125/><T133/><D133/><U15/><E15/><V86/><F64/><W110/><G110/><T95/><D1/><U55/><E55/><V49/><F49/><W100/><G53/><T92/><D103/><U122/><E122/><V24/><F22/><RYUUKYOKU ba="0,1" sc="106,15,245,15,361,-15,278,-15" hai0="8,14,16,20,25,28,47,50,52,89,92,93,95" hai1="0,3,9,13,17,39,43,46,85,90,99,102,107" /><INIT seed="5,1,1,2,1,5" ten="121,260,346,263" oya="1" hai0="70,71,33,120,40,75,132,103,97,43,53,19,38" hai1="41,112,99,130,79,74,10,88,90,64,59,106,2" hai2="42,123,86,110,105,127,28,111,68,8,129,115,93" hai3="44,102,124,24,77,108,39,107,81,14,119,94,57"/><U46/><E112/><V54/><F105/><W66/><G107/><T78/><D132/><U134/><E134/><V29/><F68/><W20/><G119/><T87/><D75/><U23/><E23/><V62/><F123/><W113/><G108/><T114/><D114/><U118/><E118/><V67/><F42/><W45/><G113/><T31/><D53/><U21/><E21/><V56/><F115/><W126/><G14/><T13/><D31/><U83/><E130/><V48/><F129/><W51/><G94/><T1/><D1/><U4/><E59/><N who="2" m="37343" /><F111/><W7/><G102/><T32/><D120/><U12/><E12/><V133/><F127/><N who="3" m="48683" /><G7/><T116/><D116/><U121/><E64/><V18/><F133/><W30/><G39/><T63/><D33/><U55/><E55/><V49/><F49/><W52/><G66/><T95/><D32/><U0/><E0/><V69/><F93/><W58/><G58/><T125/><D125/><U92/><E106/><V35/><F56/><W15/><G15/><T11/><D63/><U25/><E25/><V9/><F110/><W96/><G96/><T109/><D109/><U100/><E121/><V47/><F69/><W60/><G60/><T128/><D128/><U85/><E85/><AGARI ba="1,1" hai="20,24,30,44,45,51,52,57,77,81,85" m="48683" machi="85" ten="30,2000,0" yaku="18,1,54,1" doraHai="5" who="3" fromWho="1" sc="121,0,260,-23,346,0,263,33" /><INIT seed="6,0,0,1,0,86" ten="121,237,346,296" oya="2" hai0="105,116,125,15,10,120,35,94,100,117,68,95,0" hai1="77,132,36,26,9,25,45,65,28,83,81,112,42" hai2="46,110,71,131,87,119,13,11,34,74,60,135,5" hai3="91,19,31,64,76,109,43,51,124,96,133,113,104"/><V4/><F74/><W118/><G118/><T98/><D68/><U16/><E112/><V1/><F119/><N who="0" m="45642" /><D0/><U44/><E65/><V79/><F34/><W8/><G109/><T123/><D35/><U24/><E132/><V50/><F135/><W88/><G133/><T134/><D15/><U2/><E83/><V21/><F131/><W18/><G113/><T69/><D10/><U72/><E45/><V17/><F5/><W102/><G124/><T130/><D69/><U66/><E66/><V73/><F73/><W57/><G31/><T126/><D134/><U85/><E85/><V115/><F110/><W128/><G128/><T122/><D130/><U47/><E47/><V99/><F99/><W63/><G76/><T90/><D105/><U108/><E108/><V107/><F107/><W67/><G67/><T75/><D75/><U59/><E59/><V58/><F71/><W82/><G82/><T93/><D93/><U41/><E41/><V55/><F115/><W27/><G8/><T78/><D78/><U61/><E61/><V7/><F7/><W23/><REACH who="3" step="1"/><G19/><REACH who="3" ten="121,237,346,286" step="2"/><T48/><D48/><U127/><E16/><V22/><F4/><W89/><G89/><T53/><D53/><U103/><E28/><V97/><F55/><W3/><G3/><T111/><D111/><U56/><E2/><V54/><F1/><W39/><G39/><T30/><D30/><U106/><E36/><V129/><F79/><W80/><G80/><T6/><D6/><U70/><E81/><V38/><F38/><W12/><G12/><T14/><D14/><U84/><E77/><RYUUKYOKU ba="0,1" sc="121,15,237,-15,346,-15,286,15" hai0="90,94,95,98,100,120,122,123,125,126" hai3="18,23,27,43,51,57,63,64,88,91,96,102,104" /><INIT seed="7,1,1,4,4,0" ten="136,222,331,301" oya="3" hai0="32,76,90,2,41,27,83,101,64,56,95,84,61" hai1="40,12,62,118,111,51,8,132,59,85,4,34,28" hai2="42,25,123,96,121,13,97,19,3,99,126,48,45" hai3="67,21,55,94,105,131,92,20,102,127,108,122,38"/><W115/><G122/><N who="2" m="46601" /><F126/><W37/><G127/><T65/><D2/><U26/><E132/><V79/><F3/><W24/><G115/><T119/><D119/><U74/><E74/><V58/><F79/><W128/><G108/><T72/><D41/><U10/><E118/><V57/><F25/><W49/><G67/><T1/><D1/><U36/><E85/><V125/><F125/><W109/><G109/><T22/><D32/><U47/><E10/><AGARI ba="1,1" hai="10,13,19,42,45,48,57,58,96,97,99" m="46601" machi="10" ten="30,1000,0" yaku="13,1" doraHai="0" who="2" fromWho="1" sc="136,0,222,-13,331,23,301,0" owari="136,-36.4,209,-19.1,354,45.4,301,10.1" /></mjloggm>