<mjloggm ver="2.3"><GO type="169" lobby="0"/><UN n0="%E8%B5%A4%E6%AF%9B%E3%81%AE%E3%82%AD%E3%83%A7%E3%83%B3" n1="%E7%B8%A6%E9%B3%A5%E5%8D%83%E6%B3%A2" n2="%6F%6B%61%62%65%73%68%69" n3="%E5%B2%A9%E4%B8%8A%E9%80%9A%E3%82%8A" dan="18,16,17,16" rate="2290.62,2151.75,2185.79,2118.16" sx="M,F,M,M"/><TAIKYOKU oya="0"/><INIT seed="0,0,0,5,0,52" ten="250,250,250,250" oya="0" hai0="108,126,6,124,27,1,16,78,88,64,79,102,73" hai1="11,37,23,9,84,54,135,87,99,59,65,89,25" hai2="116,46,36,91,130,50,86,127,107,105,131,7,38" hai3="21,39,72,28,22,71,101,125,51,34,76,24,60"/><T92/><D102/><U104/><E37/><V120/><F120/><W110/><G39/><T134/><D134/><U20/><E135/><V62/><F36/><W69/><G125/><N who="0" m="48235" /><D108/><U113/><E113/><V0/><F127/><W18/><G110/><T48/><D73/><U98/><E65/><V41/><F116/><W128/><G128/><N who="2" m="49193" /><F0/><W122/><G122/><T47/><D64/><U106/><E54/><V29/><F7/><W94/><G51/><T61/><D61/><U132/><E132/><V111/><F111/><W57/><G34/><T12/><D27/><U63/><E63/><V80/><F29/><W67/><G76/><T44/><D6/><U93/><E89/><V133/><F133/><W15/><REACH who="3" step="1"/><G72/><REACH who="3" ten="250,250,250,240" step="2"/><T109/><D109/><U42/><E42/><V81/><F38/><W4/><G4/><T96/><D1/><U115/><E115/><V3/><F3/><W40/><G40/><N who="0" m="24583" /><D47/><U66/><E104/><N who="2" m="40011" /><F62/><W35/><G35/><T82/><D82/><AGARI ba="0,1" hai="41,46,50,80,81,82,86,91" m="40011,49193" machi="82" ten="30,1000,0" yaku="19,1" doraHai="52" who="2" fromWho="0" sc="250,-10,250,0,250,20,240,0" /><INIT seed="1,0,0,1,2,109" ten="240,250,270,240" oya="1" hai0="37,106,33,38,71,2,15,113,111,14,108,35,100" hai1="96,48,102,135,128,65,97,69,120,7,77,119,12" hai2="13,78,117,25,90,76,67,124,122,132,104,45,116" hai3="75,46,1,10,115,110,118,49,121,43,19,125,91"/><U126/><E119/><V101/><F67/><W52/><G115/><T3/><D100/><U83/><E120/><V0/><F0/><W114/><G110/><T22/><D22/><U107/><E126/><V41/><F122/><W99/><G121/><T5/><D5/><U127/><E127/><V28/><F124/><W60/><G114/><T59/><D59/><U16/><E128/><V32/><F132/><W63/><G75/><T85/><D85/><U93/><E135/><V20/><F101/><W31/><G125/><T66/><D66/><U61/><E48/><V58/><F104/><W6/><G118/><T24/><D24/><U30/><E30/><V92/><F76/><W81/><G31/><T73/><D73/><U54/><E54/><V74/><F58/><W8/><G43/><T17/><D17/><U130/><E130/><V42/><F42/><W80/><G99/><T133/><D133/><U112/><E112/><V50/><F78/><W82/><REACH who="3" step="1"/><G91/><REACH who="3" ten="240,250,270,230" step="2"/><T72/><D113/><U84/><E97/><V89/><F74/><W21/><G21/><T79/><D72/><U53/><E107/><V26/><F89/><W9/><G9/><T62/><D106/><U95/><E96/><V88/><F90/><W64/><G64/><T57/><D79/><U36/><E53/><V123/><F123/><W47/><G47/><T105/><D105/><U56/><E102/><V86/><F13/><AGARI ba="0,1" hai="1,6,8,10,13,19,46,49,52,60,63,80,81,82" machi="13" ten="40,8000,1" yaku="1,1,54,1,53,2" doraHai="109" doraHaiUra="4" who="3" fromWho="2" sc="240,0,250,0,270,-80,230,90" /><INIT seed="2,0,0,4,0,51" ten="240,250,190,320" oya="2" hai0="45,0,120,128,70,109,114,96,134,54,129,83,79" hai1="124,42,132,122,88,13,27,14,105,12,87,119,24" hai2="44,2,33,65,31,17,93,49,23,25,117,91,50" hai3="86,4,63,108,121,98,106,112,110,48,59,97,11"/><V100/><F117/><W116/><G121/><T7/><D120/><U43/><E122/><V118/><F118/><W101/><G116/><T26/><D114/><U67/><E119/><V102/><F2/><W36/><G36/><T69/><D109/><U61/><E105/><V39/><F39/><W75/><G75/><T64/><D134/><U10/><E124/><V104/><F104/><W125/><G125/><T55/><D96/><U115/><E10/><V37/><F37/><W35/><G35/><T107/><D107/><U8/><E8/><V53/><F65/><W18/><G112/><T62/><D70/><U34/><E132/><V90/><F90/><W3/><G98/><T92/><D92/><U1/><E1/><V73/><F73/><W40/><G18/><T123/><D123/><U16/><E34/><V57/><F31/><W21/><G21/><T76/><D0/><U74/><E74/><V6/><F6/><W30/><G30/><T5/><D26/><N who="1" m="9771" /><E16/><V56/><F33/><W71/><G86/><T126/><D126/><U38/><E38/><V127/><F127/><W80/><G80/><T99/><D99/><U84/><E84/><N who="2" m="52455" /><F57/><W20/><G71/><T68/><D83/><N who="1" m="49279" /><E115/><V135/><F135/><W19/><G108/><T9/><D5/><U78/><E78/><N who="0" m="29737" /><D69/><U130/><E130/><N who="0" m="50281" /><D7/><U103/><E103/><V60/><F60/><W111/><G111/><T29/><D29/><U131/><E131/><V15/><F25/><N who="3" m="14495" /><G110/><T94/><D68/><U22/><E22/><V28/><F28/><W32/><G32/><T85/><D62/><U89/><E89/><RYUUKYOKU ba="0,0" sc="240,-15,250,15,190,15,320,-15" hai1="12,13,14,42,43,61,67" hai2="15,17,23,44,49,50,53,56,100,102" /><INIT seed="2,1,0,0,3,55" ten="225,265,205,305" oya="2" hai0="108,27,96,123,76,128,68,22,93,110,101,83,117" hai1="73,109,116,130,56,8,53,125,3,89,70,77,81" hai2="32,34,44,48,91,52,135,79,105,60,24,2,16" hai3="87,86,102,5,71,6,11,69,18,28,25,64,37"/><V17/><F2/><W61/><G37/><T41/><D123/><U12/><E116/><V33/><F135/><W126/><G126/><T111/><D68/><U13/><E70/><V119/><F119/><W114/><G71/><T20/><D117/><U47/><E109/><V129/><F129/><W19/><G114/><T7/><D128/><U35/><E130/><V112/><F112/><W127/><G127/><T45/><D7/><U95/><E35/><V132/><F132/><W54/><G6/><T1/><D1/><U29/><E29/><V107/><F79/><W92/><G54/><T58/><D27/><U21/><E125/><V88/><F60/><W42/><G42/><T74/><REACH who="0" step="1"/><D58/><REACH who="0" ten="215,265,205,305" step="2"/><U4/><E47/><V40/><F24/><W15/><G5/><T59/><D59/><U38/><E38/><AGARI ba="1,1" hai="20,22,38,41,45,74,76,83,93,96,101,108,110,111" machi="38" ten="40,5200,0" yaku="1,1,14,1,53,1" doraHai="55" doraHaiUra="43" who="0" fromWho="1" sc="215,65,265,-55,205,0,305,0" /><INIT seed="3,0,0,1,3,29" ten="280,210,205,305" oya="3" hai0="62,128,77,102,9,131,55,45,93,112,23,15,40" hai1="104,34,100,97,32,123,3,71,89,99,81,26,133" hai2="47,135,0,14,73,60,51,54,91,120,127,19,21" hai3="116,134,17,74,64,20,92,85,125,122,35,66,84"/><W118/><G74/><T7/><D112/><U53/><E123/><V111/><F0/><W75/><G75/><T76/><D23/><U65/><E3/><V78/><F120/><W63/><G122/><T90/><D102/><U13/><E133/><V107/><F135/><W68/><G134/><T115/><D115/><U4/><E53/><V95/><F127/><W46/><G125/><T56/><D128/><U106/><E106/><V108/><F107/><W124/><G124/><T110/><D131/><U36/><E36/><V10/><F78/><W67/><G46/><T49/><REACH who="0" step="1"/><D110/><REACH who="0" ten="270,210,205,305" step="2"/><U39/><E34/><V126/><F126/><W96/><G35/><T27/><D27/><U11/><E26/><V94/><F111/><W58/><G118/><T69/><D69/><U79/><E32/><V86/><F108/><W33/><G33/><T61/><D61/><U43/><E71/><V5/><F60/><W42/><G116/><T130/><D130/><U30/><E30/><V132/><F132/><W41/><G68/><T12/><D12/><U109/><E109/><V48/><F21/><W31/><G31/><T105/><D105/><U6/><E104/><V16/><F73/><W52/><G41/><T22/><D22/><U25/><E25/><V8/><F8/><W129/><G42/><T2/><D2/><U24/><E24/><V38/><F38/><W50/><G129/><T87/><AGARI ba="0,1" hai="7,9,15,40,45,49,55,56,62,76,77,87,90,93" machi="87" ten="20,8000,1" yaku="1,1,0,1,7,1,8,1,53,1" doraHai="29" doraHaiUra="57" who="0" fromWho="0" sc="270,90,210,-20,205,-20,305,-40" /><INIT seed="4,0,0,4,3,42" ten="360,190,185,265" oya="0" hai0="55,85,127,108,128,107,35,38,115,87,39,16,126" hai1="23,100,31,99,64,120,27,101,14,6,34,58,134" hai2="43,89,74,80,117,22,118,66,63,111,9,77,83" hai3="25,7,48,2,19,95,52,46,67,65,33,121,104"/><T98/><D35/><U44/><E120/><V32/><F32/><W114/><G104/><T105/><D115/><U81/><E134/><V90/><F111/><W135/><G114/><T62/><D108/><U109/><E109/><V122/><F122/><W57/><G135/><T41/><D128/><U18/><E81/><V73/><F9/><W59/><G121/><T17/><D62/><U36/><E6/><V54/><F54/><W91/><G7/><T56/><D55/><U50/><E36/><V84/><F73/><W40/><G2/><T70/><D41/><U15/><E15/><V93/><F22/><N who="3" m="13535" /><G33/><T133/><D133/><U1/><E1/><V86/><REACH who="2" step="1"/><F43/><REACH who="2" ten="360,190,175,265" step="2"/><W119/><G119/><T71/><D126/><U78/><E34/><V68/><AGARI ba="0,1" hai="63,66,68,74,77,80,83,84,86,89,90,93,117,118" machi="68" ten="30,4000,0" yaku="1,1,2,1,0,1,53,0" doraHai="42" doraHaiUra="92" who="2" fromWho="2" sc="360,-20,190,-10,175,50,265,-10" /><INIT seed="5,0,0,1,5,105" ten="340,180,225,255" oya="1" hai0="112,15,81,114,29,93,124,89,117,74,101,91,111" hai1="6,120,10,118,25,98,23,95,107,60,40,12,94" hai2="102,76,132,34,48,33,9,100,7,50,130,58,97" hai3="18,99,32,57,127,55,71,54,2,80,65,31,27"/><U20/><E118/><V78/><F130/><W8/><G127/><T24/><D117/><U131/><E120/><V17/><F132/><W35/><G35/><T77/><D111/><U110/><E131/><V86/><F17/><W123/><G123/><T49/><D124/><U0/><E110/><V108/><F108/><W26/><G71/><T46/><D15/><U19/><E40/><V1/><F102/><W87/><G99/><T47/><D101/><U129/><E129/><V115/><F115/><N who="0" m="44074" /><D93/><U68/><E107/><V64/><F48/><W119/><G119/><T42/><D46/><U4/><E98/><V90/><F33/><AGARI ba="0,0" hai="24,29,33,42,47,49,74,77,81,89,91" m="44074" machi="33" ten="30,2000,0" yaku="15,1,52,1" doraHai="105" who="0" fromWho="2" sc="340,20,180,0,225,-20,255,0" /><INIT seed="6,0,0,5,4,21" ten="360,180,205,255" oya="2" hai0="36,97,134,56,131,104,98,93,74,65,64,107,125" hai1="69,37,27,120,10,127,42,67,84,88,81,103,43" hai2="66,83,100,28,7,14,105,108,32,126,20,129,38" hai3="99,132,6,3,45,118,30,95,86,15,115,58,111"/><V0/><F38/><W82/><G111/><T23/><D74/><U121/><E127/><V94/><F126/><W71/><G71/><T72/><D72/><U60/><E103/><V1/><F108/><W35/><G118/><T130/><D36/><U75/><E75/><V124/><F124/><W5/><G3/><T4/><D125/><U68/><E68/><V79/><F129/><W41/><G132/><T53/><D4/><U29/><E10/><V63/><F7/><W114/><G58/><T50/><D134/><U17/><E17/><V112/><F112/><N who="3" m="43051" /><G35/><T39/><D39/><U128/><E128/><N who="0" m="49193" /><D23/><U19/><E19/><V33/><F14/><W40/><G30/><T113/><D113/><U18/><E18/><V92/><F92/><W61/><G61/><T25/><D25/><U22/><REACH who="1" step="1"/><E37/><REACH who="1" ten="360,170,205,255" step="2"/><V16/><F28/><W123/><G6/><T117/><D117/><U24/><E24/><V62/><F0/><W52/><G5/><T87/><D107/><U135/><E135/><V49/><F1/><W55/><G15/><T77/><D104/><U70/><E70/><V44/><F105/><W59/><G123/><AGARI ba="0,1" hai="22,27,29,42,43,60,67,69,81,84,88,120,121,123" machi="123" ten="40,8000,1" yaku="1,1,13,1,52,1,54,1,53,0" doraHai="21" doraHaiUra="122" who="1" fromWho="3" sc="360,0,170,90,205,0,255,-80" /><INIT seed="7,0,0,2,3,16" ten="360,260,205,175" oya="3" hai0="60,116,50,32,14,66,41,92,134,109,113,26,128" hai1="80,24,93,117,81,123,131,118,106,46,95,96,43" hai2="1,21,102,63,135,97,98,77,31,13,108,90,2" hai3="100,33,86,88,38,53,82,22,120,58,27,42,78"/><W28/><G120/><T133/><D109/><U79/><E123/><V0/><F108/><W104/><G38/><T71/><D116/><N who="1" m="44651" /><E131/><V29/><F135/><W129/><G42/><T73/><D73/><N who="1" m="43119" /><E81/><V126/><F126/><W132/><G129/><T61/><D61/><U44/><E24/><V89/><F77/><W19/><G132/><T107/><D14/><U103/><E46/><V40/><F40/><W76/><G104/><T54/><D54/><U8/><E8/><V114/><F114/><W85/><G100/><T37/><D92/><U75/><E75/><V48/><F48/><AGARI ba="0,0" hai="43,44,48,93,95,96,103,106" m="43119,44651" machi="48" ten="30,1000,0" yaku="12,1" doraHai="16" who="1" fromWho="2" sc="360,0,260,10,205,-10,175,0" owari="360,46.0,270,7.0,195,-20.5,175,-32.5" /></mjloggm>