<mjloggm ver="2.3"><GO type="169" lobby="0"/><UN n0="%E6%88%91%E5%8F%AF%E4%BB%A5" n1="%E3%82%BC%E3%83%B3%E3%83%84%E3%83%9E%E3%82%B7%E3%83%BC%E3%83%B3" n2="%73%79%75%70%6F%6E" n3="%E3%81%82%E3%81%95%E3%81%B4%E3%82%93%EF%BC%A0%EF%BD%8D%EF%BD%8A" dan="18,16,17,18" rate="2272.04,2152.98,2194.20,2303.22" sx="M,M,M,M"/><TAIKYOKU oya="0"/><INIT seed="0,0,0,2,2,42" ten="250,250,250,250" oya="0" hai0="108,68,6,20,131,76,86,87,96,26,117,10,88" hai1="35,109,93,51,83,27,28,130,80,8,124,21,64" hai2="74,113,13,56,11,95,43,97,49,18,66,85,59" hai3="120,125,128,129,102,58,54,45,90,19,77,52,40"/><T114/><D114/><U22/><E109/><V61/><F74/><W121/><G102/><T70/><D117/><U69/><E130/><N who="3" m="50282" /><G77/><T118/><D118/><U122/><E122/><N who="3" m="47210" /><G125/><T55/><D108/><U14/><E124/><V135/><F135/><W126/><G126/><T29/><D131/><U47/><E93/><V100/><F113/><W89/><G19/><T91/><D76/><U78/><E64/><V31/><F31/><W63/><G54/><T115/><D55/><U104/><E69/><V84/><REACH who="2" step="1"/><F59/><REACH who="2" ten="250,250,240,250" step="2"/><W62/><G62/><T82/><D115/><U133/><E133/><V36/><F36/><AGARI ba="0,1" hai="36,40,45,52,58,63,89,90" m="47210,50282" machi="36" ten="30,7700,0" yaku="19,1,13,1,52,1,54,1" doraHai="42" who="3" fromWho="2" sc="250,0,250,0,240,-77,250,87" /><INIT seed="1,0,0,4,0,4" ten="250,250,163,337" oya="1" hai0="6,33,26,62,87,117,11,129,56,43,80,61,65" hai1="25,132,32,0,92,5,115,41,17,107,113,71,124" hai2="35,8,131,99,22,86,37,27,3,135,45,97,105" hai3="95,114,59,128,112,18,93,55,13,44,125,50,88"/><U120/><E107/><V110/><F110/><W42/><G128/><T84/><D117/><U40/><E71/><V98/><F131/><W106/><G125/><T127/><D127/><U2/><E124/><V23/><F135/><W76/><G95/><T73/><D129/><U67/><E67/><V74/><F74/><W54/><G106/><T16/><D43/><U66/><E66/><V58/><F58/><W94/><G94/><T78/><D61/><U69/><E69/><V121/><F121/><W100/><G100/><T36/><D36/><U82/><E82/><V79/><F79/><W38/><G54/><T68/><D68/><U14/><E92/><V1/><F86/><W75/><G76/><T21/><REACH who="0" step="1"/><D33/><REACH who="0" ten="240,250,163,337" step="2"/><U51/><E41/><V52/><F37/><W64/><G64/><T111/><D111/><U49/><E40/><V48/><F35/><W90/><G75/><T28/><D28/><U116/><E32/><V85/><F105/><W60/><G60/><T123/><D123/><U30/><E30/><V122/><F122/><W39/><G38/><T57/><D57/><U81/><E116/><V134/><F134/><W46/><G46/><T119/><D119/><U101/><E132/><V89/><F45/><W83/><G59/><T29/><D29/><U7/><E120/><V72/><F72/><W109/><G109/><T118/><D118/><U10/><E115/><V103/><F48/><W12/><G39/><T102/><D102/><U19/><E101/><V104/><F103/><W126/><G126/><T31/><D31/><U24/><E51/><V96/><F104/><RYUUKYOKU ba="0,1" sc="240,30,250,-10,163,-10,337,-10" hai0="6,11,16,21,26,56,62,65,73,78,80,84,87" /><INIT seed="2,1,1,1,0,19" ten="270,240,153,327" oya="2" hai0="95,100,20,79,5,48,108,16,3,12,86,122,66" hai1="0,106,103,33,91,88,127,102,64,45,96,10,32" hai2="114,77,31,7,26,135,11,52,42,82,13,84,51" hai3="68,92,41,38,81,1,105,76,34,85,99,2,17"/><V21/><F135/><W97/><G68/><T63/><D122/><U131/><E131/><V54/><REACH who="2" step="1"/><F114/><REACH who="2" ten="270,240,143,327" step="2"/><W69/><G1/><T89/><D3/><U73/><E0/><V75/><F75/><W126/><G2/><T25/><D108/><U18/><E73/><V24/><F24/><W58/><G126/><T98/><D79/><U56/><E127/><V118/><F118/><W62/><G76/><T119/><D119/><U43/><E33/><V107/><F107/><W39/><G105/><T37/><D25/><U128/><E32/><V90/><F90/><W15/><G34/><T78/><D78/><U9/><E88/><V123/><F123/><W121/><G121/><T124/><D124/><U4/><E91/><V14/><F14/><W60/><G15/><T57/><D5/><U28/><E4/><V35/><F35/><W134/><G134/><T40/><D37/><U125/><E106/><V120/><F120/><W47/><G39/><T61/><D89/><U71/><E125/><V23/><F23/><W116/><G116/><T22/><D86/><U29/><E128/><V74/><F74/><W130/><G130/><T6/><D6/><U49/><E103/><V132/><F132/><W46/><G38/><T36/><D36/><U109/><E102/><V101/><F101/><W87/><G87/><T115/><D115/><U27/><E27/><V44/><AGARI ba="1,2" hai="7,11,13,21,26,31,42,44,51,52,54,77,82,84" machi="44" ten="30,18000,2" yaku="1,1,0,1,25,2,8,1,52,1,54,1,53,0" doraHai="19" doraHaiUra="133" who="2" fromWho="2" sc="270,-61,240,-61,143,203,327,-61" /><INIT seed="2,2,0,4,3,99" ten="209,179,346,266" oya="2" hai0="117,27,61,39,33,89,12,75,5,131,74,126,4" hai1="24,135,94,78,34,108,18,22,106,134,13,47,100" hai2="31,104,87,63,64,28,58,59,90,35,56,6,41" hai3="69,98,14,103,82,30,2,38,44,127,53,116,71"/><V60/><F104/><W132/><G116/><T20/><D39/><U80/><E106/><V77/><F77/><W91/><G2/><T79/><D33/><U84/><E108/><V1/><F41/><W107/><G132/><N who="1" m="50730" /><E47/><V3/><F35/><W88/><G127/><T29/><D126/><U133/><N who="1" m="50738" /><U68/><DORA hai="120" /><E68/><V81/><F59/><W21/><G53/><T114/><D114/><U119/><E119/><V123/><F123/><W23/><G23/><T121/><D117/><U92/><E100/><V8/><REACH who="2" step="1"/><F1/><REACH who="2" ten="209,179,336,266" step="2"/><W118/><G118/><T85/><D79/><U109/><E109/><V9/><F9/><W113/><G69/><T86/><D121/><U105/><E105/><V37/><F37/><W25/><G71/><T66/><D75/><U102/><E34/><V43/><F43/><W67/><G38/><T111/><D74/><U26/><E78/><V70/><F70/><W50/><G107/><T112/><D111/><U76/><E76/><V122/><F122/><W52/><G44/><T7/><D112/><U110/><E110/><V83/><F83/><W54/><G82/><T11/><D11/><U40/><E40/><V42/><F42/><W17/><G113/><T32/><D32/><U125/><E80/><V55/><AGARI ba="2,1" hai="3,6,8,28,31,55,56,58,60,63,64,81,87,90" machi="55" ten="20,7800,0" yaku="1,1,0,1,7,1,53,1" doraHai="99,120" doraHaiUra="62,19" who="2" fromWho="2" sc="209,-28,179,-28,336,94,266,-28" /><INIT seed="2,3,0,4,3,1" ten="181,151,430,238" oya="2" hai0="127,9,50,70,98,48,64,46,84,126,47,114,51" hai1="35,15,99,77,125,17,41,26,18,40,29,68,66" hai2="88,93,23,10,34,135,21,53,55,108,36,19,100" hai3="71,14,61,2,115,86,63,49,95,0,25,80,94"/><V59/><F34/><W124/><G124/><N who="0" m="47659" /><D84/><U44/><E125/><V103/><F36/><W31/><G115/><T113/><D98/><U12/><E77/><V128/><F128/><W27/><G71/><T28/><D28/><U81/><E81/><V110/><F135/><W106/><G106/><T39/><D9/><U69/><E99/><N who="2" m="57767" /><F10/><W90/><G0/><T75/><D75/><U87/><E87/><V33/><F33/><W20/><G2/><T16/><D16/><U82/><E82/><V42/><F42/><W112/><G112/><N who="0" m="43115" /><D39/><U4/><E29/><V122/><F23/><W118/><G80/><T116/><D116/><U74/><E35/><V56/><F21/><W22/><G118/><T133/><D133/><U130/><E26/><V54/><F19/><W78/><G14/><T37/><D37/><U117/><E15/><V91/><F91/><W52/><G78/><T129/><D129/><U67/><E12/><V83/><F83/><W109/><G94/><T89/><D89/><U76/><E76/><V57/><F122/><W85/><G85/><T11/><D11/><U123/><E74/><V6/><F6/><W62/><G25/><T32/><D32/><U38/><E38/><V132/><F132/><W72/><G72/><T101/><D101/><U102/><E102/><V58/><N who="2" m="14336" /><DORA hai="121" /><V107/><F107/><W134/><G134/><T8/><D8/><U65/><E123/><V60/><F103/><W13/><G13/><T92/><D92/><U120/><E130/><V111/><F100/><W43/><G31/><T73/><D73/><U45/><E120/><RYUUKYOKU ba="3,0" sc="181,15,151,-15,430,15,238,-15" hai0="46,47,48,50,51,64,70" hai2="53,54,55,60,108,110,111" /><INIT seed="2,4,0,5,3,9" ten="196,136,445,223" oya="2" hai0="35,0,7,91,107,64,23,1,15,46,42,20,93" hai1="80,2,115,114,86,69,130,73,92,117,122,79,47" hai2="50,45,8,106,89,26,24,54,27,82,3,10,85" hai3="61,4,58,68,134,126,31,29,16,108,63,105,90"/><V43/><F106/><W129/><G105/><T5/><D107/><U78/><E69/><V21/><F3/><W71/><G4/><T77/><D35/><U56/><E2/><V52/><F21/><W103/><G103/><T70/><D77/><U60/><E117/><V119/><F119/><W44/><G44/><T94/><D64/><U41/><E130/><V131/><F131/><W110/><G129/><T14/><D46/><U128/><E122/><V95/><F95/><W30/><G90/><T120/><D91/><U53/><E128/><V121/><F121/><W22/><G126/><T72/><D70/><N who="3" m="26665" /><G58/><T67/><D67/><U118/><E118/><V132/><F132/><W66/><G66/><T34/><D34/><U109/><E92/><V98/><F98/><W33/><G33/><T49/><D120/><U40/><E40/><V17/><F17/><W111/><G134/><T127/><D72/><U65/><E65/><V100/><F100/><W97/><G97/><T125/><D49/><U57/><E57/><V6/><F6/><W123/><G123/><T37/><D37/><U36/><REACH who="1" step="1"/><E109/><REACH who="1" ten="196,126,445,223" step="2"/><V83/><F83/><AGARI ba="4,1" hai="36,41,47,53,56,60,73,78,79,80,83,86,114,115" machi="83" ten="40,5200,0" yaku="1,1,2,1,53,1" doraHai="9" doraHaiUra="55" who="1" fromWho="2" sc="196,0,126,74,445,-64,223,0" /><INIT seed="3,0,0,1,5,45" ten="196,200,381,223" oya="3" hai0="98,23,24,97,6,126,49,83,133,72,106,37,122" hai1="26,64,105,25,51,70,119,22,40,100,112,115,20" hai2="110,81,54,75,118,59,11,36,18,57,84,135,79" hai3="116,78,113,117,52,71,82,80,129,73,48,130,93"/><W87/><G71/><T42/><D122/><U86/><E119/><V4/><F118/><W46/><G113/><T8/><D133/><U44/><E86/><V53/><F110/><W28/><G28/><T63/><D126/><U132/><E132/><V38/><F135/><W1/><G1/><T99/><D63/><U109/><E109/><V111/><F18/><W76/><REACH who="3" step="1"/><G93/><REACH who="3" ten="196,200,381,213" step="2"/><T123/><D123/><U3/><E3/><V96/><F111/><W10/><G10/><T128/><D8/><U120/><E70/><V104/><F11/><W94/><G94/><T34/><D106/><U124/><E105/><V2/><F2/><W50/><G50/><T9/><D49/><U107/><E51/><V134/><F134/><W62/><G62/><T91/><D34/><U69/><E69/><V19/><F104/><W114/><G114/><T35/><D35/><U33/><E107/><V77/><F36/><W131/><AGARI ba="0,1" hai="46,48,52,73,76,78,80,82,87,116,117,129,130,131" machi="131" ten="30,12000,1" yaku="1,1,0,1,19,1,52,1,54,1,53,0" doraHai="45" doraHaiUra="58" who="3" fromWho="3" sc="196,-40,200,-40,381,-40,213,130" /><INIT seed="3,1,0,2,2,68" ten="156,160,341,343" oya="3" hai0="21,30,65,88,75,25,100,64,77,101,91,7,89" hai1="87,14,33,86,97,31,123,128,27,52,130,67,45" hai2="46,99,29,13,109,114,62,105,73,58,83,37,63" hai3="19,12,69,47,95,5,102,127,135,116,18,98,110"/><W70/><G116/><T57/><D7/><U55/><E123/><V84/><F114/><W129/><G129/><N who="1" m="49770" /><E67/><V93/><F109/><W124/><G135/><T134/><D134/><U131/><N who="1" m="49778" /><U106/><DORA hai="9" /><E14/><V82/><F105/><W76/><G76/><T39/><D39/><U92/><E106/><V60/><F29/><W17/><G47/><T24/><D75/><U38/><E38/><V16/><F73/><W112/><G112/><T53/><D77/><U119/><E119/><V54/><F46/><W2/><G2/><T42/><D42/><U122/><E122/><V56/><F37/><W120/><G120/><T111/><D25/><U35/><E35/><V133/><F133/><W79/><G79/><T6/><D6/><U85/><E45/><V80/><F84/><W71/><REACH who="3" step="1"/><G110/><REACH who="3" ten="156,160,341,333" step="2"/><T59/><D111/><U72/><E72/><V121/><F121/><W44/><G44/><T0/><D0/><U115/><E115/><V66/><F63/><W10/><AGARI ba="1,1" hai="5,10,12,17,18,19,69,70,71,95,98,102,124,127" machi="10" ten="40,7800,0" yaku="1,1,0,1,52,1,53,0" doraHai="68,9" doraHaiUra="36,32" who="3" fromWho="3" sc="156,-27,160,-27,341,-27,333,91" /><INIT seed="3,2,0,3,5,67" ten="129,133,314,424" oya="3" hai0="38,19,3,45,93,11,80,66,41,57,100,36,129" hai1="40,81,69,105,51,113,99,83,42,20,44,10,58" hai2="60,21,87,101,15,46,130,39,25,131,116,86,108" hai3="56,8,13,111,89,26,104,14,32,126,71,35,124"/><W49/><G104/><T112/><D129/><N who="2" m="49162" /><F116/><W6/><G89/><T102/><D112/><U103/><E113/><V107/><F108/><W18/><G56/><T109/><D109/><U23/><E69/><V106/><F15/><W76/><G76/><T4/><D38/><U72/><E42/><N who="2" m="22879" /><F60/><W98/><G98/><T79/><D19/><U119/><E119/><V64/><F64/><W120/><G49/><T121/><D121/><U33/><E33/><N who="3" m="12874" /><G71/><T24/><D24/><U70/><E70/><V118/><F118/><W127/><G111/><T68/><D57/><U1/><E58/><V122/><F122/><W78/><G78/><T47/><D93/><U114/><E114/><V95/><F95/><W82/><G82/><T85/><REACH who="0" step="1"/><D45/><REACH who="0" ten="119,133,314,424" step="2"/><U30/><E44/><V2/><F25/><W97/><G120/><T135/><D135/><U53/><E105/><V134/><F134/><W117/><G117/><T59/><D59/><U29/><E83/><V125/><F106/><W96/><G26/><T133/><D133/><U92/><E81/><V115/><F107/><W17/><G17/><T61/><AGARI ba="2,1" hai="3,4,11,36,41,47,61,66,68,79,80,85,100,102" machi="61" ten="30,7900,0" yaku="1,1,0,1,52,1,53,1" doraHai="67" doraHaiUra="7" who="0" fromWho="0" sc="119,95,133,-22,314,-22,424,-41" /><INIT seed="4,0,0,3,3,56" ten="214,111,292,383" oya="0" hai0="44,79,16,20,134,31,27,52,88,95,85,119,61" hai1="81,99,135,24,47,128,55,33,132,7,63,105,12" hai2="103,84,59,48,30,93,13,118,50,53,96,46,109" hai3="10,78,17,104,65,21,116,49,100,42,112,76,51"/><T11/><D119/><U25/><E128/><V14/><F109/><W102/><G116/><T69/><D134/><N who="1" m="51243" /><E33/><V83/><F30/><W92/><G104/><T120/><D120/><U101/><E81/><V67/><F118/><W0/><G112/><T4/><D79/><U28/><E28/><V115/><F115/><W36/><G36/><T75/><D75/><U34/><E34/><V122/><F122/><W131/><G131/><T108/><D108/><U5/><E47/><V8/><F8/><W87/><G10/><T37/><D69/><U129/><E129/><V26/><F26/><N who="1" m="10345" /><E12/><V9/><F9/><W2/><G78/><T111/><D111/><U60/><E55/><N who="2" m="30103" /><F67/><W107/><G65/><T1/><D37/><U89/><E89/><AGARI ba="0,0" hai="13,14,50,53,59,83,84,89,93,96,103" m="30103" machi="89" ten="30,1000,0" yaku="8,1" doraHai="56" who="2" fromWho="1" sc="214,0,111,-10,292,10,383,0" /><INIT seed="5,0,0,0,0,123" ten="214,101,302,383" oya="1" hai0="17,68,61,89,4,81,46,37,35,58,119,88,19" hai1="49,79,84,7,67,134,121,97,117,94,93,18,107" hai2="54,60,29,56,27,135,28,112,41,82,2,86,75" hai3="32,6,106,80,90,43,13,95,108,69,110,12,51"/><U45/><E121/><V40/><F75/><W115/><G106/><T47/><D119/><U44/><E117/><V74/><F74/><W65/><G32/><T111/><D111/><U122/><E122/><V85/><F2/><W77/><G115/><T33/><D68/><U55/><E134/><V50/><F135/><W72/><G65/><T25/><D4/><U128/><E128/><V53/><F112/><W126/><G69/><T20/><D33/><U70/><E107/><V9/><F9/><W62/><G62/><T113/><D113/><U71/><E7/><V0/><F0/><W125/><G51/><T39/><D35/><U57/><E18/><V3/><F3/><W11/><G43/><N who="2" m="16457" /><F27/><W103/><G103/><T24/><D39/><U22/><E22/><V133/><F86/><N who="3" m="52695" /><G12/><T52/><D37/><U131/><E131/><V48/><F48/><W120/><G120/><T124/><D124/><AGARI ba="0,0" hai="6,11,13,72,77,80,108,110,124,125,126" m="52695" machi="124" ten="30,3900,0" yaku="18,1,52,2" doraHai="123" who="3" fromWho="0" sc="214,-39,101,0,302,0,383,39" /><INIT seed="6,0,0,1,3,45" ten="175,101,302,422" oya="2" hai0="87,106,6,108,94,132,13,7,72,10,102,28,89" hai1="30,36,86,60,124,43,54,105,1,63,96,99,23" hai2="117,107,67,11,127,130,53,92,48,9,21,75,34" hai3="90,91,113,80,101,39,16,68,52,71,31,109,50"/><V135/><F107/><W84/><G39/><T76/><D108/><U133/><E1/><V83/><F34/><W69/><G109/><T81/><D132/><U51/><E133/><V59/><F117/><W3/><G3/><T73/><D28/><U14/><E124/><V61/><F130/><W110/><G110/><T116/><D116/><U40/><E86/><V74/><F127/><W79/><G31/><T93/><D93/><U47/><E40/><V26/><F92/><W126/><G101/><T5/><D73/><U70/><E105/><V64/><F64/><W17/><G126/><T123/><D123/><U97/><E70/><V103/><F103/><W121/><G121/><T56/><D56/><U98/><N who="1" m="24576" /><DORA hai="38" /><U20/><E14/><V18/><F135/><W0/><G0/><T112/><D106/><U58/><REACH who="1" step="1"/><E20/><REACH who="1" ten="175,91,302,422" step="2"/><V85/><F74/><W120/><G120/><T78/><D102/><U2/><E2/><V131/><F75/><W114/><G69/><T44/><D72/><U118/><E118/><V119/><F119/><W104/><G71/><T100/><D100/><U35/><E35/><V125/><F125/><W82/><G68/><T8/><D13/><U129/><E129/><V32/><F32/><W42/><G42/><T41/><D41/><U12/><E12/><V77/><REACH who="2" step="1"/><F131/><REACH who="2" ten="175,91,292,422" step="2"/><W128/><G128/><T66/><D94/><U25/><AGARI ba="0,2" hai="23,25,30,36,43,47,51,54,58,60,63" m="24576" machi="25" ten="40,8000,1" yaku="1,1,0,1,52,2,53,1" doraHai="45,38" doraHaiUra="134,19" who="1" fromWho="1" sc="175,-20,91,100,292,-40,422,-20" /><INIT seed="7,0,0,5,1,78" ten="155,191,252,402" oya="3" hai0="54,135,123,59,83,101,38,105,50,95,132,133,16" hai1="104,127,102,1,89,92,34,100,46,117,33,111,103" hai2="21,106,130,40,58,8,24,77,119,90,70,51,53" hai3="96,41,18,61,12,88,2,25,35,128,124,47,67"/><W71/><G2/><T15/><D123/><U17/><E111/><V69/><F106/><W86/><G128/><T7/><D38/><U0/><E127/><V114/><F119/><W82/><G124/><T74/><D105/><U42/><E104/><V72/><F114/><W9/><G96/><N who="0" m="59551" /><D7/><U32/><E17/><V125/><F40/><W20/><G35/><T134/><N who="0" m="33792" /><DORA hai="107" /><T44/><D44/><U87/><REACH who="1" step="1"/><E117/><REACH who="1" ten="155,181,252,402" step="2"/><V28/><F125/><W56/><G18/><T13/><D16/><U99/><E99/><V19/><F19/><W6/><G6/><T60/><D60/><U55/><E55/><V49/><F53/><W120/><G61/><T76/><AGARI ba="0,1" hai="13,15,50,54,59,74,76,83" m="33792,59551" machi="76" ten="60,7900,0" yaku="20,1,52,2" doraHai="78,107" who="0" fromWho="0" sc="155,89,181,-20,252,-20,402,-39" owari="244,4.4,161,-33.9,232,-16.8,363,46.3" /></mjloggm>