<mjloggm ver="2.3"><GO type="169" lobby="0"/><UN n0="%E8%80%81%E6%A5%BD" n1="%E3%81%9F%E3%81%8B%31%34%31" n2="%E6%95%97%E5%8C%97%E8%80%85%E3%81%AD%E3%82%8B" n3="%5B%5B%79%75%79%75%5D%5D" dan="17,16,17,16" rate="2228.13,2129.46,2188.62,2116.91" sx="M,M,F,M"/><TAIKYOKU oya="0"/><INIT seed="0,0,0,5,1,76" ten="250,250,250,250" oya="0" hai0="1,82,68,128,38,63,117,131,60,34,94,37,54" hai1="61,18,116,84,79,41,5,89,126,103,15,107,87" hai2="62,123,27,81,75,74,46,100,80,57,72,49,3" hai3="98,129,99,110,88,24,23,124,67,95,130,10,31"/><T85/><D34/><U122/><E122/><V108/><F108/><W30/><G110/><T59/><D1/><U25/><E116/><V91/><F3/><W71/><G124/><T135/><D94/><U106/><E126/><V19/><F100/><W105/><G30/><T133/><D117/><U56/><E41/><V28/><F19/><W77/><G77/><N who="0" m="46287" /><D63/><U115/><E115/><V118/><F123/><W32/><G10/><T134/><D68/><U9/><E103/><V125/><F91/><W44/><G44/><T109/><D109/><U7/><E107/><V64/><F125/><W114/><G23/><T90/><D90/><U20/><E106/><V0/><F0/><W73/><G73/><T22/><D22/><U42/><E79/><V55/><REACH who="2" step="1"/><F118/><REACH who="2" ten="250,250,240,250" step="2"/><W111/><G111/><T86/><D86/><U8/><E89/><V33/><AGARI ba="0,1" hai="27,28,33,46,49,55,57,62,64,72,74,75,80,81" machi="33" ten="30,8000,1" yaku="1,1,2,1,0,1,52,2,53,0" doraHai="76" doraHaiUra="120" who="2" fromWho="2" sc="250,-40,250,-20,240,90,250,-20" /><INIT seed="1,0,0,1,0,68" ten="210,230,330,230" oya="1" hai0="77,60,36,5,126,97,42,25,23,54,62,99,90" hai1="37,73,40,82,93,85,12,69,101,33,3,16,132" hai2="75,47,81,94,13,46,26,44,30,43,28,100,125" hai3="6,84,116,114,74,108,7,59,24,48,29,58,80"/><U50/><E3/><V51/><F125/><W1/><G114/><T22/><D77/><U65/><E33/><V20/><F30/><W95/><G116/><T32/><D5/><U86/><E73/><V19/><F75/><W72/><G108/><T134/><D134/><U119/><E119/><V89/><F81/><W98/><G74/><T88/><D42/><U70/><E132/><V130/><F100/><W18/><G72/><T41/><D41/><U49/><E65/><V9/><REACH who="2" step="1"/><F130/><REACH who="2" ten="210,230,320,230" step="2"/><W21/><G29/><T120/><D126/><U52/><E101/><V31/><F31/><W129/><G129/><T123/><D32/><U118/><E118/><V87/><AGARI ba="0,1" hai="9,13,19,20,26,28,43,44,46,47,51,87,89,94" machi="87" ten="20,8000,1" yaku="1,1,0,1,7,1,8,1,53,1" doraHai="68" doraHaiUra="17" who="2" fromWho="2" sc="210,-20,230,-40,320,90,230,-20" /><INIT seed="2,0,0,2,1,115" ten="190,190,410,210" oya="2" hai0="108,8,37,86,53,54,130,32,43,129,83,110,29" hai1="51,38,56,24,111,107,42,19,72,10,20,131,70" hai2="96,114,14,57,58,116,44,25,11,75,26,52,18" hai3="15,1,112,135,85,9,36,80,104,76,40,71,89"/><V6/><F114/><W3/><G112/><T59/><D32/><U27/><E70/><V12/><F75/><W94/><G71/><T69/><D29/><U61/><E107/><V91/><F116/><W73/><G135/><T81/><D69/><U92/><E72/><V46/><F58/><W121/><G121/><T13/><D43/><U102/><E38/><V48/><F26/><W50/><G36/><T77/><D83/><U47/><E111/><N who="0" m="42537" /><D37/><U79/><E79/><V87/><F25/><W60/><G60/><N who="0" m="35951" /><D54/><U2/><E131/><V118/><F96/><W7/><G104/><T134/><D134/><U62/><E27/><V82/><REACH who="2" step="1"/><F118/><REACH who="2" ten="190,190,400,210" step="2"/><W64/><G64/><T66/><D66/><U78/><E56/><V4/><F4/><AGARI ba="0,1" hai="4,8,13,77,81,86,129,130" m="35951,42537" machi="4" ten="30,1000,0" yaku="14,1" doraHai="115" who="0" fromWho="2" sc="190,20,190,0,400,-10,210,0" /><INIT seed="3,0,0,2,2,107" ten="210,190,390,210" oya="3" hai0="110,116,54,102,68,87,55,113,36,63,24,15,37" hai1="91,53,103,27,17,57,124,83,79,66,4,128,123" hai2="43,60,21,82,50,108,117,6,3,35,31,1,94" hai3="121,134,41,78,73,62,40,14,30,59,49,61,10"/><W119/><G119/><T115/><D102/><U81/><E123/><V64/><F35/><W77/><G121/><T84/><D15/><U46/><E128/><V20/><F108/><W8/><G134/><T75/><D24/><U22/><E124/><V56/><F117/><W111/><G30/><T19/><D19/><U25/><E103/><V45/><F6/><W26/><G26/><T126/><D63/><U89/><E4/><V42/><F42/><W11/><G111/><T133/><D68/><U58/><E27/><V47/><F47/><W34/><G34/><T130/><D110/><U92/><E66/><V101/><F20/><W105/><G105/><T129/><D116/><U96/><E91/><V95/><F95/><W33/><G33/><T125/><D133/><U44/><E58/><V69/><F82/><W5/><G62/><T90/><D90/><U18/><E18/><V127/><F69/><W51/><G41/><T104/><D104/><U120/><E83/><V118/><F118/><W32/><G32/><T86/><D86/><U112/><E112/><V16/><F31/><W23/><G23/><T122/><D122/><U131/><E131/><V135/><F127/><W67/><G73/><AGARI ba="0,0" hai="36,37,54,55,73,75,84,87,113,115,125,126,129,130" machi="73" ten="25,6400,0" yaku="22,2,52,2" doraHai="107" who="0" fromWho="3" sc="210,64,190,0,390,0,210,-64" /><INIT seed="4,0,0,2,3,103" ten="274,190,390,146" oya="0" hai0="67,40,94,101,112,100,38,70,64,121,93,68,74" hai1="131,61,33,59,76,126,71,22,55,110,0,132,90" hai2="75,124,119,129,12,35,44,69,63,82,28,111,51" hai3="7,25,52,128,107,91,122,95,62,43,16,108,32"/><T120/><D40/><U56/><E33/><V80/><F111/><W21/><G108/><T130/><D38/><U92/><E110/><V83/><F75/><W81/><G128/><T58/><D58/><U84/><E0/><V117/><F129/><W8/><G32/><T105/><D74/><U77/><E131/><V97/><F124/><W96/><G43/><T78/><D130/><U125/><E71/><V45/><F28/><W50/><G122/><T87/><D87/><U46/><E132/><V88/><F35/><W115/><G115/><T23/><D23/><U31/><E46/><V13/><F63/><W85/><G62/><T133/><D78/><U73/><E73/><V106/><F69/><W104/><G8/><T5/><D5/><U54/><E126/><V37/><F37/><W118/><G7/><T30/><D30/><U89/><E89/><V29/><F88/><W109/><G109/><T19/><D19/><U10/><E10/><V2/><F29/><W9/><G9/><T79/><D79/><U53/><E125/><V4/><F2/><W72/><G72/><T123/><D123/><U34/><E34/><V18/><F4/><W99/><G118/><N who="2" m="45065" /><F51/><W102/><G99/><T26/><D133/><U65/><REACH who="1" step="1"/><E59/><AGARI ba="0,0" hai="16,21,25,50,52,59,81,85,91,95,96,102,104,107" machi="59" ten="30,8000,1" yaku="7,1,52,2,54,2" doraHai="103" who="3" fromWho="1" sc="274,0,190,-80,390,0,146,80" /><INIT seed="5,0,0,2,0,43" ten="274,110,390,226" oya="1" hai0="26,48,5,13,39,100,51,76,111,84,86,103,95" hai1="32,97,132,124,101,16,18,128,71,118,24,105,117" hai2="36,92,102,91,89,133,2,116,21,59,94,4,11" hai3="10,22,65,73,54,61,113,63,79,125,131,90,33"/><U20/><E71/><V1/><F116/><W126/><G33/><T69/><D39/><U27/><E128/><V9/><F36/><W31/><G113/><T104/><D69/><U74/><E74/><V60/><F133/><W119/><G119/><T66/><D104/><U67/><E132/><V115/><F115/><W112/><G112/><T68/><D26/><U53/><E67/><V55/><F102/><W25/><G131/><T99/><D103/><U38/><E124/><V23/><F1/><W46/><G10/><T3/><D3/><U49/><E38/><V56/><F11/><W7/><G7/><T8/><D111/><U80/><E80/><V109/><F109/><W120/><G120/><T35/><D35/><U12/><E27/><V82/><F82/><W75/><G90/><T106/><D106/><U52/><E53/><V96/><F56/><W81/><G73/><T85/><D76/><U40/><E40/><V70/><F70/><W45/><G54/><T108/><D108/><U122/><E122/><V135/><F135/><W0/><G0/><T129/><D129/><U72/><E72/><V41/><F41/><W42/><G42/><T34/><D34/><U19/><E19/><V110/><F110/><W98/><G98/><AGARI ba="0,0" hai="2,4,9,21,23,55,59,60,89,91,92,94,96,98" machi="98" ten="30,2000,0" yaku="7,1,9,1" doraHai="43" who="2" fromWho="3" sc="274,0,110,0,390,20,226,-20" /><INIT seed="6,0,0,0,4,98" ten="274,110,410,206" oya="2" hai0="20,65,135,10,0,55,57,88,8,85,4,94,2" hai1="127,69,87,24,129,12,86,109,81,53,134,43,73" hai2="38,80,122,92,31,48,39,50,14,34,58,102,26" hai3="116,75,9,61,121,5,41,23,42,51,78,44,123"/><V84/><F122/><W79/><G116/><T128/><D128/><U68/><E109/><V110/><F110/><W6/><G42/><T17/><D135/><U19/><E129/><V131/><F131/><W7/><G9/><T104/><D104/><U91/><E73/><V112/><F112/><W132/><G132/><T49/><D65/><U33/><E134/><V89/><F14/><W40/><G40/><T71/><D71/><U18/><E127/><V64/><F48/><W16/><G61/><T90/><D90/><U113/><E113/><V62/><REACH who="2" step="1"/><F50/><REACH who="2" ten="274,110,400,206" step="2"/><W124/><G124/><T15/><REACH who="0" step="1"/><D8/><REACH who="0" ten="264,110,400,206" step="2"/><U63/><E69/><V60/><F60/><W118/><G118/><T67/><D67/><U35/><E68/><V56/><F56/><W70/><G70/><T74/><D74/><U59/><E63/><V21/><F21/><W125/><G125/><T108/><D108/><U95/><E59/><V30/><F30/><W106/><G75/><T101/><D101/><U52/><E35/><V126/><F126/><W27/><REACH who="3" step="1"/><G106/><REACH who="3" ten="264,110,400,196" step="2"/><T103/><D103/><U36/><E36/><V32/><F32/><W120/><AGARI ba="0,3" hai="5,6,7,16,23,27,41,44,51,78,79,120,121,123" machi="120" ten="40,8000,1" yaku="1,1,2,1,0,1,54,1,53,1" doraHai="98" doraHaiUra="47" who="3" fromWho="3" sc="264,-20,110,-20,400,-40,196,110" /><INIT seed="7,0,0,0,1,28" ten="244,90,360,306" oya="3" hai0="40,121,123,98,3,37,75,83,59,76,94,63,87" hai1="55,11,104,93,128,50,32,22,64,57,118,86,12" hai2="26,89,33,10,20,45,38,67,116,73,77,29,13" hai3="18,130,70,35,122,19,127,21,132,5,25,131,4"/><W85/><G70/><T82/><D3/><U129/><E104/><V53/><F116/><W27/><G122/><T8/><D8/><U36/><E118/><V107/><F107/><W17/><G85/><T96/><D40/><U100/><E36/><V125/><F67/><W48/><G48/><T108/><D37/><U112/><E112/><V7/><F77/><W34/><G127/><T54/><D98/><U111/><E111/><V71/><F71/><W78/><G78/><T65/><D108/><U49/><E129/><N who="3" m="49162" /><G132/><T99/><D99/><U133/><E133/><V120/><F120/><W1/><G1/><T81/><D81/><U6/><E128/><V74/><F125/><W72/><G72/><T103/><D65/><U91/><E64/><V68/><F68/><W88/><G88/><AGARI ba="0,0" hai="54,59,63,75,76,82,83,87,88,94,96,103,121,123" machi="88" ten="30,2000,0" yaku="7,1,54,1" doraHai="28" who="0" fromWho="3" sc="244,20,90,0,360,0,306,-20" owari="264,-13.6,90,-41.0,360,46.0,286,8.6" /></mjloggm>