<mjloggm ver="2.3"><GO type="169" lobby="0"/><UN n0="%E3%81%88%E3%81%99%E3%81%9F%E3%81%BE%E3%82%8B" n1="%E9%BA%BB%E9%9B%80%49%51%31%32%30" n2="%E9%A2%A8%E3%81%A7%E9%B3%B4%E3%81%8F" n3="%E6%BC%82%E3%81%86" dan="16,16,17,18" rate="2217.62,2099.75,2190.87,2247.44" sx="M,M,M,M"/><TAIKYOKU oya="0"/><INIT seed="0,0,0,2,2,61" ten="250,250,250,250" oya="0" hai0="23,122,42,19,73,64,1,52,113,115,11,63,101" hai1="53,26,14,2,43,90,54,89,51,120,132,124,32" hai2="8,35,20,110,96,129,72,91,128,69,41,116,100" hai3="92,65,10,46,9,38,82,44,114,108,68,48,33"/><T126/><D122/><U131/><E2/><V103/><F35/><W50/><G114/><T123/><D123/><U111/><E43/><V104/><F103/><W118/><G118/><T112/><D73/><U119/><E119/><V34/><F34/><W62/><G33/><T106/><D42/><U121/><E32/><V135/><F116/><W125/><G38/><T22/><D126/><U95/><E14/><V5/><F69/><W59/><G125/><T88/><D101/><U27/><E124/><V58/><F110/><W12/><G108/><T28/><D106/><U81/><E111/><V39/><F20/><W17/><G68/><T37/><D37/><U36/><E36/><V87/><F58/><W6/><G92/><T18/><D52/><U76/><E95/><V0/><F135/><W99/><G99/><T24/><D23/><U30/><E51/><N who="3" m="19498" /><G82/><T70/><REACH who="0" step="1"/><D88/><REACH who="0" ten="240,250,250,250" step="2"/><U107/><E107/><V71/><F72/><W77/><G77/><T56/><D56/><U40/><E76/><V57/><F57/><W97/><G97/><T109/><D109/><U13/><E40/><V133/><F71/><W93/><G93/><T45/><D45/><N who="3" m="17513" /><G10/><T98/><D98/><U47/><E47/><N who="2" m="23999" /><F91/><W85/><G85/><T3/><D3/><U78/><E90/><V94/><F87/><W7/><AGARI ba="0,1" hai="6,7,9,12,17,59,62,65" m="17513,19498" machi="7" ten="30,2000,0" yaku="8,1,52,1" doraHai="61" who="3" fromWho="3" sc="240,-10,250,-5,250,-5,250,30" /><INIT seed="1,0,0,3,4,91" ten="230,245,245,280" oya="1" hai0="56,84,112,33,130,121,94,108,6,37,85,47,40" hai1="50,1,68,16,90,12,88,96,80,86,23,9,35" hai2="124,21,122,69,58,4,110,49,100,25,36,22,119" hai3="114,8,52,83,28,31,129,66,89,59,18,57,65"/><U43/><E68/><V51/><F36/><W19/><G114/><T39/><D112/><U103/><E35/><V54/><F69/><W106/><G106/><T11/><D108/><U72/><E72/><V113/><F113/><W109/><G109/><T0/><D130/><U120/><E120/><V44/><F110/><W111/><G129/><T45/><D33/><U98/><E1/><V38/><F38/><W93/><G83/><T34/><D34/><U64/><E64/><N who="3" m="24682" /><G59/><T15/><D121/><U71/><E71/><V27/><F122/><W75/><G75/><T20/><D56/><U10/><E90/><V74/><F74/><W105/><G105/><T104/><D104/><U81/><E81/><V131/><F119/><W30/><G8/><N who="1" m="3178" /><E103/><V78/><F78/><W60/><G111/><T41/><D0/><U127/><E127/><V5/><F100/><W126/><G126/><T29/><REACH who="0" step="1"/><D94/><REACH who="0" ten="220,245,245,280" step="2"/><U3/><E3/><V95/><F95/><W99/><AGARI ba="0,1" hai="18,19,28,30,31,52,57,60,89,93,99" m="24682" machi="99" ten="30,4000,0" yaku="8,1,52,1,54,1" doraHai="91" who="3" fromWho="3" sc="220,-10,245,-20,245,-10,280,50" /><INIT seed="2,0,0,0,3,128" ten="210,225,235,330" oya="2" hai0="58,13,28,47,17,16,119,107,116,61,51,19,105" hai1="72,21,114,78,11,83,86,10,9,60,36,90,2" hai2="22,24,95,91,25,46,3,56,42,104,118,122,100" hai3="4,59,35,132,85,64,43,50,97,74,113,93,98"/><V135/><F3/><W101/><G74/><T54/><D28/><U125/><E114/><V49/><F118/><N who="0" m="45098" /><D13/><U5/><E125/><V27/><F122/><W94/><G35/><T103/><D103/><U18/><E60/><V82/><F104/><W41/><G113/><T57/><D57/><U0/><E36/><V68/><F68/><W55/><G4/><T37/><D37/><U77/><E77/><V7/><F7/><W96/><G64/><AGARI ba="0,0" hai="16,17,19,47,51,54,58,61,64,105,107" m="45098" machi="64" ten="30,2000,0" yaku="12,1,54,1" doraHai="128" who="0" fromWho="3" sc="210,20,225,0,235,0,330,-20" /><INIT seed="3,0,0,1,0,132" ten="230,225,235,310" oya="3" hai0="81,22,133,113,94,13,122,57,89,85,105,65,123" hai1="37,15,4,12,58,25,99,45,44,83,38,42,7" hai2="90,120,61,76,88,107,91,79,30,33,116,1,41" hai3="18,96,102,16,2,52,75,127,55,87,128,73,118"/><W36/><G118/><T34/><D34/><U119/><E25/><V70/><F107/><W11/><G36/><T24/><D105/><U6/><E119/><V115/><F1/><W14/><G2/><T26/><D133/><U67/><E67/><V108/><F116/><W121/><G121/><T129/><D129/><U77/><E58/><V117/><F117/><W59/><G128/><T97/><D113/><U93/><E45/><V62/><F115/><W109/><G127/><T51/><D123/><U114/><E37/><V50/><F70/><W135/><G135/><T46/><D122/><U82/><E82/><V64/><F120/><W49/><G109/><T71/><D71/><U29/><E29/><V48/><F33/><W134/><G134/><T126/><D126/><U110/><E110/><V60/><F108/><W8/><G87/><T101/><D13/><U35/><E35/><V40/><F30/><W103/><G103/><T78/><D22/><U92/><E92/><V84/><F84/><W98/><G98/><T130/><D101/><U27/><E27/><V3/><F64/><W104/><G55/><N who="0" m="30199" /><D130/><U131/><E114/><V56/><F56/><W10/><REACH who="3" step="1"/><G18/><REACH who="3" ten="230,225,235,300" step="2"/><T0/><D0/><U31/><E131/><V17/><F17/><W74/><AGARI ba="0,1" hai="8,10,11,14,16,49,52,59,73,74,75,96,102,104" machi="74" ten="30,24000,3" yaku="1,1,2,1,0,1,54,2,53,3" doraHai="132" doraHaiUra="5" who="3" fromWho="3" sc="230,-80,225,-80,235,-80,300,250" /><INIT seed="3,1,0,1,4,72" ten="150,145,155,550" oya="3" hai0="5,99,17,122,52,89,102,63,94,93,54,37,18" hai1="111,133,20,35,3,129,85,96,97,15,118,8,88" hai2="116,77,12,128,110,86,13,61,74,30,19,55,69" hai3="125,92,73,10,75,132,16,71,123,38,44,14,121"/><W45/><G71/><T7/><D122/><U82/><E35/><V106/><F86/><W101/><G125/><T48/><D37/><U6/><E111/><V51/><F13/><W76/><G132/><T58/><D7/><U56/><E133/><V4/><F4/><W60/><G75/><T80/><D80/><U42/><E129/><V68/><F30/><W130/><G130/><T113/><D5/><U29/><E118/><V114/><F114/><W49/><G60/><T39/><D39/><U81/><E42/><V91/><F91/><W57/><G38/><T131/><D113/><U90/><E56/><V47/><F106/><W100/><G121/><T26/><D26/><N who="1" m="16583" /><E3/><V33/><F33/><W32/><G32/><T79/><D79/><U78/><E90/><V2/><F77/><W36/><G36/><T135/><D135/><U95/><E82/><V11/><F2/><W98/><G101/><T62/><D131/><U24/><E24/><V41/><F74/><W53/><REACH who="3" step="1"/><G123/><REACH who="3" ten="150,145,155,540" step="2"/><T117/><D117/><U87/><AGARI ba="1,1" hai="6,8,15,78,81,85,87,88,95,96,97" m="16583" machi="87" ten="30,4000,0" yaku="8,1,52,1,54,1" doraHai="72" who="1" fromWho="1" sc="150,-11,145,53,155,-11,540,-21" /><INIT seed="4,0,0,1,2,20" ten="139,198,144,519" oya="0" hai0="51,125,77,5,97,0,116,34,28,121,126,14,23" hai1="120,96,67,7,32,22,68,89,43,88,95,9,133" hai2="115,113,83,12,52,19,76,58,55,39,42,102,86" hai3="2,56,129,64,65,60,117,71,91,101,25,16,130"/><T123/><D77/><U110/><E110/><V61/><F102/><W98/><G2/><T53/><D97/><U87/><E133/><V70/><F70/><W18/><G117/><T75/><D75/><U27/><E32/><V90/><F42/><W4/><G4/><T54/><D54/><U132/><E132/><V57/><F39/><W47/><G91/><T100/><D100/><U114/><E120/><N who="0" m="46153" /><D53/><U85/><E43/><V112/><F76/><W108/><G108/><T93/><D93/><U104/><E104/><V45/><F45/><W37/><G47/><T11/><D51/><U124/><E67/><V13/><REACH who="2" step="1"/><F19/><REACH who="2" ten="139,198,134,519" step="2"/><W103/><G37/><T66/><D66/><U15/><E68/><V69/><F69/><W59/><G71/><T26/><D116/><U8/><E89/><V127/><F127/><W128/><G101/><T84/><D84/><U50/><E124/><V79/><F79/><W111/><G111/><T107/><D107/><U105/><E105/><V122/><F122/><W38/><G38/><T46/><D46/><U48/><E87/><V82/><F82/><W6/><G103/><T63/><D63/><AGARI ba="0,1" hai="12,13,52,55,57,58,61,63,83,86,90,112,113,115" machi="63" ten="40,8000,1" yaku="1,1,9,1,15,1,54,1,53,0" doraHai="20" doraHaiUra="36" who="2" fromWho="0" sc="139,-80,198,0,134,90,519,0" /><INIT seed="5,0,0,2,4,87" ten="59,198,224,519" oya="1" hai0="63,80,103,111,107,104,128,53,116,97,23,4,62" hai1="71,86,74,19,42,43,48,69,41,90,92,38,70" hai2="52,133,125,61,51,2,131,119,73,72,56,14,7" hai3="98,89,113,127,75,33,108,1,3,99,47,25,13"/><U94/><E38/><V132/><F119/><W102/><G108/><T16/><D116/><U26/><E74/><V123/><F123/><W96/><G75/><T83/><D111/><U114/><E114/><V18/><F125/><W81/><G113/><T32/><D32/><U45/><E26/><V60/><F131/><W79/><G127/><T66/><D128/><U68/><N who="1" m="17408" /><DORA hai="91" /><U115/><E115/><V130/><F130/><W5/><G3/><T9/><D107/><U36/><E36/><V118/><F118/><W31/><G1/><T117/><D117/><U135/><E135/><N who="2" m="51787" /><F61/><W112/><G47/><T93/><D66/><U8/><E19/><V30/><F30/><W122/><G79/><T120/><D120/><U35/><E35/><V105/><F105/><W82/><G112/><T28/><D28/><U44/><E8/><N who="2" m="2167" /><F60/><W20/><G122/><T109/><D109/><U6/><E6/><V46/><F46/><W17/><G5/><T121/><D121/><U134/><E134/><V15/><F15/><W77/><G33/><T88/><D63/><U64/><E64/><V21/><AGARI ba="0,0" hai="14,18,21,51,52,56,72,73" m="2167,51787" machi="21" ten="30,2000,0" yaku="20,1,54,1" doraHai="87,91" who="2" fromWho="2" sc="59,-5,198,-10,224,20,519,-5" /><INIT seed="6,0,0,5,3,99" ten="54,188,244,514" oya="2" hai0="24,20,72,111,107,7,44,32,128,13,122,67,104" hai1="45,55,52,80,48,114,51,33,16,113,108,15,88" hai2="64,63,89,121,78,120,50,6,98,35,126,119,59" hai3="85,66,77,10,30,92,40,135,3,61,36,70,87"/><V110/><F35/><W26/><G135/><T123/><D72/><U49/><E108/><V116/><F110/><W46/><G77/><T95/><D111/><U131/><E131/><V109/><F109/><W23/><G92/><T41/><D128/><U31/><E31/><V103/><F126/><W101/><G101/><T38/><D32/><U81/><E33/><V2/><F78/><W73/><G73/><T21/><D67/><U124/><E124/><V86/><F6/><W106/><G106/><T90/><D123/><U130/><E130/><V57/><F2/><W29/><G29/><T8/><D21/><U54/><E45/><V43/><F121/><W56/><G70/><T12/><D13/><U18/><E88/><V69/><F120/><W39/><G39/><T112/><D112/><N who="1" m="43115" /><E15/><V127/><F127/><W58/><G56/><T9/><D8/><U74/><E74/><V0/><F0/><W129/><G129/><T68/><D68/><U125/><E125/><V96/><F96/><W82/><G82/><AGARI ba="0,0" hai="16,18,48,49,51,52,54,55,80,81,82" m="43115" machi="82" ten="40,8000,1" yaku="28,2,15,1,54,2" doraHai="99" who="1" fromWho="3" sc="54,0,188,80,244,0,514,-80" /><INIT seed="7,0,0,0,0,70" ten="54,268,244,434" oya="3" hai0="104,46,21,52,90,89,71,43,36,101,50,80,59" hai1="84,4,118,53,115,1,26,7,82,96,28,35,56" hai2="130,97,78,108,66,124,12,95,106,39,51,93,58" hai3="62,72,85,74,107,100,32,121,112,131,63,119,38"/><W120/><G85/><T24/><D101/><U110/><E110/><V125/><F108/><W126/><G62/><T54/><D104/><U61/><E1/><V92/><F130/><W45/><G63/><T44/><D80/><U19/><E115/><V60/><F78/><W57/><G57/><T18/><D71/><U81/><E118/><V29/><F29/><W40/><G119/><T123/><D123/><U31/><E31/><V64/><F64/><W116/><G116/><T37/><D46/><U94/><E19/><V20/><F51/><W111/><G111/><T8/><D54/><U9/><E9/><V27/><F12/><W25/><G131/><T65/><D65/><U2/><E2/><V68/><F68/><W135/><G135/><T99/><D8/><U109/><E82/><V73/><F73/><N who="3" m="28267" /><G126/><T117/><D117/><U0/><E0/><V129/><F129/><W79/><G79/><T103/><D103/><U122/><E122/><V48/><F48/><W132/><G132/><T15/><D15/><U33/><E33/><V5/><F5/><W102/><G102/><T16/><D18/><U128/><E128/><V69/><F69/><W11/><G11/><T14/><D14/><U133/><E133/><V49/><F49/><W88/><G112/><T55/><D55/><U91/><E109/><V17/><F39/><W134/><G134/><T127/><D127/><N who="2" m="48714" /><F106/><W6/><G121/><T10/><D10/><U114/><E114/><V3/><F3/><W42/><G6/><T13/><D13/><U86/><E81/><V67/><F67/><W30/><G120/><RYUUKYOKU ba="0,0" sc="54,-15,268,15,244,15,434,-15" hai1="4,7,26,28,35,53,56,61,84,86,91,94,96" hai2="17,20,27,58,60,66,92,93,95,97" owari="39,-46.1,283,8.3,259,-14.1,419,51.9" /></mjloggm>