<mjloggm ver="2.3"><GO type="169" lobby="0"/><UN n0="%68%69%73%61%74%6F%E6%A3%92" n1="%E3%83%AD%E3%83%AD%E3%82%93" n2="%E8%B5%A4%E4%BA%94%E7%AB%8B%E7%9B%B4" n3="%E3%81%BB%E3%83%BC%E3%82%8A%E3%83%BC" dan="16,16,16,17" rate="2125.59,2119.92,2187.57,2223.16" sx="M,M,F,M"/><TAIKYOKU oya="0"/><INIT seed="0,0,0,2,0,6" ten="250,250,250,250" oya="0" hai0="66,54,32,103,111,75,7,116,78,79,38,53,114" hai1="48,98,88,102,13,71,76,1,106,65,89,95,20" hai2="36,58,11,37,113,61,115,110,19,82,129,86,112" hai3="91,42,4,16,123,105,131,44,9,100,87,133,22"/><T21/><D116/><U77/><E1/><V39/><F110/><W104/><G131/><T10/><D32/><U29/><E71/><V30/><F30/><W25/><G133/><T109/><D114/><U94/><E65/><V96/><F96/><W85/><G123/><T40/><D66/><U41/><E48/><V34/><F34/><W93/><G87/><T8/><D21/><U55/><E55/><V14/><F129/><W24/><G24/><T23/><D23/><U3/><E3/><V80/><REACH who="2" step="1"/><F86/><REACH who="2" ten="250,250,240,250" step="2"/><W92/><G100/><T46/><D103/><U18/><E29/><V83/><F83/><W60/><G92/><T50/><D109/><U64/><E95/><V99/><F99/><W74/><G74/><T52/><D111/><U67/><E106/><V135/><F135/><W119/><G119/><T122/><D122/><U28/><E28/><V130/><F130/><W107/><G60/><T62/><D62/><U26/><E102/><V27/><F27/><W43/><REACH who="3" step="1"/><G44/><REACH who="3" ten="250,250,240,240" step="2"/><T124/><D75/><U12/><E26/><V0/><F0/><AGARI ba="0,2" hai="0,4,9,16,22,25,42,43,85,91,93,104,105,107" machi="0" ten="40,8000,1" yaku="1,1,2,1,52,1,54,1,53,0" doraHai="6" doraHaiUra="56" who="3" fromWho="2" sc="250,0,250,0,240,-80,240,100" /><INIT seed="1,0,0,4,1,119" ten="250,250,160,340" oya="1" hai0="132,38,23,9,40,47,126,19,3,5,14,135,16" hai1="128,80,115,93,92,85,76,48,22,72,88,109,6" hai2="103,12,36,67,11,104,8,77,33,53,64,61,112" hai3="82,58,94,63,102,87,46,27,69,50,18,83,54"/><U107/><E115/><V62/><F112/><W43/><G69/><T110/><D110/><U52/><E107/><V133/><F133/><N who="0" m="51274" /><D19/><U99/><E128/><V70/><F33/><W34/><G34/><T15/><D126/><U78/><E109/><V60/><F36/><W131/><G131/><T95/><D95/><U20/><E6/><V129/><F129/><W30/><G30/><T97/><D97/><U13/><E22/><V10/><F77/><W122/><G122/><T79/><D79/><U134/><E134/><V32/><F32/><W49/><G63/><T121/><D14/><U105/><E105/><V113/><F113/><W56/><G56/><T1/><D1/><U108/><E108/><V37/><F37/><W84/><G102/><T111/><D111/><U74/><E78/><V116/><F116/><W26/><G94/><T45/><D47/><U98/><E93/><V25/><F25/><N who="3" m="9227" /><G18/><T17/><D17/><N who="1" m="10287" /><E74/><V123/><F123/><AGARI ba="0,0" hai="3,5,9,15,16,23,38,40,45,121,123" m="51274" machi="123" ten="30,7700,0" yaku="20,1,52,2,54,1" doraHai="119" who="0" fromWho="2" sc="250,77,250,0,160,-77,340,0" /><INIT seed="2,0,0,2,1,102" ten="327,250,83,340" oya="2" hai0="60,119,9,46,12,73,125,58,31,84,4,80,23" hai1="41,16,19,81,39,110,67,95,52,103,44,109,15" hai2="97,18,5,82,96,69,134,74,79,106,113,6,53" hai3="76,120,21,65,112,64,11,116,90,92,10,28,42"/><V94/><F113/><W34/><G34/><T24/><D125/><U1/><E1/><V25/><F134/><W27/><G116/><T88/><D73/><U68/><E81/><V118/><F118/><W54/><G120/><T59/><D119/><U133/><E133/><V50/><F69/><W72/><G112/><T13/><D13/><U122/><E122/><V135/><F135/><W98/><G72/><T128/><D128/><U105/><E95/><V17/><F97/><W85/><G42/><T26/><D26/><U20/><E19/><V61/><F61/><W57/><G76/><T126/><D126/><U91/><E91/><V29/><F106/><W66/><REACH who="3" step="1"/><G98/><REACH who="3" ten="327,250,83,330" step="2"/><T62/><D60/><AGARI ba="0,1" hai="10,11,21,27,28,54,57,60,64,65,66,85,90,92" machi="60" ten="40,5200,0" yaku="1,1,2,1,8,1,53,0" doraHai="102" doraHaiUra="114" who="3" fromWho="0" sc="327,-52,250,0,83,0,330,62" /><INIT seed="3,0,0,2,4,55" ten="275,250,83,392" oya="3" hai0="71,87,134,56,57,129,0,13,9,4,127,41,58" hai1="26,85,44,33,83,67,29,79,118,63,28,65,82" hai2="135,119,70,24,17,95,69,42,97,88,112,60,101" hai3="36,5,113,84,124,130,27,99,23,108,40,18,103"/><W114/><G124/><T37/><D71/><U54/><E118/><V115/><F119/><W73/><G73/><T30/><D134/><U68/><E29/><V62/><F135/><W47/><G130/><T106/><D106/><U78/><E68/><V12/><F42/><W21/><G5/><T100/><D100/><U125/><E125/><V122/><F122/><W59/><G108/><T89/><D127/><U77/><E79/><V72/><F72/><W61/><G23/><T93/><D30/><U91/><E91/><V25/><F69/><W80/><G84/><T31/><D31/><U34/><E34/><V76/><F76/><W90/><G90/><T107/><D107/><U10/><E10/><V46/><F46/><W111/><G80/><T105/><D105/><U52/><E54/><V128/><F128/><W53/><REACH who="3" step="1"/><G111/><REACH who="3" ten="275,250,83,382" step="2"/><T20/><D129/><U19/><E82/><V6/><F6/><W96/><G96/><T117/><D117/><U132/><E132/><V94/><F112/><W38/><G38/><T102/><D102/><U104/><E85/><N who="2" m="52495" /><F115/><W74/><G74/><T81/><D81/><U110/><E83/><V35/><F35/><W120/><G120/><T98/><D98/><U123/><E123/><V15/><F101/><W131/><G131/><T51/><D37/><U116/><E110/><V48/><F97/><W22/><G22/><T45/><REACH who="0" step="1"/><D20/><REACH who="0" ten="265,250,83,382" step="2"/><U86/><E116/><V32/><F32/><W75/><G75/><T3/><AGARI ba="0,2" hai="0,3,4,9,13,41,45,51,56,57,58,87,89,93" machi="3" ten="30,12000,2" yaku="1,1,2,1,0,1,52,3,53,0" doraHai="55" doraHaiUra="121" who="0" fromWho="0" sc="265,140,250,-30,83,-30,382,-60" /><INIT seed="4,0,0,3,1,112" ten="405,220,53,322" oya="0" hai0="44,38,21,80,75,74,106,124,70,98,29,111,33" hai1="78,1,25,30,79,107,61,8,109,73,92,129,3" hai2="102,11,82,58,114,65,76,2,127,117,81,7,5" hai3="87,121,110,69,88,32,84,41,115,16,120,40,46"/><T66/><D21/><U13/><E109/><V130/><F114/><W14/><G115/><T63/><D124/><U54/><E107/><V24/><F127/><W45/><G69/><T83/><D83/><U97/><E129/><V10/><F130/><W68/><G68/><T19/><D19/><U23/><E54/><V125/><F125/><W60/><G60/><T71/><D71/><U94/><E61/><V126/><F126/><W135/><G32/><T27/><D80/><U101/><E92/><V12/><F102/><W9/><G87/><T17/><D17/><U134/><E134/><V118/><F24/><W18/><G110/><T26/><D26/><U91/><E73/><V77/><F58/><W34/><G34/><T96/><D96/><U6/><E101/><V48/><F48/><W43/><G18/><T49/><D49/><U0/><AGARI ba="0,0" hai="0,1,3,6,8,13,23,25,30,78,79,91,94,97" machi="0" ten="30,1100,0" yaku="0,1" doraHai="112" who="1" fromWho="1" sc="405,-5,220,11,53,-3,322,-3" /><INIT seed="5,0,0,0,0,63" ten="400,231,50,319" oya="1" hai0="129,105,71,13,116,59,77,47,69,122,31,22,134" hai1="60,49,44,110,16,38,109,40,0,50,90,127,58" hai2="46,79,6,85,37,108,87,81,41,111,3,93,72" hai3="102,27,128,23,96,113,21,97,11,100,131,84,35"/><U123/><E0/><V76/><F76/><W17/><G113/><T68/><D105/><U107/><E107/><V64/><F64/><W45/><G35/><T24/><D134/><U91/><E127/><V133/><F133/><W89/><G11/><T95/><D129/><N who="3" m="49737" /><G45/><T94/><D47/><U54/><E123/><V112/><F112/><W86/><G23/><T43/><D43/><U75/><E75/><V1/><F1/><W78/><G78/><T34/><D77/><U12/><E50/><V10/><REACH who="2" step="1"/><F93/><REACH who="2" ten="400,231,40,319" step="2"/><N who="3" m="58383" /><G89/><T26/><D94/><AGARI ba="0,1" hai="17,21,27,84,86,94,97,102" m="58383,49737" machi="94" ten="30,1000,0" yaku="19,1" doraHai="63" who="3" fromWho="0" sc="400,-10,231,0,40,0,319,20" /><INIT seed="6,0,0,4,1,100" ten="390,231,40,339" oya="2" hai0="56,123,89,41,79,47,85,65,68,94,35,0,120" hai1="46,134,71,87,117,74,109,75,70,22,18,108,93" hai2="25,98,115,49,34,36,135,96,20,51,122,3,13" hai3="112,37,77,17,114,45,69,124,55,97,102,52,9"/><V107/><F36/><W67/><G77/><T81/><D0/><U38/><E117/><V63/><F122/><W95/><G124/><T40/><D35/><U32/><E93/><V11/><F115/><N who="3" m="44075" /><G67/><T53/><D68/><U119/><E87/><V21/><F135/><W43/><G69/><T82/><D82/><U31/><E134/><V14/><F34/><W16/><G9/><T116/><D65/><U118/><E18/><AGARI ba="0,0" hai="16,17,18,37,43,45,52,55,95,97,102" m="44075" machi="18" ten="30,7700,0" yaku="15,1,11,1,54,2" doraHai="100" who="3" fromWho="1" sc="390,0,231,-77,40,0,339,77" /><INIT seed="7,0,0,4,5,109" ten="390,154,40,416" oya="3" hai0="73,2,57,65,1,61,36,3,5,44,97,28,124" hai1="93,126,101,69,53,64,127,111,133,63,23,80,0" hai2="114,7,62,128,88,18,78,107,119,96,37,134,8" hai3="112,66,39,118,30,70,52,87,47,89,59,60,55"/><W84/><G118/><T25/><D124/><U81/><E23/><V74/><F119/><W17/><G112/><T85/><D73/><U10/><E93/><V27/><F114/><W75/><G75/><T90/><D97/><U9/><E101/><V56/><F128/><W34/><G55/><T50/><D36/><U86/><E86/><V49/><F134/><W31/><G17/><T99/><D99/><U130/><E53/><V110/><F110/><W58/><G58/><T54/><D5/><U125/><E111/><V24/><F37/><W22/><G34/><T15/><D15/><U12/><E130/><V122/><F122/><W29/><G22/><T51/><D51/><U113/><E113/><V108/><F108/><W42/><REACH who="3" step="1"/><G89/><REACH who="3" ten="390,154,40,406" step="2"/><T103/><D103/><U102/><E125/><V106/><F74/><W4/><G4/><T116/><D116/><U38/><E102/><V68/><F68/><W32/><G32/><T16/><D16/><U82/><E69/><V48/><F78/><W105/><G105/><T117/><D117/><U132/><E126/><V129/><F129/><W98/><G98/><T35/><D2/><U72/><E0/><V21/><F106/><W91/><G91/><T77/><D77/><U79/><E72/><V131/><F131/><W71/><G71/><T19/><D19/><U95/><E79/><V115/><F115/><W83/><G83/><AGARI ba="0,1" hai="1,3,25,28,35,44,50,54,57,61,65,83,85,90" machi="83" ten="30,1000,0" yaku="7,1" doraHai="109" who="0" fromWho="3" sc="390,20,154,0,40,0,406,-10" owari="410,51.0,154,-24.6,40,-46.0,396,19.6" /></mjloggm>