<mjloggm ver="2.3"><GO type="169" lobby="0"/><UN n0="%E9%87%A3%E3%82%8A%E6%97%A5%E5%92%8C" n1="%E3%81%B2%E3%81%90%E3%81%A1" n2="%70%6F%6E%2D%65%6E" n3="%E9%9B%AA%E3%81%AE%E8%8F%AF" dan="17,17,16,16" rate="2175.96,2225.24,2116.13,2126.59" sx="M,M,F,F"/><TAIKYOKU oya="0"/><INIT seed="0,0,0,4,1,93" ten="250,250,250,250" oya="0" hai0="123,41,74,64,22,63,97,54,122,66,32,40,3" hai1="118,133,36,44,111,121,9,117,17,127,45,102,70" hai2="125,84,96,35,49,57,91,13,39,87,53,38,113" hai3="73,134,108,72,79,114,2,83,27,135,75,15,95"/><T62/><D32/><U42/><E17/><V98/><F113/><W65/><G2/><T46/><D3/><U90/><E90/><V106/><F125/><W4/><G65/><T48/><D74/><U100/><E9/><V6/><F35/><W103/><G27/><T68/><D22/><U120/><E100/><V119/><F119/><W115/><G15/><T8/><D8/><U78/><E102/><V30/><F30/><W69/><G4/><T128/><D97/><N who="2" m="37482" /><F39/><W77/><G69/><T101/><D101/><U59/><E78/><N who="3" m="29706" /><G108/><T24/><D24/><U55/><E127/><V94/><F106/><W20/><G20/><T60/><D60/><U26/><E111/><V89/><F38/><W71/><G71/><T43/><REACH who="0" step="1"/><D128/><REACH who="0" ten="240,250,250,250" step="2"/><U61/><E61/><V81/><F13/><W85/><G103/><T82/><D82/><U12/><E12/><V50/><F6/><W11/><G11/><T28/><D28/><U116/><E26/><V29/><F29/><W33/><G33/><T132/><D132/><N who="3" m="50729" /><G83/><T34/><D34/><U0/><E0/><V76/><F76/><W124/><G124/><T80/><D80/><U110/><E133/><V104/><F104/><W112/><G95/><T56/><AGARI ba="0,1" hai="40,41,43,46,48,54,56,62,63,64,66,68,122,123" machi="56" ten="30,12000,1" yaku="1,1,0,1,34,3,53,0" doraHai="93" doraHaiUra="129" who="0" fromWho="0" sc="240,130,250,-40,250,-40,250,-40" /><INIT seed="0,1,0,4,3,85" ten="370,210,210,210" oya="0" hai0="111,126,91,54,0,55,87,124,37,4,8,42,104" hai1="30,73,115,102,53,97,58,114,101,92,133,113,48" hai2="17,57,45,93,112,26,70,11,68,130,47,14,108" hai3="135,110,76,12,71,109,81,79,62,100,29,20,65"/><T1/><D104/><U18/><E133/><V95/><F112/><W15/><G135/><T127/><D0/><U134/><E134/><V9/><F108/><N who="3" m="41579" /><G100/><T119/><D111/><U24/><E73/><V125/><F125/><W23/><G79/><T60/><D119/><U22/><REACH who="1" step="1"/><E101/><REACH who="1" ten="370,200,210,210" step="2"/><V5/><F130/><W123/><G123/><T2/><D2/><U19/><AGARI ba="1,1" hai="18,19,22,24,30,48,53,58,92,97,102,113,114,115" machi="19" ten="40,8000,1" yaku="1,1,2,1,0,1,11,1,53,0" doraHai="85" doraHaiUra="75" who="1" fromWho="1" sc="370,-41,200,93,210,-21,210,-21" /><INIT seed="1,0,0,5,1,93" ten="329,293,189,189" oya="1" hai0="51,119,42,54,115,52,103,91,11,97,78,0,77" hai1="124,75,66,2,67,69,118,35,106,4,7,114,23" hai2="31,44,104,17,105,83,107,130,12,68,22,117,25" hai3="8,36,10,57,80,113,94,26,73,37,87,27,125"/><U108/><RYUUKYOKU type="yao9" ba="0,0" sc="329,0,293,0,189,0,189,0" hai1="2,4,7,23,35,66,67,69,75,106,108,114,118,124" /><INIT seed="1,1,0,2,2,7" ten="329,293,189,189" oya="1" hai0="59,118,72,100,18,77,48,99,135,101,108,64,57" hai1="23,47,39,21,24,20,114,94,113,79,78,19,117" hai2="62,43,60,28,49,88,14,75,116,107,98,84,81" hai3="2,83,109,8,95,13,125,37,71,45,103,106,86"/><U124/><E117/><V12/><F116/><W33/><G33/><T68/><D118/><U51/><E39/><V16/><F28/><W3/><G106/><T40/><D108/><U74/><E124/><V44/><F75/><W130/><G130/><T55/><D135/><U1/><E1/><V66/><F12/><W63/><G109/><T123/><D40/><U22/><E74/><V82/><F82/><W93/><G125/><T134/><D134/><U35/><E35/><V91/><F107/><W89/><G71/><T50/><D77/><U102/><E113/><V105/><F105/><W104/><G104/><T15/><D72/><U65/><E65/><V6/><F6/><W54/><G37/><T4/><D4/><U10/><E10/><N who="2" m="6231" /><F66/><W92/><G103/><T120/><D68/><U119/><E114/><V87/><F87/><W76/><G76/><T36/><D36/><U38/><E38/><V126/><F126/><W9/><G9/><T53/><D64/><U29/><E29/><V111/><F111/><W129/><G129/><T69/><D69/><U80/><E80/><V0/><F0/><W41/><G41/><T42/><D42/><N who="1" m="25079" /><E119/><V133/><F133/><W70/><G70/><T115/><D115/><U56/><E79/><V11/><F11/><W110/><G110/><T34/><D34/><U96/><E78/><V122/><F122/><N who="0" m="46634" /><D99/><U46/><E19/><V97/><F97/><W67/><G67/><T52/><D53/><U85/><E96/><V27/><F27/><W131/><G131/><T30/><D30/><U26/><N who="1" m="5120" /><DORA hai="121" /><U127/><E127/><RYUUKYOKU ba="1,0" sc="329,15,293,-15,189,15,189,-15" hai0="15,18,48,50,52,55,57,59,100,101" hai2="43,44,49,60,62,81,84,88,91,98" /><INIT seed="2,2,0,5,4,93" ten="344,278,204,174" oya="2" hai0="113,89,108,105,6,47,112,76,118,21,1,50,131" hai1="45,64,13,52,115,80,25,94,109,24,103,51,75" hai2="127,3,123,82,61,130,4,42,90,84,83,97,88" hai3="9,111,43,57,69,107,16,10,73,14,133,81,135"/><V5/><F123/><W134/><G69/><T91/><D105/><U60/><E115/><V18/><F127/><W104/><G111/><T55/><D108/><U124/><E109/><V28/><F130/><W116/><G116/><T36/><D131/><U86/><E124/><V56/><F28/><W100/><G43/><T92/><D118/><U87/><E75/><V31/><F31/><W68/><G68/><T71/><D71/><U77/><E13/><V79/><F42/><W117/><G117/><T41/><D76/><U7/><E7/><N who="2" m="2635" /><F3/><W63/><G9/><T38/><D89/><N who="2" m="34410" /><F83/><W59/><G100/><T34/><D34/><U22/><E87/><V27/><F27/><W32/><G32/><T78/><D36/><U122/><E122/><V129/><F129/><W65/><REACH who="3" step="1"/><G59/><REACH who="3" ten="344,278,204,164" step="2"/><T101/><D41/><U119/><E119/><V72/><F72/><W11/><G11/><T30/><D112/><U126/><E126/><V128/><F128/><W110/><G110/><T23/><D113/><U67/><E22/><V35/><F35/><W2/><G2/><T29/><D23/><U102/><E102/><V44/><F44/><W132/><N who="3" m="33792" /><DORA hai="62" /><W74/><G74/><T96/><D101/><U48/><E103/><V66/><F97/><W95/><G95/><T0/><D21/><U106/><E94/><V17/><AGARI ba="2,1" hai="17,18,56,61,66,79,82,84" m="34410,2635" machi="17" ten="30,6000,0" yaku="8,1,52,1,54,1" doraHai="93,62" who="2" fromWho="2" sc="344,-22,278,-22,204,76,164,-22" /><INIT seed="2,3,0,3,4,118" ten="322,256,280,142" oya="2" hai0="89,18,73,25,125,115,12,116,47,60,36,95,24" hai1="58,81,113,50,41,3,31,20,86,70,15,131,124" hai2="52,19,2,74,108,78,44,90,102,53,134,6,27" hai3="37,135,66,94,49,21,65,38,104,67,96,48,62"/><V83/><F134/><W98/><G104/><T32/><D115/><U43/><E70/><V40/><F108/><W126/><G21/><T82/><D116/><U122/><E3/><V39/><F102/><W114/><G114/><T109/><D109/><U28/><E113/><V79/><F79/><W23/><G23/><T13/><D125/><U133/><E131/><V97/><F19/><W93/><G126/><T16/><D60/><U107/><E107/><V85/><F97/><W121/><G62/><T34/><D82/><U117/><E133/><V99/><F99/><N who="3" m="37931" /><G135/><T7/><D7/><U17/><E117/><V64/><F64/><W68/><G68/><T22/><D73/><U10/><E124/><V110/><F27/><W26/><G26/><T33/><D95/><N who="3" m="36361" /><G121/><T127/><D127/><U29/><E20/><V75/><F75/><W51/><AGARI ba="3,0" hai="37,38,48,49,51,65,66,67" m="36361,37931" machi="51" ten="40,2700,0" yaku="28,2" doraHai="118" who="3" fromWho="3" sc="322,-10,256,-10,280,-16,142,36" /><INIT seed="3,0,0,0,5,38" ten="312,246,264,178" oya="3" hai0="45,123,43,20,95,99,94,44,125,92,86,6,31" hai1="88,25,102,47,54,65,55,30,5,101,23,61,107" hai2="36,130,13,111,51,122,62,120,106,2,42,133,32" hai3="96,135,16,118,1,56,97,52,89,119,4,132,48"/><W9/><G89/><T75/><D75/><U21/><E5/><V67/><F13/><W84/><G84/><T39/><D123/><N who="2" m="47146" /><F32/><W128/><G128/><T93/><D125/><U104/><E104/><V17/><F17/><W109/><G109/><T127/><D127/><U14/><E107/><V90/><F90/><W83/><G83/><T35/><D35/><U121/><E121/><V8/><F8/><W3/><G3/><T69/><D69/><U91/><E101/><V28/><F28/><W79/><G79/><T34/><D34/><U19/><E102/><V73/><F73/><W74/><G74/><T53/><D6/><U22/><E22/><V110/><F2/><W115/><G115/><T11/><D11/><U57/><E55/><V129/><F36/><W71/><G71/><T77/><D94/><U68/><REACH who="1" step="1"/><E47/><REACH who="1" ten="312,236,264,178" step="2"/><N who="2" m="26103" /><F106/><W37/><G37/><T24/><D39/><U113/><E113/><V76/><F133/><N who="3" m="51275" /><G16/><T78/><D99/><AGARI ba="0,1" hai="1,4,9,48,52,56,96,97,99,118,119" m="51275" machi="99" ten="30,2900,0" yaku="20,1,54,1" doraHai="38" who="3" fromWho="0" sc="312,-29,236,0,264,0,178,39" /><INIT seed="3,1,0,4,2,26" ten="283,236,264,217" oya="3" hai0="0,37,108,51,70,33,15,106,95,58,57,36,67" hai1="131,49,27,89,20,10,125,127,128,5,8,132,110" hai2="7,24,63,4,62,103,13,74,115,107,114,2,61" hai3="31,111,23,3,92,76,73,123,56,96,109,69,42"/><W105/><G123/><T124/><D106/><U100/><E100/><V87/><F74/><W66/><G3/><T17/><D33/><U77/><E77/><V117/><F117/><W38/><G105/><T75/><D75/><U101/><E101/><V21/><F2/><W99/><G69/><T35/><D35/><U80/><E80/><V72/><F72/><W133/><G133/><T54/><D0/><N who="1" m="39" /><E89/><V120/><F120/><W83/><G42/><T45/><D108/><N who="3" m="41545" /><G38/><T68/><D124/><N who="1" m="47691" /><E49/><V34/><F114/><W60/><G92/><T41/><D36/><U79/><E79/><V43/><F115/><W91/><G91/><T1/><D1/><U39/><E39/><V48/><F103/><W134/><G134/><T14/><D95/><U52/><E110/><V84/><F107/><W135/><G135/><T122/><D68/><U121/><E121/><V64/><F64/><W46/><G46/><T29/><D70/><U71/><E71/><V90/><F90/><W25/><AGARI ba="1,0" hai="23,25,31,56,60,66,73,76,83,96,99" m="41545" machi="25" ten="30,6000,0" yaku="14,1,10,1,52,1" doraHai="26" who="3" fromWho="3" sc="283,-21,236,-21,264,-21,217,63" /><INIT seed="3,2,0,3,3,118" ten="262,215,243,280" oya="3" hai0="39,74,91,14,42,8,82,20,26,134,23,16,135" hai1="43,50,19,13,125,46,65,81,53,11,17,123,110" hai2="77,101,2,119,12,52,89,51,86,35,99,79,93" hai3="73,3,56,129,1,41,105,131,63,120,72,122,130"/><W75/><G105/><T48/><D39/><U112/><E112/><V111/><F2/><N who="3" m="523" /><G41/><T109/><D109/><U22/><E110/><V0/><F0/><W98/><G98/><T58/><D23/><U57/><E125/><V34/><F119/><W55/><AGARI ba="2,0" hai="55,56,63,72,73,75,120,122,129,130,131" m="523" machi="55" ten="50,9600,0" yaku="19,1,52,2" doraHai="118" who="3" fromWho="3" sc="262,-34,215,-34,243,-34,280,102" /><INIT seed="3,3,0,3,0,75" ten="228,181,209,382" oya="3" hai0="2,107,101,45,125,16,134,108,47,84,119,50,89" hai1="26,33,1,9,38,73,12,28,17,58,111,55,124" hai2="22,90,62,42,94,97,103,105,63,114,120,32,110" hai3="54,79,31,122,98,102,56,77,13,85,36,14,8"/><W59/><G122/><T123/><D123/><U40/><E73/><V35/><F120/><W87/><G36/><T128/><D119/><U39/><E111/><V44/><F110/><W7/><G31/><T133/><D108/><U130/><E124/><V109/><F114/><W80/><G14/><T106/><D2/><U64/><E64/><V41/><F109/><W74/><G74/><T11/><D125/><U43/><E130/><V51/><F41/><W135/><G135/><N who="0" m="51723" /><D128/><U4/><E39/><V61/><REACH who="2" step="1"/><F22/><REACH who="2" ten="228,181,199,382" step="2"/><W67/><G67/><T57/><D107/><U34/><E34/><V127/><F127/><W70/><G54/><N who="0" m="31959" /><D106/><U48/><REACH who="1" step="1"/><E38/><REACH who="1" ten="228,171,199,382" step="2"/><V132/><F132/><W126/><G126/><T0/><D0/><U68/><E68/><V25/><F25/><W121/><G70/><T96/><D47/><U37/><E37/><V115/><F115/><W15/><G121/><T91/><D45/><U24/><E24/><V76/><F76/><W104/><G13/><T46/><D46/><U118/><E118/><V95/><F95/><W27/><G27/><T30/><D30/><U19/><E19/><V117/><F117/><W66/><G66/><T88/><D16/><U18/><E18/><V49/><F49/><W92/><G92/><N who="0" m="58503" /><D11/><AGARI ba="3,2" hai="1,4,9,11,12,17,26,28,33,40,43,48,55,58" machi="11" ten="30,2000,0" yaku="1,1,7,1,53,0" doraHai="75" doraHaiUra="112" who="1" fromWho="0" sc="228,-29,171,49,199,0,382,0" /><INIT seed="4,0,0,4,5,99" ten="199,220,199,382" oya="0" hai0="98,14,64,73,111,40,36,86,90,87,78,47,82" hai1="33,26,11,17,117,118,134,19,94,46,121,128,97" hai2="81,135,6,93,74,95,21,13,10,108,102,110,30" hai3="133,119,20,66,65,101,28,124,15,48,56,1,49"/><T70/><D111/><U69/><E69/><V63/><F135/><W83/><G119/><T71/><D64/><U131/><E46/><V27/><F63/><W72/><G1/><T44/><D86/><U24/><E94/><V7/><F7/><W127/><G72/><T55/><D14/><U85/><E85/><V43/><F43/><W100/><G83/><T122/><D122/><U37/><E37/><V9/><F9/><W123/><G123/><T75/><D75/><U52/><E52/><V80/><F95/><W68/><G68/><T96/><D96/><U5/><E97/><V91/><F102/><N who="3" m="39531" /><G133/><T16/><D98/><U38/><E38/><V115/><F115/><W60/><G66/><T77/><D71/><U104/><E104/><V67/><F67/><W120/><G120/><T53/><D70/><U25/><E121/><V114/><F114/><W34/><G34/><T23/><D73/><U50/><E50/><V54/><F81/><W35/><G35/><T29/><D82/><U41/><E33/><V88/><F91/><W31/><G124/><T89/><D36/><U106/><E106/><V107/><F107/><W3/><G3/><T79/><D89/><U125/><E125/><V39/><F39/><W18/><G127/><T57/><D90/><U116/><E41/><V62/><F80/><W92/><G92/><T76/><D40/><U12/><E134/><V2/><F2/><W103/><N who="3" m="39539" /><W61/><DORA hai="22" /><G61/><T32/><D77/><U113/><E113/><V59/><F74/><W58/><G58/><T130/><D32/><U112/><E112/><RYUUKYOKU ba="0,0" sc="199,-30,220,10,199,10,382,10" hai1="5,11,12,17,19,24,25,26,116,117,118,128,131" hai2="6,10,13,21,27,30,54,59,62,88,93,108,110" hai3="15,18,20,28,31,48,49,56,60,65" /><INIT seed="5,1,0,1,0,117" ten="169,230,209,392" oya="1" hai0="69,32,58,47,97,12,93,43,55,42,118,107,128" hai1="114,75,92,89,90,112,131,83,73,119,82,38,66" hai2="16,64,85,74,94,135,27,120,132,1,108,63,3" hai3="53,49,124,129,80,8,26,61,36,22,39,21,6"/><U134/><E38/><V81/><F108/><W46/><G129/><T4/><D118/><U29/><E119/><V71/><F94/><W95/><G124/><T37/><D32/><U48/><E66/><V41/><F41/><W59/><G95/><T130/><D107/><U23/><E29/><V68/><F74/><N who="1" m="28169" /><E48/><V125/><F71/><W79/><G26/><T25/><D43/><U35/><E23/><N who="2" m="13799" /><F125/><W72/><G36/><T78/><D78/><U13/><E13/><V87/><F120/><W109/><G39/><T127/><D127/><U0/><E0/><V88/><F87/><W24/><G24/><T104/><D104/><U5/><E5/><V14/><F14/><W20/><G109/><T102/><D69/><U115/><E35/><V116/><F116/><W105/><G105/><T91/><D25/><U60/><E60/><V11/><F11/><W51/><G46/><T121/><D121/><U65/><E65/><V15/><F15/><W7/><G8/><T84/><D12/><U77/><E131/><V126/><F126/><W110/><G110/><T103/><D4/><U44/><E92/><V96/><F96/><W45/><G7/><T30/><D97/><U9/><E9/><V10/><F10/><W17/><G6/><T62/><D30/><U101/><E114/><V50/><F50/><N who="3" m="28879" /><G17/><T33/><D33/><U67/><E67/><V99/><F99/><W100/><G100/><N who="0" m="38443" /><D130/><U34/><E34/><V52/><F52/><N who="3" m="34023" /><G51/><T19/><D128/><U98/><E98/><V56/><F68/><W86/><G49/><T2/><D2/><U54/><E115/><RYUUKYOKU ba="1,0" sc="169,10,230,-30,209,10,392,10" hai0="19,37,42,47,55,58,62,84,91,93" hai2="1,3,56,63,64,81,85,88,132,135" hai3="20,21,22,72,79,80,86" /><INIT seed="6,2,0,4,2,130" ten="179,200,219,402" oya="2" hai0="80,107,66,47,96,92,22,82,114,10,1,77,79" hai1="23,62,133,68,15,64,38,106,49,88,108,59,63" hai2="41,122,75,20,95,86,127,54,74,27,42,121,111" hai3="128,33,100,109,76,4,126,103,45,81,115,87,55"/><V16/><F127/><W89/><G33/><T6/><D114/><U117/><E108/><V2/><F111/><W56/><G115/><T12/><D107/><U58/><E117/><V105/><F105/><W124/><G128/><T0/><D66/><U84/><E38/><V110/><F110/><W78/><G4/><T112/><D112/><U94/><E106/><V132/><F132/><W9/><G45/><T71/><D71/><U34/><E34/><V14/><F2/><W11/><G109/><T69/><D69/><U26/><E133/><V93/><F75/><W102/><G78/><T51/><D22/><U125/><E125/><N who="3" m="48234" /><G76/><T104/><D104/><U30/><E63/><AGARI ba="2,0" hai="9,11,55,56,63,81,87,89,100,102,103" m="48234" machi="63" ten="30,1000,0" yaku="18,1" doraHai="130" who="3" fromWho="1" sc="179,0,200,-16,219,0,402,16" /><INIT seed="7,0,0,2,4,132" ten="179,184,219,418" oya="3" hai0="12,4,36,51,89,99,30,42,86,74,103,61,70" hai1="87,23,48,121,15,57,52,134,0,91,112,35,95" hai2="75,22,60,128,114,33,67,124,81,105,123,98,109" hai3="3,38,90,31,54,115,25,63,111,49,21,129,84"/><W116/><G54/><T29/><D74/><U58/><E35/><V5/><F109/><W11/><G49/><T94/><D36/><U59/><E0/><V8/><F124/><W18/><G18/><T19/><D4/><U64/><E121/><V118/><F114/><W131/><G63/><T1/><D1/><U96/><E134/><V135/><F128/><W85/><G90/><T24/><D70/><U40/><E112/><V93/><F22/><W37/><G84/><T92/><D61/><U82/><E40/><V101/><F93/><W120/><G85/><T13/><D24/><U72/><E72/><V117/><F8/><W126/><G31/><T104/><D12/><U16/><E64/><V9/><F98/><W130/><G21/><T68/><D68/><U26/><E15/><V47/><F9/><W127/><G25/><T27/><D27/><U28/><E28/><V53/><F53/><W106/><G11/><T39/><D39/><U97/><E97/><V66/><F117/><W83/><G83/><T100/><D100/><AGARI ba="0,0" hai="16,23,26,48,52,57,58,59,82,87,91,95,96,100" machi="100" ten="30,7700,0" yaku="7,1,8,1,54,2" doraHai="132" who="1" fromWho="0" sc="179,-77,184,77,219,0,418,0" owari="102,-39.8,261,6.1,219,-18.1,418,51.8" /></mjloggm>