<mjloggm ver="2.3"><GO type="169" lobby="0"/><UN n0="%E3%81%A1%E3%81%AA%E3%81%A4" n1="%E3%81%AD%E3%82%93%E3%81%9B%E3%81%84%E3%81%8B%E3%81%84" n2="%E3%81%AF%E3%81%99%E3%81%9F" n3="%E3%81%B5%E3%82%8D%E3%82%93" dan="17,16,17,17" rate="2157.06,2146.00,2190.16,2209.05" sx="M,M,M,M"/><TAIKYOKU oya="0"/><INIT seed="0,0,0,1,2,13" ten="250,250,250,250" oya="0" hai0="14,45,101,110,62,9,44,128,1,10,22,43,127" hai1="59,35,18,34,93,108,7,113,103,24,26,118,42" hai2="20,116,11,12,104,130,73,69,105,60,46,38,25" hai3="72,28,68,2,121,135,126,81,131,58,85,0,75"/><T55/><D1/><U102/><E118/><V54/><F116/><W53/><G68/><T40/><D128/><U56/><E42/><N who="0" m="15913" /><D127/><U98/><E108/><V79/><F130/><W15/><G131/><T65/><D65/><U50/><E113/><V109/><F109/><W133/><G28/><T87/><D110/><U129/><E129/><V41/><F79/><W29/><G29/><T115/><D115/><U67/><E7/><V17/><F73/><N who="3" m="28235" /><G15/><T100/><D87/><U4/><E4/><V23/><F23/><W89/><G121/><T99/><D22/><U84/><E84/><V48/><F60/><N who="3" m="35919" /><G126/><T21/><D21/><U5/><E67/><V19/><REACH who="2" step="1"/><F69/><REACH who="2" ten="250,250,240,250" step="2"/><W57/><G57/><AGARI ba="0,1" hai="11,12,17,19,20,25,38,41,46,48,54,57,104,105" machi="57" ten="30,8000,1" yaku="1,1,2,1,7,1,52,2,53,0" doraHai="13" doraHaiUra="64" who="2" fromWho="3" sc="250,0,250,0,240,90,250,-80" /><INIT seed="1,0,0,3,5,88" ten="250,250,330,170" oya="1" hai0="79,109,65,77,114,56,51,6,99,48,90,131,9" hai1="101,59,2,92,1,46,15,54,110,30,86,44,10" hai2="107,41,76,73,5,135,121,123,34,134,12,91,124" hai3="61,45,74,16,67,85,36,118,126,13,87,129,57"/><U22/><E110/><V19/><F41/><W122/><G122/><N who="2" m="46601" /><F19/><W82/><G129/><T39/><D39/><U111/><E111/><V66/><F12/><W17/><G126/><T97/><D114/><U80/><E1/><V27/><F66/><W58/><G118/><T93/><D131/><U4/><E101/><V64/><F27/><W125/><G125/><T52/><D109/><U18/><E30/><V72/><F64/><W94/><G74/><N who="2" m="28777" /><F5/><W100/><G36/><T133/><D133/><N who="2" m="50698" /><F34/><W25/><G45/><T14/><D65/><U11/><E11/><V40/><F40/><W55/><G25/><T50/><REACH who="0" step="1"/><D97/><REACH who="0" ten="240,250,330,170" step="2"/><U132/><E132/><V98/><F124/><W24/><G67/><T103/><D103/><U128/><E128/><V81/><F107/><W71/><G100/><T20/><D20/><U120/><E120/><V29/><F29/><W47/><G71/><T106/><D106/><U35/><E35/><V37/><F37/><W68/><G68/><T105/><D105/><U60/><REACH who="1" step="1"/><E92/><REACH who="1" ten="240,240,330,170" step="2"/><N who="2" m="56607" /><F81/><W119/><G94/><T33/><D33/><U78/><AGARI ba="0,2" hai="2,4,10,15,18,22,44,46,54,59,60,78,80,86" machi="78" ten="20,3900,0" yaku="1,1,0,1,7,1,53,0" doraHai="88" doraHaiUra="84" who="1" fromWho="1" sc="240,-13,240,59,330,-13,170,-13" /><INIT seed="1,1,0,4,1,80" ten="227,299,317,157" oya="1" hai0="72,37,23,12,35,27,130,43,86,124,55,62,101" hai1="65,29,113,75,117,96,85,22,103,16,58,118,20" hai2="74,53,66,68,51,123,87,56,91,108,133,88,90" hai3="104,0,47,115,119,82,13,39,21,89,33,4,2"/><U57/><E113/><V44/><F123/><W77/><G115/><T18/><D72/><U17/><E75/><V76/><F108/><W11/><G104/><T129/><D101/><U26/><E29/><V97/><F133/><W36/><G33/><T95/><D43/><U69/><E69/><V135/><F135/><W131/><G131/><N who="0" m="50187" /><D37/><U93/><E65/><V60/><F97/><W109/><G109/><T121/><D121/><U79/><E118/><V122/><F122/><W78/><G39/><T49/><D62/><U15/><REACH who="1" step="1"/><E117/><REACH who="1" ten="227,289,317,157" step="2"/><V25/><F74/><W31/><G119/><T42/><D124/><U41/><E41/><V114/><F114/><W134/><G31/><T32/><D42/><U99/><E99/><V46/><REACH who="2" step="1"/><F25/><REACH who="2" ten="227,289,307,157" step="2"/><W10/><G134/><T116/><D27/><U132/><E132/><V64/><F64/><W67/><G67/><T112/><D112/><U50/><E50/><V30/><F30/><W111/><G111/><T92/><D116/><U126/><E126/><V107/><F107/><W98/><G36/><T81/><D49/><U9/><E9/><V7/><F7/><W127/><G127/><T19/><D19/><U70/><E70/><V73/><F73/><W28/><G28/><T102/><D18/><U94/><E94/><V59/><F59/><W14/><G98/><T63/><D95/><U128/><E128/><V34/><F34/><W106/><G106/><T40/><D32/><U48/><E48/><V125/><F125/><W6/><G6/><T61/><D35/><U45/><E45/><V52/><F52/><W38/><G38/><RYUUKYOKU ba="1,2" sc="227,-15,289,15,307,15,157,-15" hai1="15,16,17,20,22,26,57,58,79,85,93,96,103" hai2="44,46,51,53,56,60,66,68,76,87,88,90,91" /><INIT seed="1,2,2,1,4,29" ten="212,304,322,142" oya="1" hai0="109,53,0,126,91,68,116,27,25,59,11,50,81" hai1="96,125,15,67,120,84,18,43,57,73,21,71,134" hai2="115,72,98,94,103,45,49,106,51,77,23,55,80" hai3="104,88,76,99,17,56,28,128,70,4,54,130,26"/><U131/><E120/><V47/><F115/><W48/><G70/><T40/><D116/><U129/><E73/><V62/><F62/><W102/><G4/><T92/><D68/><U32/><E125/><V123/><F123/><W60/><G76/><T118/><D118/><U74/><E74/><V34/><F23/><W69/><G17/><T127/><D81/><U20/><E134/><V39/><F39/><W107/><G107/><T112/><D112/><U2/><E2/><V124/><F124/><N who="0" m="47658" /><D40/><U31/><E96/><V83/><F83/><W36/><G36/><T38/><D38/><U35/><E84/><V22/><F22/><W64/><REACH who="3" step="1"/><G88/><REACH who="3" ten="212,304,322,132" step="2"/><T65/><D109/><U16/><E71/><V41/><REACH who="2" step="1"/><F106/><REACH who="2" ten="212,304,312,132" step="2"/><W113/><G113/><T33/><D65/><U58/><E67/><V52/><F52/><W66/><G66/><T46/><D53/><U13/><E43/><V135/><F135/><W12/><G12/><T7/><D0/><U3/><E3/><V132/><F132/><W97/><G97/><T122/><D122/><U114/><E114/><V6/><F6/><W85/><G85/><T95/><D7/><U90/><E31/><V10/><F10/><W42/><G42/><T24/><D11/><U105/><E105/><V5/><F5/><W89/><G89/><AGARI ba="2,4" hai="13,15,16,18,20,21,32,35,57,58,89,90,129,131" machi="89" ten="25,12000,1" yaku="22,2,52,2,54,1" doraHai="29" who="1" fromWho="3" sc="212,0,304,166,312,0,132,-126" /><INIT seed="1,3,0,2,1,83" ten="212,470,312,6" oya="1" hai0="75,30,114,41,131,46,111,45,25,5,120,128,13" hai1="62,72,49,60,98,52,44,32,124,10,8,113,57" hai2="7,133,63,20,100,132,22,87,18,122,129,54,28" hai3="125,88,6,80,126,2,81,106,84,39,9,107,105"/><U71/><E124/><V130/><F122/><W11/><G39/><T47/><D114/><U86/><E72/><V33/><F100/><W35/><G35/><T12/><D75/><U3/><E113/><V96/><F96/><W91/><G11/><T17/><D120/><U56/><E32/><V116/><F63/><W65/><G65/><T104/><D104/><U119/><E71/><V24/><F54/><W27/><G27/><T50/><D111/><U36/><E36/><V102/><F102/><W79/><G79/><T55/><D5/><U112/><E119/><V92/><F92/><W38/><G38/><T0/><D0/><U99/><E86/><AGARI ba="3,0" hai="2,6,9,80,81,84,86,88,91,105,106,107,125,126" machi="86" ten="50,8000,1" yaku="9,1,52,2,54,1" doraHai="83" who="3" fromWho="1" sc="212,0,470,-89,312,0,6,89" /><INIT seed="2,0,0,4,1,114" ten="212,381,312,95" oya="2" hai0="54,84,41,13,31,48,80,43,126,59,40,97,9" hai1="22,30,42,94,74,36,93,119,62,44,3,105,131" hai2="73,110,90,81,6,82,71,118,14,104,32,86,107" hai3="91,19,125,112,120,45,46,60,63,21,53,124,88"/><V87/><F71/><W17/><G112/><T96/><D126/><U4/><E105/><V2/><F2/><W117/><G21/><T0/><D31/><U11/><E131/><V98/><F32/><W37/><G53/><T27/><D27/><U130/><E130/><V35/><F35/><W68/><G68/><T23/><D23/><U100/><E119/><V121/><F14/><W79/><G79/><T24/><D24/><U103/><E62/><V77/><F6/><W102/><G102/><T15/><D0/><U28/><E22/><V69/><F69/><W65/><G37/><T95/><D95/><U57/><E57/><V122/><F110/><W20/><G20/><T18/><REACH who="0" step="1"/><D15/><REACH who="0" ten="202,381,312,95" step="2"/><U56/><E94/><N who="2" m="56663" /><F122/><W66/><REACH who="3" step="1"/><G120/><REACH who="3" ten="202,381,312,85" step="2"/><T67/><D67/><U58/><E30/><V134/><F121/><W123/><G123/><T99/><D99/><U49/><E28/><V135/><F73/><W12/><G12/><T1/><D1/><U75/><E74/><V39/><F39/><W101/><G101/><T133/><D133/><U7/><E75/><V116/><F107/><W127/><G127/><T78/><AGARI ba="0,2" hai="9,13,18,40,41,43,48,54,59,78,80,84,96,97" machi="78" ten="30,4000,0" yaku="1,1,0,1,8,1,53,0" doraHai="114" doraHaiUra="33" who="0" fromWho="0" sc="202,60,381,-10,312,-20,85,-10" /><INIT seed="3,0,0,0,3,70" ten="262,371,292,75" oya="3" hai0="14,62,128,9,133,80,71,53,99,54,74,111,87" hai1="38,127,81,28,115,135,93,108,30,97,59,45,22" hai2="113,41,125,15,73,49,104,88,55,120,52,101,112" hai3="47,122,89,100,25,121,43,94,102,51,61,35,134"/><W16/><G134/><T86/><D74/><U8/><E115/><V21/><F73/><W126/><G126/><T114/><D133/><U63/><E127/><V36/><F125/><W72/><G72/><T46/><D111/><U42/><E108/><V37/><F120/><W98/><G35/><T109/><D109/><U132/><E8/><V50/><F101/><W17/><G61/><T27/><D87/><U91/><E135/><V7/><F104/><W29/><G121/><T33/><D128/><U118/><E118/><V90/><F21/><N who="3" m="15535" /><G122/><T68/><D114/><U124/><E124/><V129/><F15/><W75/><G75/><T79/><D99/><U6/><E6/><V78/><F7/><W123/><G123/><T4/><D46/><U106/><E106/><V119/><F41/><W60/><G60/><T23/><D33/><U130/><E130/><V32/><F32/><W64/><G64/><T10/><D10/><U18/><E81/><V65/><F65/><W11/><G11/><T117/><D117/><U1/><E1/><V5/><F5/><W31/><G31/><T34/><D34/><U2/><E2/><V19/><F129/><W57/><G57/><T77/><D71/><U84/><E84/><V103/><F103/><AGARI ba="0,0" hai="16,17,43,47,51,89,94,98,100,102,103" m="15535" machi="103" ten="30,2900,0" yaku="8,1,54,1" doraHai="70" who="3" fromWho="2" sc="262,0,371,0,292,-29,75,29" /><INIT seed="3,1,0,1,1,76" ten="262,371,263,104" oya="3" hai0="35,1,111,131,108,10,105,114,81,24,7,11,12" hai1="96,95,37,14,132,47,49,16,48,4,5,112,39" hai2="3,34,60,69,42,110,80,126,50,29,119,23,124" hai3="133,84,103,120,32,52,88,61,27,106,70,117,68"/><W73/><G117/><T109/><D105/><U30/><E112/><V97/><F119/><W115/><G120/><T62/><D62/><U51/><E132/><V19/><F110/><W129/><G115/><T116/><D114/><U94/><E30/><V20/><F3/><W91/><G73/><T130/><D116/><U59/><E59/><V128/><F128/><N who="0" m="49194" /><D81/><U74/><E74/><V0/><F0/><W67/><G129/><T134/><D134/><U121/><E121/><V122/><F122/><W86/><G133/><T104/><D104/><U79/><E79/><V78/><F97/><N who="3" m="61807" /><G70/><T99/><D99/><U77/><E77/><V41/><F34/><W45/><G86/><T36/><D36/><U25/><E25/><V26/><F60/><W101/><G101/><T55/><D55/><U72/><E72/><V66/><F66/><W56/><G45/><T64/><D64/><U17/><E47/><V100/><F100/><W13/><G13/><T6/><D111/><U107/><E107/><V98/><F98/><W22/><G84/><T2/><D12/><U46/><E46/><V87/><F69/><W31/><G22/><T90/><D90/><U43/><E14/><V102/><F102/><W82/><G82/><T125/><D125/><N who="2" m="48234" /><F50/><AGARI ba="1,0" hai="27,31,32,50,52,56,61,67,68,88,91" m="61807" machi="50" ten="30,5800,0" yaku="25,1,54,2" doraHai="76" who="3" fromWho="2" sc="262,0,371,0,263,-61,104,61" /><INIT seed="3,2,0,3,4,54" ten="262,371,202,165" oya="3" hai0="28,68,92,59,121,34,69,115,48,60,56,134,105" hai1="102,13,70,15,43,87,52,119,79,27,96,113,73" hai2="100,66,125,104,57,40,126,97,49,83,117,89,38" hai3="128,114,11,81,20,129,1,98,124,37,5,22,53"/><W80/><G114/><T17/><D121/><U123/><E70/><V16/><F117/><W50/><G37/><T46/><D105/><U65/><E65/><V108/><F108/><W24/><G98/><T127/><D115/><U120/><E113/><V64/><F38/><W8/><G8/><T2/><D2/><U109/><E109/><V110/><F110/><W99/><G99/><T91/><D17/><U133/><E73/><V101/><F101/><W112/><G112/><T111/><D111/><U55/><E43/><V67/><F40/><W122/><G122/><T18/><D18/><U39/><E133/><V58/><F49/><W51/><G124/><N who="2" m="47721" /><F16/><N who="3" m="12295" /><G22/><T90/><D127/><U31/><E96/><V116/><F116/><W21/><G21/><T45/><D134/><U82/><E39/><V74/><F89/><W84/><G51/><T6/><D6/><U41/><E119/><V76/><AGARI ba="2,0" hai="57,58,64,66,67,74,76,83,97,100,104" m="47721" machi="76" ten="40,5200,0" yaku="18,1,52,2" doraHai="54" who="2" fromWho="2" sc="262,-15,371,-15,202,58,165,-28" /><INIT seed="4,0,0,1,3,101" ten="247,356,260,137" oya="0" hai0="40,89,43,99,3,75,104,59,125,134,11,91,51" hai1="106,88,35,36,100,52,4,71,17,76,69,113,30" hai2="29,47,85,31,60,120,107,23,8,129,84,78,26" hai3="130,74,20,132,126,25,116,117,27,72,111,5,44"/><T122/><D122/><U66/><E76/><V24/><F120/><W115/><G44/><T21/><D75/><U133/><E4/><V16/><F129/><W110/><G5/><T50/><D3/><U53/><E133/><V37/><F60/><W135/><G20/><T61/><D11/><U41/><E17/><V56/><F56/><W90/><G90/><T28/><D134/><N who="3" m="51241" /><G130/><T33/><D33/><U97/><E88/><V93/><F107/><W94/><G94/><T105/><D125/><U18/><E18/><V114/><F114/><W45/><G45/><T73/><D73/><N who="3" m="28265" /><G115/><T2/><D2/><U34/><E34/><V83/><F93/><W86/><G86/><T48/><D91/><U6/><E6/><V82/><F47/><W128/><G128/><T58/><D58/><U42/><E71/><V14/><F37/><W87/><G87/><T10/><D10/><U7/><E7/><V19/><REACH who="2" step="1"/><F26/><REACH who="2" ten="247,356,250,137" step="2"/><N who="3" m="9739" /><G126/><T54/><D40/><N who="1" m="15467" /><E36/><V46/><F46/><W64/><G64/><T1/><D43/><U119/><E113/><V95/><F95/><W57/><G57/><T15/><D59/><U109/><E66/><V127/><F127/><W13/><G13/><T12/><D12/><U0/><E69/><V62/><F62/><W96/><G96/><T103/><D61/><U131/><E97/><V22/><F22/><W55/><G55/><T32/><D54/><U68/><E52/><V65/><F65/><W118/><AGARI ba="0,1" hai="110,111,116,117,118" m="9739,28265,51241" machi="118" ten="40,5200,0" yaku="28,2,20,1" doraHai="101" who="3" fromWho="3" sc="247,-26,356,-13,250,-13,137,62" /><INIT seed="5,0,0,4,5,13" ten="221,343,237,199" oya="1" hai0="127,76,31,123,29,78,87,20,120,108,17,68,67" hai1="40,118,117,110,24,114,105,95,44,116,73,128,93" hai2="14,131,77,71,57,115,4,64,132,48,8,39,112" hai3="80,124,47,23,98,103,66,50,62,10,106,27,16"/><U56/><E73/><V36/><F131/><W84/><G124/><T28/><D108/><U86/><E105/><V5/><F132/><W2/><G2/><T100/><D127/><U83/><E128/><V65/><F77/><W91/><G10/><T63/><D100/><U81/><E114/><N who="2" m="43563" /><F71/><W88/><G84/><T90/><D78/><U74/><E110/><V89/><F89/><W26/><G26/><T7/><D7/><U35/><E74/><V3/><F3/><W59/><G80/><T6/><D6/><U21/><E56/><V55/><F5/><W9/><G9/><T46/><D46/><U126/><E126/><V0/><F0/><W42/><AGARI ba="0,0" hai="16,23,27,42,47,50,59,62,66,88,91,98,103,106" machi="42" ten="20,8000,1" yaku="0,1,7,1,52,1,54,2" doraHai="13" who="3" fromWho="3" sc="221,-20,343,-40,237,-20,199,80" /><INIT seed="6,0,0,3,1,6" ten="201,303,217,279" oya="2" hai0="127,114,110,46,65,97,1,53,88,30,105,3,49" hai1="23,76,18,107,16,106,7,109,20,103,32,99,63" hai2="102,39,47,62,111,119,77,9,130,45,96,90,4" hai3="98,17,57,113,66,44,133,108,122,48,135,25,68"/><V93/><F119/><W26/><G122/><T126/><D110/><U134/><E134/><V15/><F111/><W60/><G108/><T11/><D114/><U67/><E32/><V19/><F130/><W50/><G113/><T74/><D74/><U42/><E42/><V79/><F62/><W124/><G124/><N who="0" m="47659" /><D30/><U86/><E7/><V125/><F125/><W21/><G98/><T78/><D78/><U69/><E109/><V116/><F116/><W51/><G68/><T83/><D65/><U28/><E28/><V80/><F39/><W35/><G35/><T43/><D43/><U84/><E107/><V95/><F4/><W64/><G64/><T112/><D112/><U104/><E106/><V41/><F41/><W129/><G129/><T8/><D105/><U117/><E76/><N who="2" m="29259" /><F80/><W132/><REACH who="3" step="1"/><G44/><REACH who="3" ten="201,303,217,269" step="2"/><T34/><D34/><U22/><E117/><V89/><F102/><W115/><G115/><T38/><D38/><U33/><E33/><V75/><F75/><W55/><G55/><T0/><D97/><AGARI ba="0,1" hai="9,15,19,45,47,89,90,93,95,96,97" m="29259" machi="97" ten="30,2900,0" yaku="8,1,52,1" doraHai="6" who="2" fromWho="0" sc="201,-29,303,0,217,39,269,0" /><INIT seed="6,1,0,5,5,36" ten="172,303,256,269" oya="2" hai0="131,62,31,57,91,45,61,32,51,80,6,38,90" hai1="49,24,59,16,22,71,105,35,7,53,4,20,27" hai2="21,76,18,113,66,100,50,115,70,12,30,40,114" hai3="86,120,129,55,124,68,19,133,56,72,77,15,46"/><V47/><F100/><W97/><G120/><T78/><D38/><U58/><E71/><V126/><F76/><W118/><G118/><T111/><D111/><U28/><E105/><V119/><F119/><W134/><G68/><T103/><D131/><U108/><E108/><V39/><F126/><W11/><G72/><T37/><D37/><U116/><E116/><V65/><F70/><W107/><G46/><T43/><D103/><U102/><E102/><V44/><REACH who="2" step="1"/><F30/><REACH who="2" ten="172,303,246,269" step="2"/><W127/><G127/><T74/><D31/><U41/><E35/><V60/><F60/><W2/><G124/><T8/><D32/><U29/><E28/><V48/><F48/><W10/><G77/><T104/><D104/><U125/><E125/><V63/><F63/><W85/><G107/><T42/><D62/><U88/><E88/><V54/><AGARI ba="1,1" hai="12,18,21,39,40,44,47,50,54,65,66,113,114,115" machi="54" ten="30,12000,1" yaku="1,1,0,1,15,1,52,1,53,1" doraHai="36" doraHaiUra="13" who="2" fromWho="2" sc="172,-41,303,-41,246,133,269,-41" /><INIT seed="6,2,0,5,3,19" ten="131,262,379,228" oya="2" hai0="78,52,59,106,49,44,32,86,51,17,24,9,30" hai1="14,34,134,128,90,41,66,79,131,11,115,125,75" hai2="10,89,74,16,98,87,1,65,33,60,38,76,112" hai3="67,105,111,124,84,97,4,23,103,45,96,2,121"/><V120/><F120/><W35/><G111/><T102/><D106/><U100/><E34/><V39/><F33/><W43/><G35/><T29/><D102/><U85/><E66/><V37/><F112/><W91/><G124/><T113/><D113/><U130/><E41/><V117/><F117/><W53/><G67/><T28/><D78/><U31/><E115/><V61/><F98/><W7/><G53/><T36/><D36/><U18/><E125/><V93/><F1/><W63/><G63/><T48/><D86/><U57/><E57/><V26/><F74/><W135/><G135/><T126/><D126/><U71/><E71/><V94/><F76/><W15/><G2/><T123/><D123/><U77/><E75/><V62/><F93/><W42/><G97/><T40/><REACH who="0" step="1"/><D49/><REACH who="0" ten="121,262,379,228" step="2"/><U132/><E100/><V110/><F38/><W46/><G121/><T108/><D108/><U12/><E134/><V73/><F39/><W116/><G84/><T92/><D92/><U82/><E132/><V129/><F37/><W56/><G105/><T27/><D27/><U3/><E79/><V99/><F94/><W13/><G103/><T107/><D107/><U0/><E77/><V58/><F26/><W50/><G50/><T5/><D5/><U47/><E131/><V101/><F129/><W64/><G7/><T25/><D25/><U72/><E130/><V81/><F87/><W127/><G127/><T119/><D119/><U68/><E128/><V22/><F73/><W80/><G116/><T83/><D83/><U20/><E82/><V133/><F110/><W6/><G80/><RYUUKYOKU ba="2,1" sc="121,30,262,-10,379,-10,228,-10" hai0="9,17,24,28,29,30,32,40,44,48,51,52,59" /><INIT seed="7,3,1,5,5,12" ten="151,252,369,218" oya="3" hai0="96,31,71,90,115,124,105,0,116,113,64,10,19" hai1="21,70,37,80,33,85,48,6,56,60,3,126,13" hai2="28,45,54,1,57,75,130,88,16,14,40,66,101" hai3="93,24,86,108,109,59,81,92,4,20,74,53,47"/><W87/><G4/><T129/><D116/><U76/><E33/><V8/><F75/><W114/><G47/><T104/><D31/><U11/><E37/><V25/><F101/><W122/><G122/><T39/><D39/><U27/><E126/><V38/><F130/><W79/><G114/><N who="0" m="43531" /><D124/><U23/><E70/><V35/><F88/><W77/><G92/><N who="0" m="56343" /><D0/><U67/><E3/><V119/><F119/><W9/><G9/><T61/><D129/><U89/><E27/><V102/><F102/><W94/><G94/><T62/><D62/><U44/><E89/><V120/><F120/><W73/><G93/><T131/><D131/><U5/><E5/><V95/><F95/><W50/><G108/><T134/><D134/><U91/><E91/><V100/><F100/><W65/><G65/><T32/><D32/><U22/><E22/><V49/><F1/><W97/><G109/><T78/><D78/><U30/><E30/><V42/><F42/><AGARI ba="3,1" hai="6,11,13,21,23,42,44,48,56,60,67,76,80,85" machi="42" ten="30,7700,0" yaku="7,1,25,2,8,1" doraHai="12" who="1" fromWho="2" sc="151,0,252,96,369,-86,218,0" owari="151,-34.9,348,44.8,283,8.3,218,-18.2" /></mjloggm>