<mjloggm ver="2.3"><GO type="169" lobby="0"/><UN n0="%E2%97%8E%E3%82%88%E3%81%97%E2%97%8E" n1="%E3%81%82%E3%81%BE%E3%81%82%E3%82%93" n2="%4F%4D%41%4E%54%41" n3="%E4%B8%96%E7%95%8C%E3%81%AE%E4%BA%80%E4%BA%95" dan="17,16,17,17" rate="2182.02,2099.15,2178.54,2165.30" sx="M,M,M,M"/><TAIKYOKU oya="0"/><INIT seed="0,0,0,4,5,27" ten="250,250,250,250" oya="0" hai0="131,66,118,90,134,22,124,56,116,135,75,97,64" hai1="108,28,44,26,48,18,81,41,35,47,60,113,45" hai2="57,95,65,4,102,88,105,71,14,133,79,111,23" hai3="40,77,61,91,89,0,29,125,121,10,34,30,31"/><T3/><D3/><U68/><E108/><V67/><F71/><W9/><G34/><T53/><D75/><U19/><E113/><V87/><F111/><W17/><G125/><T39/><D22/><U123/><E123/><V46/><F133/><N who="0" m="50698" /><D90/><N who="3" m="34313" /><G0/><T132/><D97/><U36/><E81/><N who="2" m="47551" /><F105/><W74/><G74/><T112/><D132/><U72/><E72/><V12/><F46/><W13/><G40/><T100/><D100/><U69/><E47/><V98/><F102/><W101/><G101/><T128/><D39/><U129/><E129/><N who="0" m="49737" /><D112/><U86/><E86/><V8/><F14/><N who="3" m="7375" /><G121/><T52/><D124/><U21/><E35/><V6/><F23/><W82/><G82/><T115/><D115/><U94/><E36/><V37/><F37/><W96/><G96/><T92/><D92/><U33/><E94/><V63/><F4/><N who="3" m="3271" /><G77/><T43/><D43/><U50/><E41/><V32/><F32/><W84/><G84/><T110/><D110/><U130/><E130/><V59/><F88/><W58/><G29/><T54/><D56/><U2/><E2/><V51/><F98/><W20/><G20/><T85/><D85/><U120/><E21/><V104/><F95/><W99/><G99/><T78/><D78/><U49/><E120/><V15/><F15/><W1/><G1/><T122/><D122/><U25/><E25/><V117/><F104/><W55/><AGARI ba="0,0" hai="30,31,55,58,61" m="3271,7375,34313" machi="55" ten="30,4000,0" yaku="8,1,52,2" doraHai="27" who="3" fromWho="3" sc="250,-20,250,-10,250,-10,250,40" /><INIT seed="1,0,0,4,3,49" ten="230,240,240,290" oya="1" hai0="50,25,61,122,5,116,44,88,36,91,31,6,30" hai1="39,108,60,77,12,121,66,21,51,33,123,15,98" hai2="133,29,16,111,113,117,2,68,75,97,126,129,103" hai3="112,110,104,69,128,13,67,34,20,130,37,94,105"/><U35/><E39/><V82/><RYUUKYOKU type="yao9" ba="0,0" sc="230,0,240,0,240,0,290,0" hai2="2,16,29,68,75,82,97,103,111,113,117,126,129,133" /><INIT seed="1,1,0,3,3,66" ten="230,240,240,290" oya="1" hai0="0,61,60,117,77,86,112,74,30,46,25,54,107" hai1="101,24,85,93,35,6,80,13,81,2,40,94,10" hai2="32,84,110,7,43,67,33,3,75,53,22,127,55" hai3="57,106,82,113,114,14,12,26,48,134,34,65,62"/><U125/><E125/><V79/><F84/><W56/><G106/><T21/><D112/><U52/><E40/><V104/><F104/><W45/><G134/><T118/><D0/><U29/><E101/><V37/><F22/><W1/><G1/><T99/><D74/><U17/><E80/><N who="2" m="45183" /><F110/><W42/><G57/><T97/><D46/><U4/><E4/><V83/><F83/><W91/><G82/><T88/><D77/><U115/><E115/><V133/><F127/><W116/><G91/><T128/><D128/><U87/><E87/><V100/><F100/><W18/><G12/><T23/><D54/><N who="2" m="20490" /><F67/><W111/><G111/><T64/><D23/><U5/><E5/><V123/><F123/><W50/><G50/><T72/><D61/><U36/><E52/><V41/><F41/><W39/><G116/><T122/><D72/><U11/><REACH who="1" step="1"/><E36/><REACH who="1" ten="230,230,240,290" step="2"/><V105/><F43/><W90/><G39/><T76/><D122/><U89/><AGARI ba="1,1" hai="2,6,10,11,13,17,24,29,35,81,85,89,93,94" machi="89" ten="20,12000,1" yaku="1,1,2,1,0,1,7,1,53,1" doraHai="66" doraHaiUra="8" who="1" fromWho="1" sc="230,-41,230,133,240,-41,290,-41" /><INIT seed="1,2,0,1,5,84" ten="189,363,199,249" oya="1" hai0="118,1,63,96,122,38,8,29,39,17,81,55,36" hai1="127,28,73,130,133,82,47,60,61,69,129,101,64" hai2="74,4,67,113,79,23,7,11,132,58,45,66,44" hai3="37,91,76,86,19,9,43,72,18,2,95,10,68"/><U106/><E28/><V125/><F125/><W12/><G68/><T104/><D118/><U6/><E6/><V94/><F132/><W51/><G37/><T85/><D122/><U32/><E32/><V20/><F113/><W14/><G2/><T116/><D116/><U62/><E133/><V27/><F74/><W3/><G3/><T89/><D29/><U0/><E0/><V102/><F79/><W107/><G107/><T65/><D55/><U99/><E127/><V90/><F102/><W77/><G72/><T24/><D24/><U71/><E47/><AGARI ba="2,0" hai="9,10,12,14,18,19,43,47,51,76,77,86,91,95" machi="47" ten="40,5200,0" yaku="9,1,8,1,52,1" doraHai="84" who="3" fromWho="1" sc="189,0,363,-58,199,0,249,58" /><INIT seed="2,0,0,0,4,100" ten="189,305,199,307" oya="2" hai0="87,101,73,62,6,67,12,91,4,72,24,116,21" hai1="79,110,44,22,8,93,35,99,96,41,66,75,47" hai2="113,19,56,122,25,80,95,2,77,63,60,1,78" hai3="7,42,120,26,128,51,48,135,39,40,109,0,104"/><V133/><F113/><W89/><G120/><T33/><D33/><U30/><E110/><V49/><F122/><W105/><G109/><T130/><D130/><U50/><E35/><V76/><F133/><W54/><G128/><T134/><D116/><U118/><E118/><V112/><F112/><W132/><G89/><T123/><D134/><N who="3" m="51241" /><G39/><T45/><D101/><U97/><E66/><V5/><F80/><W31/><G7/><T69/><D123/><U131/><E131/><V27/><F5/><W34/><G0/><T98/><D98/><U58/><E8/><V13/><F1/><W52/><G48/><T114/><D114/><U71/><E71/><V23/><F2/><W15/><G15/><T28/><D45/><U86/><E58/><V127/><F127/><W121/><G54/><T55/><D55/><U103/><E75/><V129/><F129/><W37/><G37/><T74/><REACH who="0" step="1"/><D12/><REACH who="0" ten="179,305,199,307" step="2"/><U16/><E99/><V83/><F13/><W9/><G121/><T126/><D126/><U17/><E97/><V43/><F43/><N who="3" m="16427" /><G9/><T125/><D125/><U115/><E115/><V57/><F49/><W10/><G10/><T88/><D88/><U29/><E50/><V38/><F38/><W14/><G14/><T18/><D18/><N who="1" m="7275" /><E41/><V90/><F90/><W3/><G3/><T108/><D108/><U32/><E96/><V124/><F124/><W64/><G64/><T92/><AGARI ba="0,1" hai="4,6,21,24,28,62,67,69,72,73,74,87,91,92" machi="92" ten="30,2000,0" yaku="1,1,0,1,53,0" doraHai="100" doraHaiUra="102" who="0" fromWho="0" sc="179,30,305,-5,199,-10,307,-5" /><INIT seed="3,0,0,2,5,21" ten="209,300,189,302" oya="3" hai0="87,32,104,92,12,10,117,47,55,42,63,116,56" hai1="77,132,17,18,33,76,71,64,45,23,78,128,74" hai2="73,81,19,49,44,129,36,90,125,108,107,2,7" hai3="59,100,115,58,102,70,9,126,38,80,16,52,37"/><W120/><G115/><T6/><D104/><U98/><E33/><V96/><F108/><W123/><G70/><T43/><D32/><U27/><E128/><V20/><F129/><W130/><G130/><T121/><D121/><U84/><E132/><V89/><F125/><W62/><G126/><T97/><D87/><U69/><E74/><V67/><F67/><W66/><G80/><T68/><D68/><U103/><E84/><V113/><F113/><W5/><G37/><T86/><D86/><U14/><E45/><V110/><F110/><W26/><G38/><T48/><REACH who="0" step="1"/><D43/><REACH who="0" ten="199,300,189,302" step="2"/><U82/><E82/><V57/><F107/><W41/><G41/><T99/><D99/><U8/><REACH who="1" step="1"/><E64/><REACH who="1" ten="199,290,189,302" step="2"/><V13/><F81/><W75/><G120/><T65/><D65/><U0/><E0/><V135/><F2/><W50/><G123/><T94/><D94/><AGARI ba="0,2" hai="8,14,17,18,23,27,69,71,76,77,78,94,98,103" machi="94" ten="40,5200,0" yaku="1,1,52,1,53,1" doraHai="21" doraHaiUra="4" who="1" fromWho="0" sc="199,-52,290,72,189,0,302,0" /><INIT seed="4,0,0,3,4,50" ten="147,362,189,302" oya="0" hai0="132,51,58,79,135,45,20,32,22,12,33,23,16" hai1="5,76,92,56,17,29,55,38,120,10,7,104,112" hai2="67,65,21,35,24,4,6,114,26,68,80,91,124" hai3="107,15,125,61,66,127,88,95,133,69,71,123,43"/><T27/><D58/><U111/><E104/><V115/><F124/><N who="3" m="47691" /><G133/><N who="0" m="51275" /><D79/><U14/><E111/><V110/><F110/><W72/><G107/><T78/><D78/><U99/><E120/><V126/><F126/><W122/><G72/><T64/><D64/><N who="2" m="24650" /><F68/><N who="3" m="42063" /><G43/><N who="0" m="25023" /><D27/><U2/><E38/><V46/><F46/><W74/><G15/><T73/><D73/><U8/><E76/><V131/><F26/><W96/><G74/><T105/><D105/><U89/><E112/><N who="2" m="43051" /><F35/><AGARI ba="0,0" hai="12,16,20,22,23,32,33,35" m="25023,51275" machi="35" ten="30,2900,0" yaku="20,1,54,1" doraHai="50" who="0" fromWho="2" sc="147,29,362,0,189,-29,302,0" /><INIT seed="4,1,0,1,1,87" ten="176,362,160,302" oya="0" hai0="33,46,88,125,2,54,97,31,130,95,69,56,16" hai1="94,132,126,55,82,48,42,101,77,84,123,79,90" hai2="103,3,100,74,35,102,4,124,112,111,93,78,9" hai3="89,72,91,30,43,118,67,107,47,122,34,18,22"/><T63/><D2/><U64/><E123/><V25/><F111/><W37/><G118/><T59/><D69/><U52/><E126/><V70/><F70/><W106/><G72/><T60/><D125/><U73/><E132/><V11/><F124/><W83/><G83/><T115/><D115/><U129/><E129/><V105/><F112/><W119/><G119/><T7/><D130/><U14/><E64/><V23/><F105/><W44/><G67/><N who="0" m="39303" /><D33/><U0/><E0/><V65/><F65/><W120/><G30/><T99/><D31/><U6/><E101/><V13/><F35/><W57/><G34/><T10/><D7/><U17/><E6/><V98/><F78/><W128/><G106/><T29/><D29/><U76/><E42/><V134/><F74/><W49/><G107/><T104/><D104/><U80/><E73/><V127/><F134/><W1/><G1/><T110/><D46/><N who="1" m="27671" /><E55/><V75/><F75/><W71/><G44/><T68/><D68/><U113/><E113/><V85/><F127/><W38/><G71/><T12/><D110/><U53/><E53/><V45/><F45/><W20/><G128/><T32/><D32/><U24/><E24/><V131/><F131/><W135/><G135/><T109/><D109/><U92/><E82/><V36/><F36/><W121/><G57/><T8/><D10/><AGARI ba="1,0" hai="10,14,17,76,77,79,80,84,90,92,94" m="27671" machi="10" ten="30,7700,0" yaku="25,1,8,1,52,1,54,1" doraHai="87" who="1" fromWho="0" sc="176,-80,362,80,160,0,302,0" /><INIT seed="5,0,0,2,0,59" ten="96,442,160,302" oya="1" hai0="127,39,33,5,40,7,63,24,58,92,91,47,97" hai1="98,124,123,66,102,129,84,126,49,99,107,12,94" hai2="19,31,8,75,108,73,111,20,100,51,0,46,125" hai3="105,106,36,70,25,35,22,23,41,57,93,65,44"/><U118/><E118/><V4/><F125/><W28/><G70/><T130/><D127/><U6/><E123/><V71/><F71/><W64/><G93/><T117/><D130/><U104/><E129/><V109/><F31/><W56/><G56/><T128/><D128/><U9/><E84/><V114/><F100/><W50/><G65/><T103/><D117/><U120/><E120/><V77/><F77/><W11/><G11/><T18/><D103/><U79/><E79/><V82/><F82/><W68/><G105/><T76/><D76/><U62/><E49/><V72/><F114/><W86/><G86/><T42/><D40/><U3/><E12/><V110/><N who="2" m="27648" /><DORA hai="14" /><V122/><F122/><W95/><G95/><T55/><D33/><U52/><E52/><V81/><F81/><W69/><G69/><T26/><D26/><U83/><E83/><V10/><F10/><W54/><REACH who="3" step="1"/><G106/><REACH who="3" ten="96,442,160,292" step="2"/><T53/><D55/><U1/><E94/><V38/><F73/><W45/><G45/><T30/><D30/><U2/><E126/><V88/><F72/><W60/><AGARI ba="0,1" hai="22,23,25,28,35,36,41,44,50,54,57,60,64,68" machi="60" ten="30,8000,1" yaku="1,1,0,1,24,2,52,1,53,0" doraHai="59,14" doraHaiUra="121,134" who="3" fromWho="3" sc="96,-20,442,-40,160,-20,292,90" /><INIT seed="6,0,0,1,4,69" ten="76,402,140,382" oya="2" hai0="45,98,83,30,88,9,81,104,105,84,44,78,70" hai1="107,62,86,103,102,4,77,8,53,106,63,100,97" hai2="0,72,43,112,32,74,56,135,50,121,21,93,64" hai3="36,18,37,39,11,89,65,80,29,79,132,117,38"/><V113/><F32/><W85/><G117/><T133/><D133/><U17/><E17/><V96/><F121/><W14/><G132/><T92/><D70/><U3/><E53/><V126/><F135/><W122/><G122/><T119/><D119/><U54/><E54/><V101/><F0/><W47/><G65/><T34/><D104/><U19/><E19/><V42/><F126/><W59/><G59/><T87/><D105/><U90/><E77/><V33/><F33/><W67/><G67/><T76/><REACH who="0" step="1"/><D9/><REACH who="0" ten="66,402,140,382" step="2"/><U95/><E107/><V120/><F120/><W68/><G68/><T52/><D52/><U1/><E106/><V125/><F125/><W94/><G29/><T10/><D10/><U116/><E116/><V48/><F64/><W12/><G12/><T66/><D66/><U111/><E8/><V35/><F112/><W115/><G115/><T51/><D51/><U109/><E3/><V15/><F50/><W22/><G11/><T130/><D130/><U16/><E62/><V61/><F48/><W49/><G49/><T2/><D2/><U40/><E63/><V75/><F113/><W134/><G134/><T24/><AGARI ba="0,1" hai="24,30,34,44,45,76,78,81,83,84,87,88,92,98" machi="24" ten="30,8000,1" yaku="1,1,0,1,9,1,54,1,53,1" doraHai="69" doraHaiUra="23" who="0" fromWho="0" sc="66,90,402,-20,140,-40,382,-20" /><INIT seed="7,0,0,1,0,82" ten="156,382,100,362" oya="3" hai0="13,86,74,122,47,91,105,88,85,8,29,98,95" hai1="36,107,55,128,63,112,69,2,15,32,114,51,116" hai2="113,45,92,79,71,48,99,115,49,43,0,125,52" hai3="25,119,59,57,6,14,72,5,102,12,110,64,26"/><W3/><G72/><T70/><D70/><U28/><E2/><V133/><F0/><W76/><G3/><T54/><D74/><U127/><E36/><V58/><F125/><W9/><G119/><T53/><D122/><U21/><E127/><V109/><F109/><W20/><G110/><T24/><D105/><U44/><E107/><V100/><F71/><W67/><G76/><T123/><D123/><U75/><E75/><V33/><F33/><W35/><G35/><T38/><D38/><U73/><E73/><V108/><F108/><W118/><G118/><T37/><D37/><U56/><E116/><V78/><REACH who="2" step="1"/><F133/><REACH who="2" ten="156,382,90,362" step="2"/><W135/><G135/><T50/><D53/><U27/><E69/><V83/><F83/><W61/><G102/><T4/><D91/><U134/><E134/><V19/><F19/><N who="3" m="10343" /><G5/><T60/><D4/><U81/><E81/><V129/><F129/><W66/><G57/><T101/><D101/><U18/><REACH who="1" step="1"/><E128/><REACH who="1" ten="156,372,90,362" step="2"/><V1/><F1/><W126/><G126/><T106/><D106/><U121/><E121/><V77/><AGARI ba="0,2" hai="43,45,48,49,52,58,77,78,79,92,99,100,113,115" machi="77" ten="30,4000,0" yaku="1,1,0,1,54,1,53,0" doraHai="82" doraHaiUra="22" who="2" fromWho="2" sc="156,-10,372,-10,90,60,362,-20" owari="146,-35.4,362,46.2,150,-25.0,342,14.2" /></mjloggm>