<mjloggm ver="2.3"><GO type="169" lobby="0"/><UN n0="%E3%83%90%E3%82%AD" n1="%E3%82%82%E3%82%8D%E3%81%BF%E3%83%BC" n2="%65%76%69%61%6E%36%31%39" n3="%E3%82%80%E3%81%93%E3%81%86%E3%81%B9%E3%81%97" dan="16,17,16,17" rate="2177.93,2130.82,2115.06,2198.99" sx="M,M,M,M"/><TAIKYOKU oya="0"/><INIT seed="0,0,0,0,4,30" ten="250,250,250,250" oya="0" hai0="12,52,11,84,57,106,112,129,89,66,123,98,85" hai1="90,69,61,74,25,104,101,73,41,34,86,35,71" hai2="134,39,49,10,56,1,67,18,103,15,27,107,132" hai3="82,7,87,125,110,118,122,99,76,43,81,19,16"/><T21/><D112/><U32/><E25/><V59/><F39/><W127/><G127/><T97/><D123/><U119/><E119/><V94/><F107/><W78/><G118/><T47/><D129/><U6/><E41/><V111/><F111/><W8/><G110/><T40/><D66/><N who="1" m="41167" /><E86/><V55/><F1/><W70/><G70/><T75/><D75/><U108/><E90/><V128/><F128/><W58/><G125/><T3/><D3/><U45/><E108/><V102/><F59/><W92/><G43/><T4/><D21/><U121/><E45/><V13/><F67/><W133/><G133/><N who="2" m="51305" /><F27/><W22/><G58/><T114/><D114/><U65/><E6/><N who="2" m="3287" /><F94/><W23/><G122/><T5/><D5/><U68/><E121/><V62/><F62/><W14/><G22/><AGARI ba="0,0" hai="15,18,22,49,55,56,102,103" m="3287,51305" machi="22" ten="30,1000,0" yaku="20,1" doraHai="30" who="2" fromWho="3" sc="250,0,250,0,250,10,250,-10" /><INIT seed="1,0,0,1,1,116" ten="250,250,260,240" oya="1" hai0="19,1,135,66,77,82,134,12,91,119,58,73,37" hai1="126,8,93,33,88,108,16,117,86,51,110,68,36" hai2="49,3,50,85,25,122,30,71,22,106,38,18,31" hai3="80,29,57,133,124,81,113,104,17,47,41,131,26"/><U14/><E36/><V62/><F38/><W9/><G113/><T100/><D119/><U78/><E117/><V44/><F106/><W21/><G104/><T115/><D115/><U70/><E126/><V129/><F3/><W87/><G124/><T7/><D37/><U107/><E107/><V76/><F50/><W11/><G133/><N who="0" m="50699" /><D100/><U23/><E33/><V2/><F2/><W95/><G131/><T43/><D43/><U63/><E78/><V130/><F30/><W10/><G57/><T118/><D91/><U120/><E120/><V132/><F31/><W39/><G95/><T79/><D79/><U92/><E92/><V112/><F112/><W74/><G74/><T32/><D32/><U15/><E51/><V24/><F132/><W52/><G52/><T72/><D7/><N who="1" m="3359" /><E63/><V98/><F62/><W0/><G81/><T127/><D1/><U53/><E53/><V101/><F129/><W83/><G83/><T97/><D118/><U46/><E46/><V27/><F44/><W99/><G99/><T103/><D127/><U94/><E94/><V34/><F98/><W105/><G105/><N who="0" m="63727" /><D73/><U111/><AGARI ba="0,0" hai="15,16,23,68,70,86,88,93,108,110,111" m="3359" machi="111" ten="30,11700,0" yaku="14,1,10,1,54,2" doraHai="116" who="1" fromWho="1" sc="250,-39,250,117,260,-39,240,-39" /><INIT seed="1,1,0,2,5,82" ten="211,367,221,201" oya="1" hai0="12,62,111,131,24,96,87,84,71,1,7,79,120" hai1="3,106,28,64,45,49,92,115,13,98,94,37,30" hai2="91,56,54,40,81,125,10,119,52,15,4,117,93" hai3="78,42,134,53,83,18,77,58,97,123,130,112,107"/><U39/><E3/><V50/><F125/><W25/><G112/><T124/><D124/><U16/><E106/><V103/><F103/><W80/><G134/><T14/><D111/><U19/><E115/><V132/><F132/><W89/><G123/><T0/><D120/><U101/><E64/><V22/><F81/><W100/><G42/><T57/><D79/><U109/><E109/><V27/><F54/><W38/><G38/><T41/><D71/><U126/><E37/><V61/><F40/><W46/><G46/><T76/><D76/><U70/><E70/><V75/><F75/><W60/><G130/><T23/><D41/><N who="1" m="24751" /><E39/><V68/><F68/><W6/><G6/><T26/><D96/><N who="1" m="59527" /><E19/><V99/><REACH who="2" step="1"/><F50/><REACH who="2" ten="211,367,211,201" step="2"/><W104/><G77/><T63/><D131/><U86/><E126/><V44/><F44/><W32/><G78/><T128/><D128/><U48/><E48/><V8/><F8/><W105/><G105/><T21/><D57/><U66/><E66/><V9/><F9/><W110/><G107/><T133/><D133/><U121/><E121/><V29/><AGARI ba="1,1" hai="4,10,15,22,27,29,52,56,61,91,93,99,117,119" machi="29" ten="20,5200,0" yaku="1,1,0,1,7,1,54,1,53,0" doraHai="82" doraHaiUra="135" who="2" fromWho="2" sc="211,-14,367,-27,211,65,201,-14" /><INIT seed="2,0,0,0,1,103" ten="197,340,276,187" oya="2" hai0="121,12,58,47,96,26,28,18,82,88,30,104,114" hai1="50,75,27,22,62,86,85,127,80,6,21,14,124" hai2="125,71,92,74,135,38,10,20,32,53,5,120,4" hai3="42,72,40,128,117,78,110,17,134,83,94,68,0"/><V37/><F32/><W1/><G117/><T132/><D121/><U31/><E75/><V126/><F71/><W23/><G68/><T123/><D123/><U63/><E85/><V79/><F20/><W76/><G110/><T3/><D3/><U133/><E133/><V93/><F53/><W36/><G134/><T43/><D114/><U108/><E108/><V118/><F118/><W64/><G64/><T9/><D132/><U51/><E51/><V24/><F24/><W11/><G128/><T113/><D58/><U129/><E129/><V73/><F135/><W112/><G112/><T49/><D113/><U77/><E50/><V65/><F120/><W56/><G56/><T95/><D104/><U33/><E33/><V67/><REACH who="2" step="1"/><F79/><REACH who="2" ten="197,340,266,187" step="2"/><W122/><G76/><T102/><D26/><U34/><E22/><V90/><F90/><W60/><G23/><T97/><REACH who="0" step="1"/><D96/><REACH who="0" ten="187,340,266,187" step="2"/><U89/><E27/><V69/><F69/><W107/><G122/><T101/><D101/><U44/><E34/><V106/><F106/><W39/><G107/><T25/><D25/><U41/><E31/><V52/><F52/><W35/><G35/><T55/><D55/><U16/><E124/><V54/><F54/><W13/><G40/><T99/><D99/><U15/><E127/><V19/><F19/><W130/><G42/><T46/><D46/><U109/><E44/><V48/><F48/><W2/><G17/><T7/><D7/><U116/><E6/><V115/><F115/><W100/><G100/><T98/><D98/><U57/><E41/><V70/><F70/><W87/><G130/><RYUUKYOKU ba="0,2" sc="187,15,340,-15,266,15,187,-15" hai0="9,12,18,28,30,43,47,49,82,88,95,97,102" hai2="4,5,10,37,38,65,67,73,74,92,93,125,126" /><INIT seed="2,1,2,4,1,42" ten="202,325,281,172" oya="2" hai0="60,74,19,64,88,40,10,112,120,4,102,65,53" hai1="62,55,90,84,80,83,121,8,73,1,13,50,81" hai2="16,97,122,52,33,98,89,82,25,126,71,134,27" hai3="114,93,72,105,44,31,56,135,131,32,20,85,111"/><V12/><F122/><W38/><G105/><T48/><D120/><U6/><E121/><V130/><F71/><W17/><G72/><T49/><D74/><U23/><E73/><V118/><F118/><W67/><G111/><T78/><D112/><U68/><E68/><V133/><F33/><W86/><G114/><T36/><D78/><U100/><E62/><V28/><F126/><W128/><G135/><N who="2" m="51721" /><F130/><N who="3" m="49707" /><G93/><T18/><D102/><U124/><E124/><V127/><F127/><W34/><G67/><T87/><D48/><U0/><E100/><V132/><F132/><W11/><G11/><T129/><D40/><U75/><E75/><V94/><F82/><W69/><G56/><N who="0" m="36871" /><D36/><U2/><REACH who="1" step="1"/><E23/><REACH who="1" ten="202,315,281,172" step="2"/><N who="2" m="11655" /><F28/><W5/><G69/><T125/><D125/><U58/><AGARI ba="1,3" hai="0,1,2,6,8,13,50,55,58,80,81,83,84,90" machi="58" ten="30,4000,0" yaku="1,1,0,1,53,1" doraHai="42" doraHaiUra="3" who="1" fromWho="1" sc="202,-11,315,73,281,-21,172,-11" /><INIT seed="3,0,0,3,4,20" ten="191,388,260,161" oya="3" hai0="43,24,99,116,16,25,28,78,7,69,63,111,21" hai1="121,93,129,61,48,102,26,55,59,89,15,42,118" hai2="127,1,126,131,76,86,109,117,45,39,60,115,34" hai3="64,37,90,5,81,135,13,120,0,98,18,6,84"/><W124/><G120/><T97/><D116/><U75/><E75/><V41/><F86/><W107/><G37/><T50/><D111/><U29/><E129/><V54/><F76/><W80/><G135/><T72/><D7/><U103/><E118/><V66/><F1/><W108/><G108/><T53/><D43/><U71/><E121/><V12/><F12/><W100/><G124/><T82/><D63/><U31/><E31/><V77/><F77/><W14/><G0/><T70/><D70/><U83/><E83/><V65/><F34/><W10/><G64/><T27/><D69/><U130/><E15/><V133/><F117/><W52/><G80/><T85/><D72/><U106/><E106/><V122/><F115/><W56/><REACH who="3" step="1"/><G13/><REACH who="3" ten="191,388,260,151" step="2"/><N who="0" m="9359" /><D28/><U62/><E29/><V113/><F109/><W49/><AGARI ba="0,1" hai="5,6,10,14,18,49,52,56,81,84,90,98,100,107" machi="49" ten="20,7800,0" yaku="1,1,0,1,7,1,54,1,53,0" doraHai="20" doraHaiUra="104" who="3" fromWho="3" sc="191,-26,388,-26,260,-26,151,88" /><INIT seed="3,1,0,1,3,106" ten="165,362,234,239" oya="3" hai0="5,118,14,53,23,21,91,104,15,117,49,105,38" hai1="24,77,96,82,102,13,128,95,125,54,112,35,61" hai2="99,19,28,58,101,92,75,115,81,123,3,71,63" hai3="85,107,6,67,40,98,48,108,94,2,109,33,41"/><W83/><G107/><T57/><D38/><U111/><E111/><N who="3" m="42570" /><G33/><T124/><D124/><U7/><E125/><V134/><F134/><W64/><G2/><T59/><D49/><U79/><E112/><V47/><F28/><W17/><G17/><T50/><D50/><U70/><E128/><V32/><F19/><W12/><G12/><T27/><D53/><U10/><E35/><V84/><F3/><W103/><G6/><T60/><D60/><U88/><E70/><V18/><F18/><W25/><G25/><T34/><D34/><U39/><E39/><V116/><F32/><W16/><G16/><T87/><D87/><N who="1" m="50295" /><E24/><V66/><F84/><W11/><G11/><T97/><D91/><U110/><E110/><V0/><F0/><W132/><G132/><T37/><D37/><U68/><E68/><V43/><F92/><W30/><G30/><T126/><D126/><U4/><E4/><V131/><F99/><W51/><G51/><T31/><D5/><U90/><E90/><V62/><F101/><W44/><G40/><T100/><D100/><U133/><E133/><V22/><F43/><W130/><G130/><T135/><D27/><U120/><E120/><V46/><F131/><W72/><G85/><T26/><D26/><U55/><E61/><V121/><F121/><W56/><G56/><T122/><D135/><U86/><E86/><V113/><F123/><W52/><G41/><T73/><D122/><U65/><E65/><V93/><F58/><W80/><G72/><T119/><D119/><U1/><E1/><V78/><F116/><W129/><G129/><RYUUKYOKU ba="1,0" sc="165,-15,362,15,234,-15,239,15" hai1="7,10,13,54,55,77,79,95,96,102" hai3="44,48,52,64,67,80,83,94,98,103" /><INIT seed="3,2,0,3,0,77" ten="150,377,219,254" oya="3" hai0="79,131,0,17,101,71,51,125,122,88,121,11,19" hai1="107,59,120,123,48,75,46,68,119,110,54,102,112" hai2="44,95,87,58,43,105,7,69,66,89,129,29,111" hai3="103,5,34,106,85,55,18,83,42,25,3,31,1"/><W26/><G42/><T134/><D71/><U21/><E75/><V32/><F105/><W96/><G5/><T60/><D125/><U15/><E112/><V30/><F111/><W64/><G55/><T28/><D131/><U135/><E68/><V113/><F129/><W45/><G45/><T91/><D134/><U57/><E57/><V40/><F69/><W81/><G64/><T86/><D101/><U92/><E107/><V99/><F113/><W118/><G118/><T22/><D60/><U20/><E110/><V61/><F32/><W50/><G50/><T78/><D28/><N who="2" m="10858" /><F44/><W114/><G114/><T76/><D91/><U124/><E135/><V127/><F127/><W65/><G65/><T9/><D51/><U98/><E124/><V82/><F7/><W117/><G117/><T93/><D0/><U13/><E119/><V52/><F66/><W115/><G115/><T53/><D53/><U130/><E130/><V6/><F6/><W94/><G1/><T74/><D74/><U49/><E120/><V16/><F16/><W38/><G38/><T63/><D63/><U27/><E123/><V133/><F133/><W128/><G3/><T62/><D62/><U10/><E10/><N who="0" m="3593" /><D122/><U109/><E109/><V47/><F47/><W37/><G37/><T23/><D121/><U126/><E126/><V108/><F108/><W24/><G128/><T97/><D17/><N who="1" m="12687" /><E21/><N who="0" m="7689" /><D19/><U72/><E72/><V90/><AGARI ba="2,0" hai="40,43,52,58,61,82,87,89,90,95,99" m="10858" machi="90" ten="30,4000,0" yaku="8,1,52,1,54,1" doraHai="77" who="2" fromWho="2" sc="150,-12,377,-12,219,46,254,-22" /><INIT seed="4,0,0,2,1,102" ten="138,365,265,232" oya="0" hai0="130,64,100,46,110,117,27,88,5,24,34,55,54" hai1="16,114,44,77,57,120,19,123,105,79,74,95,47" hai2="87,70,125,1,115,127,98,106,118,104,108,38,124" hai3="59,122,31,0,26,56,11,68,63,52,86,101,9"/><T89/><D117/><U66/><E95/><V62/><F38/><W48/><G68/><T75/><D75/><U22/><E57/><V33/><F33/><W84/><G101/><T42/><D130/><U61/><E22/><V15/><F1/><W76/><G122/><T53/><D110/><U21/><E21/><V119/><F115/><W40/><G40/><T78/><D78/><U93/><E93/><V65/><F108/><W6/><G9/><T69/><D5/><U37/><E61/><V126/><N who="2" m="31744" /><DORA hai="82" /><V45/><F98/><W39/><G76/><T131/><D131/><U7/><E7/><V51/><F15/><W116/><G39/><T60/><D100/><U43/><E37/><V2/><F87/><W83/><G83/><T36/><REACH who="0" step="1"/><D24/><REACH who="0" ten="128,365,265,232" step="2"/><U107/><E74/><V29/><F2/><W23/><REACH who="3" step="1"/><G116/><REACH who="3" ten="128,365,265,222" step="2"/><N who="2" m="44585" /><F29/><AGARI ba="0,2" hai="27,29,34,36,42,46,53,54,55,60,64,69,88,89" machi="29" ten="40,12000,1" yaku="1,1,54,1,53,3" doraHai="102,82" doraHaiUra="10,49" who="0" fromWho="2" sc="128,140,365,0,265,-120,222,0" /><INIT seed="4,1,0,0,1,30" ten="268,365,145,222" oya="0" hai0="122,109,103,130,8,50,16,100,92,39,71,108,40" hai1="104,49,37,77,68,31,46,53,121,42,107,15,114" hai2="61,113,2,20,85,127,117,7,66,132,86,81,29" hai3="69,34,57,78,22,82,21,76,59,96,131,17,9"/><T70/><D122/><U67/><E121/><V133/><F113/><W95/><G69/><N who="0" m="26123" /><D39/><U5/><E77/><V123/><F123/><W13/><G131/><T41/><D130/><U98/><E31/><V3/><F127/><W72/><G34/><T99/><D103/><U94/><E114/><V79/><F117/><W11/><G78/><T6/><D50/><U90/><E15/><V0/><F7/><W116/><G116/><T64/><D64/><U91/><E5/><V126/><F126/><W52/><G21/><T60/><D60/><N who="1" m="40039" /><E91/><V28/><F86/><W89/><REACH who="3" step="1"/><G59/><AGARI ba="1,0" hai="37,42,46,49,53,59,90,94,98,104,107" m="40039" machi="59" ten="30,1000,0" yaku="24,1" doraHai="30" who="1" fromWho="3" sc="268,0,365,13,145,0,222,-13" /><INIT seed="5,0,0,4,1,76" ten="268,378,145,209" oya="1" hai0="131,48,105,72,114,71,85,99,135,56,68,134,2" hai1="118,43,3,130,33,46,24,91,8,121,36,14,82" hai2="124,65,23,61,7,32,66,84,57,117,107,39,101" hai3="113,96,47,125,40,55,110,25,80,53,17,102,28"/><U4/><E118/><V83/><F117/><W69/><G110/><T37/><D37/><U64/><E121/><V119/><F32/><W59/><G113/><T106/><D72/><U70/><E130/><V67/><F39/><W81/><G69/><N who="0" m="26699" /><D2/><U18/><E70/><V27/><F7/><W73/><G73/><T31/><D31/><U19/><E64/><V21/><F124/><W30/><G125/><T42/><D131/><U0/><E0/><V10/><F10/><W6/><G6/><T60/><D99/><U111/><E111/><V133/><F133/><N who="0" m="50698" /><D85/><U98/><E98/><V90/><F119/><W78/><G78/><T116/><D114/><U92/><E3/><V15/><F101/><W1/><G1/><T62/><D62/><U45/><E36/><V11/><F107/><W5/><G5/><T16/><D16/><U100/><E18/><N who="2" m="10463" /><F11/><W88/><G102/><T109/><D109/><U104/><E8/><V115/><F115/><W50/><G17/><AGARI ba="0,0" hai="17,23,27,57,61,65,66,67,83,84,90" m="10463" machi="17" ten="30,2000,0" yaku="8,1,52,1" doraHai="76" who="2" fromWho="3" sc="268,0,378,0,145,20,209,-20" /><INIT seed="6,0,0,2,3,39" ten="268,378,165,189" oya="2" hai0="43,74,91,28,18,16,115,23,99,106,126,40,6" hai1="113,78,5,15,55,92,3,45,77,47,81,24,133" hai2="56,2,34,65,128,71,98,0,89,9,82,121,17" hai3="84,25,73,123,132,44,70,61,117,57,38,90,94"/><V22/><F121/><W59/><G117/><T127/><D74/><U105/><E105/><V125/><F34/><W102/><G123/><T79/><D79/><U114/><E3/><V19/><F71/><W7/><G132/><T1/><D115/><U80/><E92/><V54/><F65/><W93/><G73/><T42/><D28/><U67/><E24/><V130/><F125/><N who="0" m="47626" /><D18/><U10/><E67/><V33/><F33/><W103/><G70/><T64/><D64/><U95/><E95/><N who="2" m="56687" /><F82/><W27/><G7/><T110/><D110/><U50/><E133/><V104/><F104/><W124/><G124/><T21/><D16/><N who="2" m="6218" /><F9/><W51/><G38/><T107/><D107/><U108/><E108/><V68/><F22/><N who="0" m="8202" /><D91/><U52/><E78/><V101/><F101/><N who="3" m="38411" /><G94/><T58/><D106/><U4/><E80/><V8/><F8/><W29/><G29/><T31/><D31/><U134/><E113/><V112/><F68/><W69/><G69/><T76/><D99/><U63/><E114/><V111/><F111/><W100/><N who="3" m="38419" /><W41/><DORA hai="12" /><G59/><T49/><D1/><U48/><E81/><V96/><F96/><W26/><G26/><T120/><D120/><U14/><E77/><V35/><F35/><W60/><G57/><T119/><D119/><U46/><E10/><V109/><F109/><W30/><G25/><T37/><D76/><U72/><E72/><V116/><F116/><W20/><AGARI ba="0,0" hai="20,27,30,41,44,51,60,61,84,90,93" m="38419" machi="20" ten="30,2000,0" yaku="8,1,52,1" doraHai="39,12" who="3" fromWho="3" sc="268,-5,378,-5,165,-10,189,20" /><INIT seed="7,0,0,1,2,1" ten="263,373,155,209" oya="3" hai0="64,131,39,98,38,2,14,49,135,106,40,104,47" hai1="59,7,73,45,97,84,117,126,26,118,23,72,42" hai2="11,79,55,30,50,44,62,57,103,93,37,65,89" hai3="20,95,87,48,124,19,71,46,52,25,51,10,127"/><W17/><G71/><T96/><D2/><U83/><E7/><V29/><F79/><W81/><G95/><T67/><D131/><U24/><E59/><V82/><F82/><W41/><G10/><T109/><D109/><U76/><E97/><V31/><F103/><W34/><G34/><T94/><D135/><U15/><E15/><V128/><F128/><W112/><G112/><T115/><D115/><U134/><E126/><V107/><F107/><W28/><G127/><T56/><D14/><U111/><E24/><V85/><F37/><W116/><G116/><N who="1" m="44650" /><E111/><V74/><F74/><W4/><G4/><T80/><D80/><U90/><E90/><V16/><REACH who="2" step="1"/><F11/><REACH who="2" ten="263,373,145,209" step="2"/><W12/><G124/><T9/><D39/><N who="1" m="21727" /><E134/><V32/><F32/><W108/><G108/><T13/><D9/><U63/><E73/><V91/><F91/><N who="3" m="51695" /><G12/><T18/><D13/><U88/><E72/><V133/><F133/><W36/><G36/><T102/><D106/><U75/><E75/><V122/><F122/><W3/><G3/><T114/><D114/><U58/><E76/><V60/><F60/><W27/><G48/><T132/><D132/><U86/><E83/><V21/><F21/><W35/><G51/><T69/><D38/><U119/><E88/><V6/><F6/><W68/><G20/><T77/><D49/><U54/><E119/><V120/><F120/><W92/><G35/><T5/><D104/><U53/><E23/><V101/><F101/><W129/><G129/><T125/><D102/><U105/><E105/><V66/><F66/><W70/><G92/><T121/><D94/><RYUUKYOKU ba="0,1" sc="263,-10,373,-10,145,30,209,-10" hai2="16,29,30,31,44,50,55,57,62,65,85,89,93" owari="253,5.3,373,47.3,175,-32.5,199,-20.1" /></mjloggm>