<mjloggm ver="2.3"><GO type="169" lobby="0"/><UN n0="%E6%A2%85%E8%8E%89" n1="%E5%B2%A9%E4%B8%8A%E9%80%9A%E3%82%8A" n2="%E8%99%9A%E6%B7%B5%E7%8E%84" n3="%E5%BA%84%E5%8F%B8%E5%81%A5%E5%A4%AA%E6%9C%97" dan="18,16,17,16" rate="2247.27,2121.88,2207.12,2042.87" sx="F,M,M,M"/><TAIKYOKU oya="0"/><INIT seed="0,0,0,3,0,114" ten="250,250,250,250" oya="0" hai0="51,61,129,27,70,50,128,113,41,132,96,66,134" hai1="68,98,88,5,52,115,62,82,13,99,63,131,15" hai2="121,60,65,135,23,57,117,91,107,125,81,37,59" hai3="48,83,28,45,94,35,104,109,58,103,9,16,74"/><T92/><D113/><U31/><E131/><N who="0" m="50249" /><D27/><U119/><E115/><V49/><F107/><W106/><G109/><T76/><D76/><U20/><E68/><V120/><F23/><W0/><G58/><T21/><D21/><U6/><E82/><V122/><F91/><W116/><G116/><T90/><D41/><U127/><E127/><V32/><F81/><W1/><G0/><T110/><D110/><U10/><E119/><V64/><F32/><W102/><G1/><T75/><D75/><U54/><E20/><V24/><F24/><W72/><G72/><T80/><D80/><U55/><E31/><V33/><F33/><W22/><G9/><T124/><D124/><U111/><E111/><V42/><F125/><W73/><G73/><T108/><D108/><U11/><REACH who="1" step="1"/><E88/><REACH who="1" ten="250,240,250,250" step="2"/><V29/><F117/><W47/><G103/><T84/><D96/><AGARI ba="0,1" hai="5,6,10,11,13,15,52,54,55,62,63,96,98,99" machi="96" ten="40,12000,2" yaku="1,1,2,1,9,1,8,1,54,1,53,2" doraHai="114" doraHaiUra="56" who="1" fromWho="0" sc="250,-120,240,130,250,0,250,0" /><INIT seed="1,0,0,0,1,27" ten="130,370,250,250" oya="1" hai0="0,116,26,133,78,39,74,28,75,89,58,56,35" hai1="95,9,83,14,94,105,130,126,54,25,41,43,124" hai2="68,38,81,96,103,19,42,40,17,77,16,29,63" hai3="24,99,72,31,20,71,34,102,46,97,32,118,45"/><U132/><E105/><V53/><F38/><W122/><G122/><T120/><D39/><U91/><E130/><V2/><F2/><W115/><G115/><T36/><D0/><U82/><E132/><V51/><F68/><W127/><G127/><T3/><D3/><U109/><E109/><V11/><F63/><W4/><G72/><T60/><D36/><U112/><E112/><V70/><F70/><W37/><G99/><T114/><D116/><U107/><E107/><V123/><F11/><W87/><G87/><T111/><D114/><U30/><E95/><V21/><F123/><W59/><G71/><T49/><D120/><U79/><E54/><V69/><F69/><W90/><G90/><T67/><D111/><U18/><E43/><V22/><F22/><W52/><G4/><T50/><D133/><U129/><E41/><V128/><F128/><W121/><G118/><T64/><D89/><U106/><E106/><V8/><F8/><W55/><G121/><T113/><D113/><U117/><E117/><V1/><F1/><W80/><G80/><T76/><D76/><U125/><E129/><V93/><F81/><W134/><G55/><T104/><D104/><U6/><E6/><V44/><F77/><W15/><G134/><T86/><D86/><N who="1" m="52599" /><E79/><V92/><F92/><N who="3" m="58663" /><G34/><AGARI ba="0,0" hai="9,14,18,25,30,34,82,83,124,125,126" m="52599" machi="34" ten="30,2900,0" yaku="18,1,52,1" doraHai="27" who="1" fromWho="3" sc="130,0,370,29,250,0,250,-29" /><INIT seed="1,1,0,0,4,134" ten="130,399,250,221" oya="1" hai0="11,90,22,35,72,75,95,12,36,49,77,133,59" hai1="31,57,19,132,27,53,69,51,111,109,44,127,128" hai2="56,18,106,46,131,23,28,21,78,115,55,118,24" hai3="73,37,103,88,79,13,135,41,6,71,25,102,120"/><U62/><E132/><V20/><F118/><W70/><G120/><T43/><D36/><U33/><E128/><V63/><F106/><W47/><G135/><T9/><D35/><U15/><E69/><V34/><F131/><W98/><G25/><T82/><D133/><U104/><E104/><V108/><F108/><W129/><G129/><T124/><D75/><U14/><E127/><V123/><F123/><W101/><G79/><T45/><D124/><U52/><REACH who="1" step="1"/><E19/><REACH who="1" ten="130,389,250,221" step="2"/><V86/><F18/><W114/><G114/><T65/><D22/><U1/><E1/><V116/><F115/><W130/><G130/><T39/><D39/><U110/><AGARI ba="1,1" hai="14,15,27,31,33,44,51,52,53,57,62,109,110,111" machi="110" ten="30,12000,1" yaku="1,1,0,1,14,1,10,1,54,1,53,0" doraHai="134" doraHaiUra="125" who="1" fromWho="1" sc="130,-41,389,133,250,-41,221,-41" /><INIT seed="1,2,0,2,0,0" ten="89,522,209,180" oya="1" hai0="20,98,58,2,92,100,99,64,117,8,63,52,85" hai1="120,86,118,36,126,82,15,59,80,1,35,111,12" hai2="110,41,87,4,77,103,69,115,46,131,65,112,22" hai3="7,68,54,134,42,122,121,97,9,88,135,50,28"/><U19/><E36/><V29/><F110/><W79/><G68/><T23/><D117/><U71/><E1/><V124/><F103/><W25/><G42/><T81/><D99/><U17/><E71/><V128/><F124/><W10/><G79/><T67/><D2/><U125/><E35/><V119/><F119/><W109/><G109/><T133/><D133/><N who="3" m="50697" /><G10/><T106/><D106/><U94/><E118/><V38/><F77/><W11/><G9/><T55/><D8/><U78/><E120/><V44/><F87/><W13/><G97/><T76/><REACH who="0" step="1"/><D55/><REACH who="0" ten="79,522,209,180" step="2"/><U39/><E111/><V40/><F115/><W16/><G122/><T48/><D48/><U32/><E39/><V107/><F38/><W113/><G121/><T89/><D89/><U66/><E78/><V43/><F112/><W5/><G113/><T108/><D108/><U104/><E104/><V101/><F107/><W127/><G127/><T74/><D74/><U90/><E126/><V84/><F101/><W51/><G88/><T24/><D24/><U130/><E125/><V57/><F84/><W53/><G51/><T116/><D116/><U30/><E86/><V37/><F37/><W14/><G13/><T83/><D83/><U132/><E90/><V95/><F41/><W123/><G123/><T56/><D56/><U72/><E72/><V34/><F40/><W47/><G54/><T114/><D114/><U102/><E82/><V62/><F43/><W70/><G70/><T45/><D45/><U6/><E80/><V18/><F69/><W91/><G91/><T93/><D93/><U129/><E132/><RYUUKYOKU ba="2,1" sc="79,15,522,-15,209,-15,180,15" hai0="20,23,52,58,63,64,67,76,81,85,92,98,100" hai3="5,7,11,14,16,25,28,47,50,53" /><INIT seed="2,3,1,4,5,49" ten="94,507,194,195" oya="2" hai0="3,7,4,62,14,59,5,113,107,18,77,48,8" hai1="119,72,81,103,35,74,129,88,24,132,60,133,44" hai2="6,101,128,56,31,43,117,37,29,19,9,1,127" hai3="90,92,61,131,40,67,125,45,66,111,121,27,116"/><V41/><F117/><W32/><G121/><T10/><D113/><U34/><E103/><V118/><F118/><W135/><G116/><T39/><D107/><U95/><E119/><V64/><F128/><W70/><G111/><T91/><D39/><U46/><E60/><V115/><F115/><W52/><G135/><T96/><D77/><U12/><E12/><V87/><F127/><W98/><G131/><T38/><D38/><U106/><E106/><V108/><F19/><W15/><G125/><T112/><D112/><U13/><E13/><V17/><F17/><W124/><G15/><T85/><D48/><U16/><E129/><V36/><F101/><W109/><G109/><T0/><D96/><U110/><E110/><V2/><F108/><W25/><G124/><T122/><D122/><U55/><E81/><V102/><F102/><W79/><G79/><T83/><REACH who="0" step="1"/><D0/><REACH who="0" ten="84,507,194,195" step="2"/><U84/><E74/><V80/><F1/><W42/><G98/><T21/><D21/><N who="1" m="13351" /><E72/><V104/><F37/><W100/><G32/><T126/><D126/><U54/><E35/><V130/><F130/><W93/><G100/><T63/><D63/><U53/><E34/><V20/><F104/><W94/><G61/><T114/><D114/><U58/><E58/><V65/><F56/><W47/><G90/><T86/><D86/><U28/><E133/><V123/><F123/><W57/><G57/><T105/><D105/><U69/><E132/><V30/><F36/><W33/><G33/><T22/><D22/><U134/><E134/><V71/><F20/><W11/><G45/><N who="1" m="17514" /><E84/><V73/><F87/><RYUUKYOKU ba="3,2" sc="84,30,507,-10,194,-10,195,-10" hai0="3,4,5,7,8,10,14,18,59,62,83,85,91" /><INIT seed="3,4,2,0,5,15" ten="114,497,184,185" oya="3" hai0="77,87,4,78,86,92,29,112,26,114,127,56,121" hai1="70,5,109,43,84,16,123,63,24,32,45,39,31" hai2="1,22,71,88,116,120,67,27,100,98,38,107,19" hai3="68,73,12,69,6,49,20,23,135,125,102,34,3"/><W106/><G69/><T17/><D121/><U30/><E123/><V126/><F120/><W50/><G68/><T33/><D127/><U122/><E122/><V111/><F116/><W52/><G34/><T46/><D4/><U36/><E109/><V54/><F38/><W130/><G73/><T42/><D56/><U61/><E5/><V21/><F1/><W83/><G3/><T80/><D17/><U53/><E84/><V35/><F111/><W59/><G135/><T10/><D10/><U76/><E76/><V66/><F35/><W96/><G130/><T7/><D7/><U51/><E36/><V103/><F71/><W81/><G125/><T0/><D0/><U117/><E117/><V55/><F107/><W90/><G49/><T104/><D104/><U28/><E63/><V95/><F126/><W129/><G129/><T108/><D108/><U124/><E124/><V91/><F91/><W8/><G83/><T89/><REACH who="0" step="1"/><D78/><REACH who="0" ten="104,497,184,185" step="2"/><U93/><E16/><N who="2" m="12743" /><F67/><W14/><G12/><T94/><D94/><U110/><E93/><V13/><F66/><W48/><G106/><T82/><D82/><U99/><E110/><V11/><F11/><W113/><G81/><T62/><D62/><U119/><E61/><V131/><F131/><W2/><G2/><T60/><D60/><U75/><E119/><V58/><F58/><W72/><G59/><T134/><D134/><U37/><E70/><V85/><F85/><W105/><G105/><T47/><D47/><U64/><E45/><V101/><AGARI ba="4,3" hai="13,19,21,54,55,88,95,98,100,101,103" m="12743" machi="101" ten="30,8000,1" yaku="8,1,52,2,54,2" doraHai="15" who="2" fromWho="2" sc="104,-24,497,-24,184,122,185,-44" /><INIT seed="4,0,0,3,1,100" ten="80,473,306,141" oya="0" hai0="86,129,9,84,87,78,44,42,49,1,90,69,96" hai1="109,89,102,75,30,106,4,43,119,13,81,46,32" hai2="41,128,124,68,59,63,5,19,33,71,134,48,55" hai3="60,104,21,27,52,77,14,132,61,57,7,39,25"/><T98/><D69/><U37/><E109/><V20/><F33/><W2/><G104/><T74/><D129/><U94/><E119/><V62/><F5/><W18/><G39/><T133/><D133/><U10/><E30/><V120/><F124/><W31/><G132/><T105/><D1/><U36/><E32/><V93/><F120/><W121/><G121/><T56/><D9/><U15/><E36/><V114/><F114/><W99/><G2/><T35/><D35/><U11/><E102/><V127/><F127/><W29/><G77/><T22/><D22/><U70/><E70/><V135/><F128/><W28/><G7/><T115/><D115/><U45/><E45/><V131/><F131/><W91/><G61/><T110/><D110/><U66/><E66/><V17/><F68/><W6/><G6/><T8/><D8/><U53/><E53/><V26/><F71/><W76/><G76/><T47/><D47/><U65/><E65/><V111/><F111/><W51/><G60/><T92/><D56/><U112/><E112/><V107/><F63/><W82/><G82/><N who="0" m="45399" /><D96/><U58/><E58/><V103/><F134/><W0/><G0/><T122/><D122/><U125/><E125/><V108/><F108/><W40/><G40/><T12/><D12/><U80/><E75/><V16/><F135/><W101/><G91/><T23/><D23/><U64/><E11/><V126/><F126/><W54/><G54/><T72/><D72/><U34/><E10/><V97/><F41/><W83/><G83/><T116/><D116/><U88/><E4/><V3/><F3/><RYUUKYOKU ba="0,0" sc="80,15,473,-15,306,-15,141,15" hai0="42,44,49,84,86,87,90,92,98,105" hai3="14,18,21,25,27,28,29,31,51,52,57,99,101" /><INIT seed="4,1,0,0,5,49" ten="95,458,291,156" oya="0" hai0="18,130,86,82,39,6,0,135,75,68,133,22,28" hai1="3,118,43,15,71,26,9,104,10,58,120,89,61" hai2="107,131,99,12,112,122,84,29,134,19,77,7,46" hai3="127,20,52,125,102,132,53,88,113,80,1,8,70"/><T67/><D39/><U45/><E104/><V60/><F131/><W83/><G113/><T48/><D75/><U116/><E120/><V101/><F134/><N who="0" m="51210" /><D130/><U109/><E71/><V94/><F7/><N who="3" m="1135" /><G70/><T54/><D28/><U23/><E3/><V97/><F29/><W91/><G132/><T56/><D0/><U72/><E10/><V27/><F99/><W59/><G102/><T16/><D6/><U117/><E72/><V34/><F34/><W21/><G83/><T79/><D22/><N who="3" m="8809" /><G59/><T128/><D128/><U93/><E45/><V123/><F46/><W13/><G13/><T103/><D103/><U124/><E43/><V4/><F12/><W36/><G36/><T47/><D68/><U50/><E15/><V35/><F101/><W95/><G80/><T111/><D111/><U57/><E109/><V98/><F122/><W76/><G76/><T11/><D11/><U63/><E9/><V81/><F77/><W31/><G31/><T24/><D24/><U115/><E26/><V65/><F27/><W126/><G91/><T2/><D2/><U78/><E78/><V108/><F123/><W69/><G69/><T42/><D67/><U40/><E89/><V106/><F65/><W92/><G92/><T37/><AGARI ba="1,0" hai="16,18,37,42,47,48,54,56,79,82,86" m="51210" machi="37" ten="30,6000,0" yaku="20,1,52,1,54,1" doraHai="49" who="0" fromWho="0" sc="95,63,458,-21,291,-21,156,-21" /><INIT seed="4,2,0,4,3,15" ten="158,437,270,135" oya="0" hai0="90,121,66,91,42,80,50,2,126,86,88,109,32" hai1="62,120,24,105,95,89,87,1,101,55,34,41,47" hai2="85,43,116,49,70,96,124,94,22,35,100,110,10" hai3="106,115,132,69,16,128,75,72,48,61,65,21,117"/><T103/><D121/><U8/><E120/><V52/><F110/><W76/><G117/><T78/><D2/><U102/><E105/><V119/><F35/><W84/><G132/><T79/><D32/><U36/><E1/><V28/><F70/><W82/><G115/><T46/><D109/><U130/><E8/><V54/><F124/><W113/><G113/><T20/><D126/><U73/><E73/><V26/><F10/><W108/><G108/><T5/><D5/><U125/><E125/><V127/><F127/><W71/><G128/><T31/><D103/><U98/><E130/><V29/><F29/><W58/><G106/><T77/><REACH who="0" step="1"/><D66/><REACH who="0" ten="148,437,270,135" step="2"/><U56/><E102/><V104/><F116/><W97/><G97/><T9/><D9/><U39/><E101/><V60/><F119/><W74/><REACH who="3" step="1"/><G48/><REACH who="3" ten="148,437,270,125" step="2"/><T134/><D134/><U0/><E98/><V118/><F118/><W3/><G3/><T81/><D81/><U64/><E0/><V38/><F104/><W13/><AGARI ba="2,2" hai="13,16,21,58,61,65,69,71,72,74,75,76,82,84" machi="13" ten="30,7900,0" yaku="1,1,0,1,52,1,54,1,53,0" doraHai="15" doraHaiUra="68" who="3" fromWho="3" sc="148,-41,437,-22,270,-22,125,105" /><INIT seed="5,0,0,0,5,79" ten="107,415,248,230" oya="1" hai0="5,106,17,46,94,9,116,76,85,56,53,4,49" hai1="69,39,119,38,54,60,24,43,7,13,111,100,1" hai2="8,122,20,25,96,109,112,40,80,131,78,26,58" hai3="104,0,47,41,28,48,59,30,107,16,127,68,29"/><U110/><E1/><V105/><F109/><W44/><G68/><T117/><D106/><U98/><E119/><V81/><F122/><W50/><G0/><T63/><D117/><U133/><E43/><V33/><F131/><W37/><G127/><T2/><D116/><U126/><E7/><V128/><F128/><W77/><G77/><T74/><D74/><U55/><E13/><V36/><F33/><W73/><G73/><T72/><D72/><U52/><E126/><V87/><F112/><W3/><G3/><T67/><D2/><U93/><E133/><V86/><F8/><W99/><G99/><T65/><D65/><N who="1" m="41127" /><E24/><V108/><F108/><AGARI ba="0,0" hai="38,39,52,54,55,93,98,100,108,110,111" m="41127" machi="108" ten="30,2900,0" yaku="10,1,54,1" doraHai="79" who="1" fromWho="2" sc="107,0,415,29,248,-29,230,0" /><INIT seed="5,1,0,3,1,69" ten="107,444,219,230" oya="1" hai0="85,76,24,66,53,124,78,112,93,47,16,60,17" hai1="96,133,126,28,55,127,49,83,132,14,31,84,62" hai2="3,11,135,134,56,26,129,86,103,22,20,61,107" hai3="72,116,58,27,114,50,77,65,59,41,0,12,82"/><U121/><E62/><V13/><F3/><W30/><G0/><T87/><D112/><U111/><E96/><V63/><F129/><W88/><G114/><T101/><D124/><N who="1" m="47659" /><E121/><V75/><F75/><W80/><G65/><T48/><D87/><U95/><E95/><V123/><F123/><W45/><G116/><T51/><D51/><U120/><E14/><V43/><F61/><W125/><G125/><T37/><D37/><U81/><E120/><V25/><F107/><W46/><G12/><T131/><D131/><U99/><E99/><V91/><F103/><W98/><G46/><T7/><D7/><U54/><E111/><V90/><F13/><W73/><G73/><T6/><D6/><U74/><E74/><V57/><F63/><W67/><G67/><T106/><D106/><U38/><E38/><V39/><F39/><W29/><G29/><T130/><D130/><U100/><E100/><V92/><F92/><N who="3" m="56583" /><G82/><T35/><D35/><U15/><E15/><V40/><REACH who="2" step="1"/><F86/><REACH who="2" ten="107,444,209,230" step="2"/><W122/><G122/><T64/><D60/><U105/><E105/><V2/><F2/><W102/><G102/><T71/><D71/><U108/><E84/><V68/><F68/><W33/><G72/><T117/><D117/><U8/><E49/><V36/><F36/><W118/><G118/><T4/><D101/><U104/><E104/><V18/><F18/><N who="0" m="7274" /><D4/><U89/><E31/><V70/><F70/><W128/><G128/><T52/><D24/><U9/><E28/><V32/><F32/><W79/><G80/><T115/><D115/><U23/><E83/><V21/><F21/><RYUUKYOKU ba="1,1" sc="107,-15,444,-15,209,15,230,15" hai2="11,20,22,25,26,40,43,56,57,90,91,134,135" hai3="27,30,33,41,45,50,58,59,77,79" /><INIT seed="6,2,1,3,0,73" ten="92,429,224,245" oya="2" hai0="126,93,75,79,43,70,114,53,62,60,101,39,78" hai1="133,94,110,102,115,16,51,119,104,77,6,127,98" hai2="92,23,44,107,46,105,124,19,42,85,128,25,67" hai3="68,20,58,87,38,82,4,57,117,118,54,52,116"/><V35/><F128/><W129/><G129/><T2/><D2/><U56/><E6/><V5/><F124/><W134/><G134/><T90/><D75/><U49/><E110/><V132/><F132/><W72/><G68/><T21/><D126/><U50/><E115/><V91/><F35/><W76/><G38/><T95/><D114/><U103/><E119/><V125/><F125/><W121/><G121/><T112/><D112/><U1/><E1/><V65/><F5/><W32/><G32/><T30/><D70/><U113/><E133/><V109/><F109/><W66/><G4/><T97/><D43/><U88/><E127/><V31/><F44/><W10/><G10/><T99/><D39/><U71/><E71/><V122/><F122/><W83/><G20/><T69/><D69/><U41/><E41/><V84/><F31/><W64/><G57/><N who="0" m="34863" /><D62/><U45/><E45/><V96/><F107/><W13/><G13/><T8/><D8/><U55/><E113/><V3/><F105/><W80/><G80/><T106/><D106/><U36/><E36/><V34/><F34/><W100/><G54/><T17/><D30/><U120/><E120/><V26/><F3/><W15/><G15/><AGARI ba="2,1" hai="15,17,21,78,79,90,93,95,97,99,101" m="34863" machi="15" ten="30,3900,0" yaku="8,1,52,2" doraHai="73" who="0" fromWho="3" sc="92,55,429,0,224,0,245,-45" /><INIT seed="7,0,0,1,0,128" ten="147,429,224,200" oya="3" hai0="116,1,77,101,105,57,19,85,21,133,65,99,27" hai1="78,79,64,42,80,49,67,29,108,82,47,115,36" hai2="124,31,74,110,96,88,43,41,5,45,62,104,70" hai3="26,44,59,3,37,52,111,32,68,15,46,92,39"/><W28/><G3/><T69/><D116/><U30/><E108/><V112/><F74/><W60/><G111/><T50/><D1/><U73/><E115/><V17/><F124/><W40/><G68/><T103/><D69/><U0/><E49/><V121/><F104/><W98/><G15/><T75/><D75/><U54/><E54/><V71/><F121/><W94/><G98/><T109/><D109/><U95/><E95/><V132/><F31/><W134/><G134/><T127/><D127/><U9/><E67/><V20/><F132/><W130/><G130/><T14/><D103/><U23/><E23/><V18/><F20/><W66/><G66/><T72/><D72/><N who="1" m="43079" /><E64/><V107/><F107/><W84/><G84/><T10/><D77/><U63/><E63/><V11/><F62/><W102/><G102/><T97/><D85/><U125/><E125/><V48/><F70/><W58/><G58/><T106/><D99/><U38/><E38/><V90/><F96/><W113/><G113/><T118/><D118/><U6/><AGARI ba="0,0" hai="0,6,9,29,30,36,42,47,73,79,82" m="43079" machi="6" ten="30,1100,0" yaku="25,1" doraHai="128" who="1" fromWho="1" sc="147,-3,429,11,224,-3,200,-5" owari="144,-35.6,440,54.0,221,2.1,195,-20.5" /></mjloggm>