<mjloggm ver="2.3"><GO type="169" lobby="0"/><UN n0="%E5%BA%84%E5%8F%B8%E5%81%A5%E5%A4%AA%E6%9C%97" n1="%E7%B4%94%E6%BD%94%E3%83%94%E3%83%A9%E3%83%8B%E3%82%A2" n2="%E7%94%9F%E5%BE%92%E4%BC%9A%E3%80%90%E5%BA%8F%E3%80%91" n3="%E3%81%8D%E3%82%83%E3%82%82%E3%82%93%E3%81%AC" dan="16,16,17,16" rate="2053.96,2129.32,2160.57,2117.43" sx="M,M,M,M"/><TAIKYOKU oya="0"/><INIT seed="0,0,0,4,0,89" ten="250,250,250,250" oya="0" hai0="6,32,33,66,98,13,21,84,19,45,110,61,128" hai1="123,118,9,133,4,79,35,46,50,54,93,117,100" hai2="68,126,18,56,64,23,3,0,67,87,58,63,103" hai3="96,31,135,116,59,52,73,27,119,30,1,109,7"/><T75/><D128/><U91/><E123/><V17/><F126/><W81/><G109/><T132/><D75/><U34/><E133/><V102/><F87/><W129/><G135/><T15/><D132/><U11/><E100/><V99/><F68/><W29/><G129/><T88/><D110/><U12/><E79/><V57/><F102/><W20/><G7/><T40/><D98/><U95/><E91/><V25/><F18/><W106/><G1/><T127/><D127/><U44/><E50/><V41/><F41/><W104/><G96/><T55/><D55/><U24/><E12/><V97/><F97/><W69/><G69/><T115/><D115/><U86/><E4/><V49/><F49/><W113/><G113/><T107/><D107/><U36/><E86/><V71/><REACH who="2" step="1"/><F67/><REACH who="2" ten="250,250,240,250" step="2"/><W70/><G70/><T114/><D114/><U22/><E36/><V8/><F8/><W85/><G73/><T60/><D60/><U134/><E134/><V120/><F120/><W72/><G72/><T37/><D66/><U38/><E38/><V122/><F122/><W130/><G130/><T131/><D131/><U77/><E77/><V48/><F48/><N who="3" m="31111" /><G104/><AGARI ba="0,1" hai="0,3,17,23,25,56,57,58,63,64,71,99,103,104" machi="104" ten="40,1300,0" yaku="1,1,53,0" doraHai="89" doraHaiUra="121" who="2" fromWho="3" sc="250,0,250,0,240,23,250,-13" /><INIT seed="1,0,0,5,0,9" ten="250,250,263,237" oya="1" hai0="85,51,131,57,135,92,23,22,12,118,44,99,129" hai1="89,116,16,24,74,49,55,56,130,65,67,14,72" hai2="119,64,48,31,2,62,3,132,17,77,107,127,29" hai3="133,91,20,113,122,87,94,61,34,11,45,121,43"/><U32/><E116/><V46/><F119/><W70/><G113/><T86/><D118/><U90/><E130/><N who="0" m="49673" /><D135/><U30/><E72/><V21/><F107/><W37/><G34/><T47/><D57/><U98/><E74/><V96/><F127/><W93/><G133/><T104/><D47/><U78/><E78/><V7/><F132/><W13/><G20/><N who="0" m="7723" /><D104/><U106/><E106/><V82/><F96/><W114/><G114/><T63/><D63/><U101/><E101/><V81/><F3/><W123/><G93/><T112/><D12/><U128/><E128/><V52/><F7/><W111/><G111/><T79/><D79/><U75/><E75/><V126/><F2/><W109/><G109/><T76/><D76/><U102/><E102/><V60/><F126/><W59/><G70/><T124/><D112/><U125/><E125/><V115/><F115/><W18/><REACH who="3" step="1"/><G122/><REACH who="3" ten="250,250,263,227" step="2"/><T50/><D124/><U28/><E28/><V108/><F108/><W71/><G71/><T80/><D80/><U10/><REACH who="1" step="1"/><E98/><REACH who="1" ten="250,240,263,227" step="2"/><V41/><F31/><W19/><G19/><T83/><D99/><U36/><E36/><V84/><F29/><W8/><G8/><T38/><D38/><U1/><E1/><V97/><F97/><W0/><G0/><T105/><D86/><U134/><E134/><V95/><F84/><W58/><G58/><T66/><D85/><U5/><E5/><V40/><F17/><W26/><G26/><T88/><D44/><U120/><E120/><V103/><F46/><W25/><G25/><T35/><D35/><U73/><E73/><V110/><F110/><RYUUKYOKU ba="0,2" sc="250,-15,240,15,263,-15,227,15" hai1="10,14,16,24,30,32,49,55,56,65,67,89,90" hai3="11,13,18,37,43,45,59,61,87,91,94,121,123" /><INIT seed="1,1,2,3,1,98" ten="235,255,248,242" oya="1" hai0="37,54,106,107,63,49,73,58,48,69,70,68,56" hai1="105,28,43,131,115,4,103,65,29,109,132,0,133" hai2="108,113,18,31,30,72,25,33,34,9,79,26,71" hai3="55,81,99,20,126,122,40,89,5,8,61,47,116"/><U91/><E115/><V104/><F71/><W76/><G122/><T3/><D3/><U1/><E131/><V75/><F104/><W90/><G126/><T36/><D73/><U97/><E91/><V123/><F113/><W112/><G112/><T22/><D22/><U64/><E43/><V42/><F123/><W45/><G20/><T95/><D95/><U111/><E4/><V67/><F67/><N who="1" m="25673" /><E1/><V23/><F108/><N who="1" m="41545" /><E0/><V62/><F62/><W83/><G83/><T94/><D94/><U6/><E6/><V86/><F42/><W53/><G116/><T52/><D107/><U82/><E82/><V127/><F127/><W74/><G45/><N who="0" m="27919" /><D106/><U135/><AGARI ba="1,2" hai="28,29,97,103,105,132,133,135" m="41545,25673" machi="135" ten="40,12000,1" yaku="20,1,14,1,10,1,52,1" doraHai="98" who="1" fromWho="1" sc="235,-41,255,143,248,-41,242,-41" /><INIT seed="1,2,0,2,5,133" ten="194,398,207,201" oya="1" hai0="123,26,54,38,13,60,120,51,5,76,115,90,4" hai1="112,37,125,122,67,105,75,135,58,55,117,108,93" hai2="50,31,84,48,14,25,68,56,16,27,11,64,73" hai3="9,52,119,91,71,69,99,61,20,29,32,134,128"/><U118/><RYUUKYOKU type="yao9" ba="2,0" sc="194,0,398,0,207,0,201,0" hai1="37,55,58,67,75,93,105,108,112,117,118,122,125,135" /><INIT seed="1,3,0,4,4,74" ten="194,398,207,201" oya="1" hai0="17,23,11,98,26,57,31,35,27,72,18,53,8" hai1="126,128,39,80,46,75,118,30,45,90,121,115,76" hai2="107,34,100,62,129,21,64,52,124,47,85,127,88" hai3="70,102,73,13,1,101,5,92,44,42,6,84,78"/><U51/><E115/><V65/><F34/><W37/><G70/><T112/><D72/><U108/><E118/><V83/><F129/><W9/><G6/><T99/><D112/><U24/><E121/><V49/><F107/><W40/><G40/><T94/><D18/><U86/><E128/><V61/><F100/><W120/><G120/><T25/><D25/><U54/><E126/><V77/><F21/><W79/><G13/><T125/><D99/><U103/><E103/><V116/><F116/><W89/><G79/><T110/><D110/><U55/><E108/><V28/><F28/><W48/><REACH who="3" step="1"/><G48/><REACH who="3" ten="194,398,207,191" step="2"/><T7/><D125/><N who="2" m="48202" /><F77/><W109/><G109/><T68/><D68/><U122/><E122/><V43/><F43/><W131/><G131/><T117/><D7/><U114/><E114/><V87/><F87/><W69/><G69/><T29/><D117/><U58/><E39/><V15/><F15/><W32/><G32/><T97/><D97/><U16/><E75/><V59/><F47/><W33/><G33/><T96/><D96/><U4/><E76/><V56/><F49/><W3/><G3/><T135/><D135/><U104/><E46/><V91/><F91/><W133/><G133/><T119/><D119/><U105/><E4/><V10/><F10/><W22/><G22/><T106/><D106/><U63/><E104/><V0/><F0/><W14/><G14/><T95/><D98/><U93/><E105/><V38/><F38/><W66/><G66/><AGARI ba="3,1" hai="52,56,59,61,62,64,65,66,83,85,88" m="48202" machi="66" ten="30,3900,0" yaku="18,1,54,2" doraHai="74" who="2" fromWho="3" sc="194,0,398,0,207,58,191,-48" /><INIT seed="2,0,0,4,4,42" ten="194,398,265,143" oya="2" hai0="35,132,70,96,56,71,86,30,31,113,24,128,50" hai1="25,62,111,66,114,127,130,78,126,108,57,19,14" hai2="82,124,46,134,7,99,117,47,60,29,38,95,131" hai3="43,55,4,77,27,101,133,102,3,65,92,89,107"/><V84/><F117/><W85/><G133/><T52/><D113/><U123/><E114/><V63/><F134/><W36/><G65/><T120/><D120/><U75/><E123/><V2/><F131/><W118/><G118/><T11/><D132/><U122/><E122/><V37/><F124/><N who="1" m="47657" /><E130/><V80/><F29/><W34/><G107/><T53/><D31/><U64/><E25/><V61/><F2/><W91/><G27/><T90/><D96/><U41/><E41/><V22/><F7/><W45/><G34/><T44/><D11/><N who="1" m="6623" /><E64/><V5/><F5/><W100/><G55/><T88/><D90/><U26/><E26/><V8/><F8/><W33/><G33/><T21/><D35/><U17/><E17/><V129/><F22/><W109/><G109/><T116/><D116/><U0/><E0/><V72/><F129/><W121/><G121/><T115/><D115/><U83/><AGARI ba="0,0" hai="57,62,66,75,78,83,108,111" m="6623,47657" machi="83" ten="30,1100,0" yaku="18,1" doraHai="42" who="1" fromWho="1" sc="194,-3,398,11,265,-5,143,-3" /><INIT seed="3,0,0,0,4,66" ten="191,409,260,140" oya="3" hai0="103,106,81,77,74,85,54,59,40,117,125,83,39" hai1="3,32,121,29,62,64,65,98,112,122,116,76,19" hai2="60,23,114,35,101,43,51,58,131,24,84,63,1" hai3="130,133,86,15,95,109,13,61,9,123,78,88,6"/><W17/><G123/><T56/><D117/><U97/><E112/><V104/><F1/><W7/><G133/><T127/><D40/><U14/><E3/><V41/><F114/><W105/><G105/><T0/><D39/><U107/><E64/><V21/><F35/><W100/><G130/><T111/><D0/><U8/><E76/><V134/><F104/><W90/><G109/><T91/><D111/><U80/><E80/><V92/><F131/><W42/><G7/><T70/><D70/><U126/><E126/><N who="0" m="48137" /><D54/><U119/><E29/><V34/><F34/><W94/><G42/><T75/><D75/><U57/><E32/><V31/><F21/><W11/><G78/><T96/><AGARI ba="0,0" hai="56,59,74,77,81,83,85,91,96,103,106" m="48137" machi="96" ten="30,1100,0" yaku="18,1" doraHai="66" who="0" fromWho="0" sc="191,11,409,-3,260,-3,140,-5" /><INIT seed="4,0,0,4,3,91" ten="202,406,257,135" oya="0" hai0="79,89,1,82,73,32,41,128,80,23,87,84,121" hai1="134,72,33,90,34,96,122,17,3,46,48,92,4" hai2="94,50,63,99,18,26,115,124,14,8,19,29,93" hai3="11,45,12,110,38,105,118,31,6,71,86,111,65"/><T135/><D32/><U22/><E122/><V76/><F115/><W54/><G105/><T113/><D1/><U125/><E72/><V78/><F124/><W69/><G118/><T25/><D121/><U97/><E125/><V64/><F19/><W0/><G31/><T88/><D113/><U52/><E134/><V56/><F50/><W74/><G71/><T53/><D135/><U61/><E96/><V81/><F81/><W36/><G36/><T100/><D100/><U68/><E4/><V35/><REACH who="2" step="1"/><F94/><REACH who="2" ten="202,406,247,135" step="2"/><W70/><G111/><T49/><D128/><U16/><E17/><V117/><F117/><W85/><G110/><T120/><D120/><U37/><E37/><V43/><F43/><W114/><G114/><T106/><D106/><U102/><E102/><AGARI ba="0,1" hai="8,14,18,26,29,35,56,63,64,76,78,93,99,102" machi="102" ten="30,3900,0" yaku="1,1,7,1,52,1,53,0" doraHai="91" doraHaiUra="77" who="2" fromWho="1" sc="202,0,406,-39,247,49,135,0" /><INIT seed="5,0,0,4,3,104" ten="202,367,296,135" oya="1" hai0="76,51,126,1,16,34,20,49,15,135,67,108,50" hai1="100,27,46,24,69,40,129,96,97,35,66,7,62" hai2="29,48,134,106,31,12,130,37,131,14,113,72,52" hai3="75,80,64,57,93,17,18,95,5,120,103,84,33"/><U65/><E129/><N who="2" m="49163" /><F37/><W10/><G120/><T125/><D108/><U74/><E7/><V22/><F106/><W2/><G33/><T83/><D135/><U58/><E74/><V77/><F134/><W127/><G127/><N who="0" m="48651" /><D1/><U112/><E112/><V118/><F118/><W60/><G75/><N who="0" m="43423" /><D34/><U44/><E35/><V42/><F42/><W26/><G26/><T53/><D67/><U86/><E86/><V23/><F113/><W61/><G95/><T63/><D63/><U121/><E121/><V47/><F22/><W117/><G117/><T39/><D39/><U79/><E79/><V41/><F41/><W19/><G61/><T59/><AGARI ba="0,0" hai="15,16,20,49,50,51,53,59" m="43423,48651" machi="59" ten="30,4000,0" yaku="18,1,52,1,54,1" doraHai="104" who="0" fromWho="0" sc="202,40,367,-20,296,-10,135,-10" /><INIT seed="6,0,0,0,4,94" ten="242,347,286,125" oya="2" hai0="115,81,121,92,100,70,123,72,128,124,30,117,109" hai1="40,68,52,119,131,57,47,133,8,22,19,83,86" hai2="90,93,55,65,9,59,27,135,103,45,76,84,87" hai3="14,26,85,118,125,36,2,11,80,88,98,120,12"/><V32/><F135/><W74/><G120/><N who="0" m="46155" /><D70/><U51/><E119/><V62/><F103/><W5/><G118/><T39/><D39/><U0/><E131/><V99/><F9/><W67/><G125/><T130/><D117/><U126/><E126/><V69/><F45/><W134/><G134/><T112/><D124/><U18/><E68/><V60/><REACH who="2" step="1"/><F76/><REACH who="2" ten="242,347,276,125" step="2"/><W28/><G74/><T104/><D128/><U33/><E133/><V77/><F77/><W20/><G36/><T75/><D130/><U38/><E33/><V23/><F23/><W34/><G67/><T127/><D127/><U78/><E22/><V41/><F41/><W42/><G42/><T24/><D75/><U73/><E86/><V113/><F113/><W1/><G1/><T44/><D112/><U101/><E101/><V82/><F82/><W13/><REACH who="3" step="1"/><G98/><REACH who="3" ten="242,347,276,115" step="2"/><T16/><D115/><U116/><E116/><V53/><F53/><W37/><G37/><T111/><D72/><U6/><AGARI ba="0,2" hai="0,6,8,18,19,38,40,47,51,52,57,73,78,83" machi="6" ten="30,7900,0" yaku="0,1,25,2,54,1" doraHai="94" who="1" fromWho="1" sc="242,-20,347,99,276,-39,115,-20" /><INIT seed="7,0,0,2,3,73" ten="222,446,237,95" oya="3" hai0="127,115,97,111,39,3,93,119,94,16,13,132,31" hai1="12,123,37,126,62,27,58,52,100,1,101,125,92" hai2="9,36,68,55,54,104,18,118,51,86,6,56,17" hai3="112,99,8,98,129,50,10,11,109,24,42,38,105"/><W90/><G38/><T103/><D111/><U15/><E1/><V59/><F118/><W40/><G109/><T45/><D3/><U121/><E37/><V48/><F104/><W85/><G129/><T7/><D119/><U131/><E131/><V30/><F36/><W78/><G112/><T116/><D116/><U70/><E70/><V110/><F68/><W91/><G105/><T108/><D108/><U134/><E27/><V69/><F69/><W84/><G24/><T32/><D32/><U61/><E134/><V130/><F130/><W41/><G50/><T20/><D127/><N who="1" m="48651" /><E61/><V67/><F67/><W89/><REACH who="3" step="1"/><G78/><REACH who="3" ten="222,446,237,85" step="2"/><T63/><D115/><U122/><E100/><V72/><F110/><W102/><G102/><T79/><D79/><U4/><E4/><V53/><F51/><W117/><G117/><T106/><D7/><U114/><E114/><V60/><F48/><W77/><G77/><T14/><D132/><U76/><E76/><V21/><F6/><W44/><G44/><T124/><D124/><U5/><E5/><V33/><F72/><W81/><G81/><T133/><D133/><U88/><E101/><V113/><F113/><W25/><G25/><N who="0" m="16807" /><D39/><U71/><E71/><V19/><F59/><W34/><G34/><T47/><D63/><U35/><E35/><V2/><F33/><W29/><G29/><T107/><D107/><U22/><E121/><V82/><F30/><W46/><G46/><N who="0" m="17419" /><D14/><N who="1" m="5163" /><E123/><V66/><F2/><W28/><G28/><T83/><D83/><U65/><E122/><V95/><F82/><W0/><G0/><T80/><D80/><RYUUKYOKU ba="0,1" sc="222,15,446,-15,237,-15,85,15" hai0="13,16,93,94,97,103,106" hai3="8,10,11,40,41,42,84,85,89,90,91,98,99" /><INIT seed="7,1,1,1,2,45" ten="237,431,222,100" oya="3" hai0="18,96,56,4,19,105,111,95,92,69,55,123,33" hai1="80,116,37,114,53,100,101,75,68,63,125,2,13" hai2="7,42,73,119,5,108,66,3,46,59,41,85,70" hai3="87,132,23,34,43,102,51,97,104,130,27,17,74"/><W54/><G132/><T36/><D111/><U52/><E2/><V117/><F108/><W29/><G130/><T88/><D69/><U94/><E37/><V112/><F73/><W12/><G74/><T30/><D36/><U103/><E114/><V11/><F112/><W99/><G87/><T124/><D105/><U20/><E125/><V113/><F113/><W135/><G135/><T82/><D4/><U9/><E20/><V72/><F5/><W31/><G31/><T127/><D82/><U129/><E94/><V60/><F72/><W65/><G65/><T1/><D1/><U115/><E129/><V40/><F46/><W21/><G99/><N who="0" m="57735" /><D33/><U25/><E25/><V64/><F85/><W109/><G109/><T0/><D0/><U38/><E38/><V22/><F22/><W67/><G67/><T121/><D30/><U48/><E116/><V118/><REACH who="2" step="1"/><F66/><REACH who="2" ten="237,431,212,100" step="2"/><W71/><G71/><AGARI ba="1,2" hai="3,7,11,40,41,42,59,60,64,70,71,117,118,119" machi="71" ten="50,3200,0" yaku="1,1,2,1,53,0" doraHai="45" doraHaiUra="128" who="2" fromWho="3" sc="237,0,431,0,212,55,100,-35" owari="237,-16.3,431,53.1,267,6.7,65,-43.5" /></mjloggm>