<mjloggm ver="2.3"><GO type="169" lobby="0"/><UN n0="%E3%81%AF%E3%81%9F%E3%82%86%E3%81%86" n1="%E5%9B%BD%E7%8E%8B" n2="%E5%B1%B1%E6%9C%AC%E6%83%A3%E4%B8%80%E6%9C%97" n3="%E5%8D%93%E4%B8%8A%E3%81%AE%E5%85%AC%E5%8B%99%E5%93%A1" dan="16,16,17,16" rate="2110.30,2179.91,2194.67,2123.64" sx="M,M,M,M"/><TAIKYOKU oya="0"/><INIT seed="0,0,0,0,2,19" ten="250,250,250,250" oya="0" hai0="40,117,3,112,45,97,67,73,50,101,92,134,118" hai1="114,84,26,2,133,64,42,32,58,81,30,126,25" hai2="11,89,69,116,51,71,95,47,22,128,61,87,77" hai3="4,124,46,105,63,102,130,37,107,85,57,123,41"/><T18/><D3/><U7/><E126/><V35/><F35/><W13/><G124/><T108/><D112/><U74/><E133/><V106/><F106/><W38/><G130/><T94/><D73/><U132/><E132/><V83/><F128/><W0/><G0/><T88/><D134/><U122/><E74/><V99/><F116/><W52/><G123/><T79/><D79/><U131/><E131/><V33/><F33/><W27/><G37/><T14/><D67/><U80/><E122/><V129/><F129/><W65/><G85/><T1/><D1/><U8/><E114/><V34/><F34/><W93/><G27/><T75/><D75/><U31/><E42/><V59/><F11/><W82/><G82/><T110/><D118/><U72/><E72/><V55/><REACH who="2" step="1"/><F22/><REACH who="2" ten="250,250,240,250" step="2"/><W115/><G115/><T53/><D117/><U49/><E32/><V113/><F113/><W54/><G107/><T10/><REACH who="0" step="1"/><D40/><AGARI ba="0,1" hai="40,47,51,55,59,61,69,71,77,83,87,89,95,99" machi="40" ten="30,3900,0" yaku="1,1,7,1,53,1" doraHai="19" doraHaiUra="86" who="2" fromWho="0" sc="250,-39,250,0,240,49,250,0" /><INIT seed="1,0,0,5,0,19" ten="211,250,289,250" oya="1" hai0="87,11,8,82,33,55,71,3,101,29,126,85,120" hai1="10,78,105,98,109,52,39,66,121,37,119,89,123" hai2="59,12,96,107,31,111,0,30,108,94,104,79,97" hai3="118,27,99,53,57,63,38,22,45,5,2,72,116"/><U74/><E119/><N who="3" m="45610" /><G72/><T100/><D120/><U103/><E66/><V42/><F0/><W77/><G77/><T106/><D126/><U95/><E109/><N who="2" m="42059" /><F79/><W43/><G99/><N who="2" m="37961" /><F94/><W6/><G2/><T68/><D106/><N who="2" m="40490" /><F42/><W54/><G53/><T25/><D55/><U133/><E10/><V114/><F114/><W88/><G88/><T47/><D47/><U1/><E1/><V115/><F115/><W75/><G75/><T73/><D73/><U41/><E41/><V7/><F59/><W48/><G38/><T44/><D44/><U62/><E37/><V69/><F69/><W76/><G76/><T21/><D33/><U34/><E34/><V132/><F132/><W84/><G84/><T13/><D71/><U65/><E39/><V51/><F51/><W26/><G26/><T83/><D68/><N who="1" m="42039" /><E133/><V92/><F92/><W125/><G125/><T64/><D64/><U4/><E52/><V36/><F36/><W61/><G63/><T129/><D3/><U15/><E78/><V124/><F124/><W113/><G113/><T127/><D127/><U40/><E40/><V58/><F58/><W122/><G122/><N who="1" m="46602" /><E74/><V128/><F128/><W56/><G57/><T28/><D129/><U16/><E105/><V86/><F86/><W35/><G35/><T18/><D85/><U91/><E4/><V130/><F130/><W90/><G90/><T81/><D87/><U49/><E49/><V135/><F135/><W110/><G110/><T32/><D32/><U102/><E91/><V14/><F7/><W131/><G131/><T20/><D8/><N who="1" m="6247" /><E89/><V80/><F80/><RYUUKYOKU ba="0,0" sc="211,0,250,0,289,0,250,0" hai0="11,13,18,20,21,25,28,29,81,82,83,100,101" hai1="95,98,102,103" hai2="12,14,30,31" hai3="5,6,22,27,43,45,48,54,56,61" /><INIT seed="1,1,0,0,4,95" ten="211,250,289,250" oya="1" hai0="135,83,99,30,78,47,8,110,52,131,60,14,126" hai1="5,67,70,43,37,111,84,128,76,97,112,114,7" hai2="25,73,80,107,119,49,63,1,59,129,40,28,22" hai3="20,62,87,69,58,72,29,127,4,50,113,36,122"/><U81/><E128/><V75/><F119/><W103/><G4/><T38/><D131/><U15/><E111/><V108/><F129/><W41/><G72/><T120/><D110/><U48/><E37/><V57/><F108/><W24/><G113/><T132/><D30/><U31/><E31/><V17/><F1/><W61/><G127/><T118/><D118/><U13/><E67/><V23/><F107/><W42/><G122/><T27/><D27/><U0/><E70/><V32/><F32/><W88/><G36/><T93/><D126/><U82/><E0/><V55/><F80/><W64/><G103/><T124/><D38/><U44/><E82/><V10/><F10/><W96/><G50/><T94/><D94/><U92/><E15/><V90/><F90/><W51/><G51/><T133/><D120/><U79/><E79/><V68/><F68/><W104/><G104/><T66/><D66/><U121/><E121/><V91/><F91/><W35/><G35/><T6/><D124/><U101/><E5/><V116/><F40/><W39/><G39/><T3/><D3/><U9/><AGARI ba="1,0" hai="7,9,13,43,44,48,76,81,84,92,97,101,112,114" machi="9" ten="30,11700,0" yaku="0,1,25,2,52,1" doraHai="95" who="1" fromWho="1" sc="211,-40,250,120,289,-40,250,-40" /><INIT seed="1,2,0,4,3,16" ten="171,370,249,210" oya="1" hai0="114,26,135,44,91,92,17,115,67,84,118,111,132" hai1="83,117,31,59,125,58,79,112,78,15,45,133,42" hai2="105,126,3,128,6,106,30,75,28,12,124,54,131" hai3="81,98,21,51,74,61,29,107,96,103,36,10,134"/><U2/><E117/><V122/><F75/><W93/><G36/><T77/><D118/><U40/><E2/><V99/><F54/><W89/><G134/><N who="0" m="51243" /><D111/><U23/><E133/><V97/><F12/><W41/><G10/><T66/><D77/><U57/><E125/><N who="2" m="48235" /><F6/><W38/><G38/><T95/><D95/><U87/><E112/><N who="0" m="43049" /><D44/><U53/><E79/><V63/><F63/><W73/><G81/><T64/><D17/><N who="1" m="10687" /><E31/><N who="2" m="11819" /><F3/><W20/><G29/><T108/><D108/><U102/><E102/><V4/><F4/><W68/><G51/><AGARI ba="2,0" hai="40,42,45,51,53,57,58,59,78,83,87" m="10687" machi="51" ten="30,2900,0" yaku="8,1,52,1" doraHai="16" who="1" fromWho="3" sc="171,0,370,35,249,0,210,-35" /><INIT seed="1,3,0,5,4,72" ten="171,405,249,175" oya="1" hai0="88,129,103,15,122,105,66,37,115,123,18,80,106" hai1="99,84,131,86,30,50,26,79,94,25,133,10,11" hai2="125,39,46,90,20,121,45,68,78,132,35,58,97" hai3="118,51,52,126,109,13,62,34,5,47,111,71,54"/><U53/><E131/><V134/><F35/><W95/><G34/><T104/><D115/><U22/><E133/><N who="2" m="51307" /><F68/><W110/><G95/><T0/><D0/><U101/><E26/><V75/><F121/><N who="0" m="46090" /><D37/><U33/><E33/><V69/><F69/><W87/><G87/><N who="0" m="50279" /><D66/><U70/><E70/><V77/><F125/><W8/><G126/><T27/><D27/><U41/><E41/><N who="2" m="22719" /><F75/><W74/><G74/><T48/><D48/><U32/><E32/><V14/><F46/><W130/><G130/><T61/><D61/><U102/><E102/><V6/><F58/><N who="3" m="35143" /><G71/><T2/><D2/><U4/><E4/><V19/><F6/><W127/><G127/><T120/><N who="0" m="46098" /><T21/><DORA hai="29" /><D129/><U93/><E86/><V81/><F81/><W91/><G91/><T44/><D44/><N who="1" m="27847" /><E94/><AGARI ba="3,0" hai="14,19,20,77,78,90,94,97" m="22719,51307" machi="94" ten="30,3900,0" yaku="20,1,52,2" doraHai="72,29" who="2" fromWho="1" sc="171,0,405,-48,249,48,175,0" /><INIT seed="2,0,0,5,1,11" ten="171,357,297,175" oya="2" hai0="57,44,114,55,64,118,25,51,111,121,23,8,123" hai1="91,133,9,43,100,125,85,108,124,103,127,116,132" hai2="53,19,62,33,63,128,66,75,98,35,13,4,40" hai3="32,134,96,90,84,89,110,59,24,65,70,30,50"/><V34/><F128/><W20/><G110/><T49/><D111/><U47/><E116/><V45/><F75/><W39/><G134/><N who="1" m="51818" /><E9/><V3/><F98/><W82/><G39/><T27/><D114/><U15/><E15/><V78/><F78/><W5/><G70/><T109/><D109/><U92/><E108/><V83/><F83/><W16/><G5/><T61/><D118/><U56/><E56/><V76/><F76/><W18/><G32/><T26/><D123/><U38/><AGARI ba="0,0" hai="38,43,47,85,91,92,100,103,124,125,127" m="51818" machi="38" ten="40,2700,0" yaku="18,1,20,1" doraHai="11" who="1" fromWho="1" sc="171,-7,357,27,297,-13,175,-7" /><INIT seed="3,0,0,5,0,89" ten="164,384,284,168" oya="3" hai0="84,79,0,95,70,15,7,68,109,40,80,63,75" hai1="32,114,4,135,77,97,39,51,121,133,72,53,50" hai2="23,71,96,31,13,113,116,104,93,131,48,92,41" hai3="22,57,55,128,6,19,8,123,20,65,60,90,25"/><W127/><G127/><T37/><D109/><U3/><E39/><V110/><F71/><W76/><G128/><T35/><D35/><U58/><E121/><V69/><F69/><W85/><G123/><T38/><D70/><U119/><E119/><V61/><F116/><W59/><G76/><T125/><D125/><U17/><E32/><V1/><F1/><W105/><G105/><T124/><D124/><U45/><E114/><V83/><F113/><W94/><G22/><T99/><D0/><U122/><E17/><N who="2" m="10671" /><F104/><W86/><G86/><T21/><D75/><U10/><E122/><V27/><F110/><W9/><REACH who="3" step="1"/><G6/><REACH who="3" ten="164,384,284,158" step="2"/><T91/><D7/><U33/><E33/><V115/><F131/><W67/><G67/><T12/><D79/><U29/><E77/><V78/><F115/><W47/><G47/><T36/><D84/><U14/><E72/><V64/><F64/><W5/><G5/><T106/><D106/><U49/><E45/><V103/><F78/><W73/><G73/><T88/><D80/><U81/><E81/><V112/><F83/><W129/><G129/><T126/><D126/><U43/><E3/><V18/><F112/><W108/><G108/><T24/><D21/><U11/><E4/><V2/><F2/><W134/><G134/><T26/><D99/><U118/><E97/><V101/><F96/><W107/><G107/><T117/><D117/><U87/><E118/><V130/><F130/><W100/><G100/><T54/><D37/><U34/><E135/><V42/><F103/><W111/><G111/><T120/><D120/><U56/><E133/><RYUUKYOKU ba="0,1" sc="164,-10,384,-10,284,-10,158,30" hai3="8,9,19,20,25,55,57,59,60,65,85,90,94" /><INIT seed="3,1,1,1,1,104" ten="154,374,274,188" oya="3" hai0="26,51,123,113,21,19,48,128,127,23,91,49,57" hai1="13,133,92,69,42,131,11,79,2,61,68,55,0" hai2="32,120,45,109,29,126,59,106,89,82,53,8,85" hai3="41,84,99,9,125,103,38,34,17,40,37,64,5"/><W67/><G17/><T73/><D123/><U56/><E131/><V112/><F106/><W18/><G18/><T107/><D128/><U87/><E133/><V95/><F112/><W83/><G34/><T101/><D113/><U4/><E69/><V96/><F109/><W75/><G125/><T24/><D127/><U71/><E68/><V1/><F126/><W97/><G75/><T39/><D39/><U132/><E132/><V66/><F66/><W46/><G97/><T44/><D73/><U63/><E71/><V115/><F115/><W27/><G27/><T74/><D74/><U70/><E70/><V16/><F45/><W47/><G9/><T22/><D57/><U77/><E63/><V117/><F117/><W93/><REACH who="3" step="1"/><G5/><REACH who="3" ten="154,374,274,178" step="2"/><T43/><D19/><U12/><E11/><V98/><F32/><W33/><G33/><T94/><D26/><U110/><E4/><V35/><F35/><W10/><G10/><T78/><D24/><U28/><E28/><V114/><F29/><W116/><G116/><T88/><D21/><U121/><E121/><V124/><F120/><W86/><G86/><T118/><D22/><U105/><E87/><V134/><F85/><W58/><G58/><T72/><D23/><U76/><E56/><V122/><F59/><W130/><G130/><T135/><D118/><U36/><E110/><V60/><F124/><W14/><G14/><T108/><D108/><U20/><E13/><V90/><F16/><W65/><G65/><T3/><D72/><U6/><E12/><V54/><F98/><W52/><G52/><T129/><D129/><RYUUKYOKU ba="1,2" sc="154,-10,374,-10,274,-10,178,30" hai3="37,38,40,41,46,47,64,67,83,84,93,99,103" /><INIT seed="3,2,2,0,4,97" ten="144,364,264,208" oya="3" hai0="86,102,1,41,98,110,117,26,56,9,130,84,21" hai1="118,90,91,58,112,85,103,71,89,30,2,119,131" hai2="124,74,6,63,78,106,17,70,114,54,32,122,51" hai3="39,100,8,75,120,19,12,77,125,15,73,115,92"/><W35/><G39/><T116/><D130/><U80/><E71/><V66/><F114/><W3/><G3/><T0/><D110/><U45/><E2/><V46/><F106/><W5/><G120/><T14/><D1/><U40/><E112/><V53/><F32/><W59/><G35/><T25/><D0/><U48/><E131/><V132/><F122/><W67/><G125/><T88/><D84/><U87/><E30/><V38/><F6/><W61/><G115/><T105/><D56/><U94/><E58/><V23/><F124/><W109/><G109/><T72/><D41/><U123/><E123/><V20/><F132/><W16/><G5/><T83/><D72/><U101/><REACH who="1" step="1"/><E91/><REACH who="1" ten="144,354,264,208" step="2"/><V69/><F69/><W4/><G4/><T60/><D60/><U36/><E36/><V52/><F70/><W27/><G27/><T76/><D25/><U55/><E55/><V104/><F54/><W133/><G133/><T95/><D26/><U50/><E50/><V64/><F53/><W93/><G77/><T22/><D117/><AGARI ba="2,3" hai="40,45,48,80,85,87,89,90,94,101,103,117,118,119" machi="117" ten="40,8000,1" yaku="1,1,12,1,52,2,53,0" doraHai="97" doraHaiUra="7" who="1" fromWho="0" sc="144,-86,354,116,264,0,208,0" /><INIT seed="4,0,0,5,3,98" ten="58,470,264,208" oya="0" hai0="30,89,112,53,43,22,52,69,17,76,110,31,19" hai1="32,59,90,81,121,4,118,103,41,91,83,20,129" hai2="23,26,64,124,120,11,6,63,62,111,34,95,50" hai3="106,38,107,45,33,51,27,37,125,113,42,77,88"/><T13/><D69/><U131/><E32/><V94/><F111/><W122/><G77/><T14/><D110/><U28/><E118/><V85/><F34/><W101/><G33/><T5/><D112/><U48/><E4/><V134/><F120/><W109/><G109/><T8/><D43/><U93/><E121/><V108/><F108/><W10/><G106/><T68/><D68/><U70/><E70/><V61/><F124/><W55/><G27/><T130/><D130/><N who="1" m="49675" /><E103/><V84/><F134/><W49/><G122/><T82/><D89/><N who="1" m="33803" /><E93/><N who="2" m="35339" /><F64/><W56/><G88/><T16/><D14/><U3/><E3/><V104/><F104/><W132/><G125/><T2/><D2/><U66/><E41/><V117/><F117/><W86/><G86/><N who="2" m="33385" /><F50/><W29/><G132/><T44/><D44/><U128/><E128/><V87/><F87/><W115/><G37/><T105/><D105/><U74/><E74/><V72/><F72/><W18/><G38/><T54/><REACH who="0" step="1"/><D22/><REACH who="0" ten="48,470,264,208" step="2"/><U126/><E126/><V25/><F23/><W0/><G0/><T119/><D119/><U102/><E20/><V60/><N who="2" m="15360" /><DORA hai="47" /><V36/><F36/><W75/><G107/><T24/><D24/><N who="2" m="9322" /><F11/><W46/><G10/><T96/><D96/><U35/><E35/><V73/><F6/><W133/><G115/><T135/><D135/><U7/><E7/><V9/><F9/><W21/><G113/><T97/><D97/><U12/><E12/><V99/><F99/><W71/><G133/><T80/><D80/><U57/><E81/><V67/><F67/><W78/><G21/><T79/><D79/><RYUUKYOKU ba="0,1" sc="48,15,470,-15,264,15,208,-15" hai0="5,8,13,16,17,19,30,31,52,53,54,76,82" hai2="73" /><INIT seed="4,1,1,2,4,57" ten="63,455,279,193" oya="0" hai0="36,45,38,53,79,22,135,6,94,54,121,69,28" hai1="16,26,61,73,8,18,86,102,34,37,101,39,133" hai2="42,44,59,71,113,33,130,132,68,70,98,55,106" hai3="0,112,21,123,30,115,62,29,27,5,87,103,74"/><T114/><D121/><U50/><E73/><V134/><F33/><W91/><G74/><T127/><D6/><U109/><E109/><V46/><F106/><W128/><G103/><T117/><D117/><U24/><E133/><N who="2" m="51307" /><F98/><W60/><G128/><T89/><D135/><U20/><E50/><N who="2" m="31223" /><F130/><W120/><G5/><T1/><D1/><U95/><E61/><N who="3" m="23658" /><G30/><T4/><D4/><U17/><E34/><V58/><F113/><N who="3" m="43595" /><G0/><T83/><D69/><U122/><E122/><V15/><F15/><W97/><G97/><T96/><D127/><U93/><E8/><V105/><F105/><W12/><G12/><T40/><D38/><U88/><E26/><V14/><F14/><W81/><AGARI ba="1,1" hai="21,27,29,81,87,91,120,123" m="43595,23658" machi="81" ten="30,7900,0" yaku="15,1,52,3" doraHai="57" who="3" fromWho="3" sc="63,-40,455,-21,279,-21,193,92" /><INIT seed="5,0,0,1,2,54" ten="23,434,258,285" oya="1" hai0="102,115,98,87,97,101,72,91,68,121,22,62,6" hai1="17,14,47,118,16,35,8,99,73,26,63,58,114" hai2="90,2,32,85,69,61,75,36,27,0,19,10,5" hai3="96,11,20,39,45,24,74,67,43,132,119,60,129"/><U34/><E118/><V130/><F75/><W82/><G129/><T1/><D121/><U48/><E73/><V28/><F130/><W112/><G112/><T33/><D33/><U93/><E114/><V25/><F36/><W120/><G120/><T124/><D115/><U76/><E76/><V18/><F0/><W79/><G132/><T57/><D68/><U110/><E110/><V37/><F37/><W64/><G96/><T29/><D72/><U131/><E131/><V107/><F107/><W30/><G119/><T113/><D124/><U89/><E26/><V56/><F27/><W40/><G40/><T38/><D38/><U65/><REACH who="1" step="1"/><E17/><REACH who="1" ten="23,424,258,285" step="2"/><V122/><F122/><W55/><G79/><T50/><D113/><U12/><E12/><V135/><F135/><W128/><G74/><T49/><D1/><U134/><E134/><V123/><F123/><W51/><G128/><T78/><D78/><U84/><E84/><V108/><F108/><W44/><G24/><T52/><D6/><U106/><E106/><V71/><F19/><W117/><G117/><T70/><D70/><U104/><E104/><V15/><F18/><W21/><G30/><T53/><D29/><U66/><E66/><V81/><F2/><W109/><G64/><AGARI ba="0,1" hai="5,10,15,25,28,32,56,61,64,69,71,81,85,90" machi="64" ten="30,2000,0" yaku="7,1,52,1" doraHai="54" who="2" fromWho="3" sc="23,0,424,0,258,30,285,-20" /><INIT seed="6,0,0,5,3,39" ten="23,424,288,265" oya="2" hai0="58,64,1,130,134,69,70,6,28,86,103,30,81" hai1="129,115,78,44,96,14,102,108,73,82,80,51,76" hai2="32,125,47,105,55,10,62,38,60,116,65,48,121" hai3="53,114,93,106,117,100,101,79,22,97,92,88,72"/><V12/><F105/><W107/><G117/><T84/><D130/><U34/><E108/><V27/><F116/><W75/><G53/><T57/><D134/><U127/><E34/><V67/><F121/><W35/><G35/><T4/><D103/><N who="3" m="39497" /><G22/><T133/><D133/><U33/><E115/><V25/><F125/><W122/><G122/><T19/><D81/><U89/><E33/><V23/><F32/><W50/><G50/><T21/><D21/><U49/><E127/><V52/><F38/><W104/><G114/><T61/><D61/><U8/><E89/><V95/><F95/><N who="3" m="56551" /><G79/><T118/><D19/><U5/><E129/><V31/><F25/><W11/><G11/><T99/><D99/><U124/><E44/><V123/><F123/><W15/><G15/><T85/><D85/><U45/><E45/><V63/><REACH who="2" step="1"/><F55/><REACH who="2" ten="23,424,278,265" step="2"/><W2/><G2/><T135/><D135/><U37/><E37/><V128/><F128/><W109/><G109/><T17/><D1/><U132/><E124/><V74/><F74/><AGARI ba="0,1" hai="72,74,75,92,93,104,106,107" m="56551,39497" machi="74" ten="40,12000,2" yaku="35,5,54,1" doraHai="39" who="3" fromWho="2" sc="23,0,424,0,278,-120,265,130" /><INIT seed="7,0,0,5,5,67" ten="23,424,158,395" oya="3" hai0="64,41,33,28,108,49,61,52,110,43,79,95,96" hai1="69,112,58,15,98,46,30,119,123,54,59,22,118" hai2="102,86,35,24,97,125,82,83,53,21,56,107,7" hai3="51,91,11,100,4,111,9,99,105,106,104,71,5"/><W3/><G111/><T127/><D127/><U38/><E69/><V6/><F35/><W72/><G72/><T10/><D79/><U18/><E112/><V36/><F36/><W45/><G71/><T37/><D37/><U103/><E123/><V114/><F125/><W66/><G66/><T13/><D33/><U77/><E77/><V109/><F83/><W17/><G17/><T115/><D28/><U74/><E30/><V101/><F101/><W88/><G104/><T120/><D120/><U130/><E74/><V50/><F114/><W63/><G63/><T19/><D115/><U44/><E58/><V65/><F65/><W80/><G80/><T2/><D2/><U14/><E14/><V87/><F87/><W92/><G106/><T134/><D134/><U133/><E130/><V20/><F20/><W68/><G68/><T85/><D85/><U117/><E38/><V132/><F109/><W25/><G25/><T90/><D110/><U29/><E29/><V113/><F132/><W78/><G78/><T89/><D89/><U116/><E133/><V131/><F131/><W39/><G39/><T84/><D96/><U0/><E0/><V94/><F107/><W27/><G27/><T26/><D26/><U62/><E118/><V76/><F113/><W12/><G105/><AGARI ba="0,0" hai="15,18,22,44,46,54,59,62,98,103,105,116,117,119" machi="105" ten="40,1300,0" yaku="12,1" doraHai="67" who="1" fromWho="3" sc="23,0,424,13,158,0,395,-13" owari="23,-47.7,437,53.7,158,-24.2,382,18.2" /></mjloggm>