<mjloggm ver="2.3"><GO type="169" lobby="0"/><UN n0="%E3%83%A1%E3%82%AB%E3%82%BC%E3%83%83%E3%83%88%E3%83%B3" n1="%E3%81%A1%E3%81%AA%E3%81%A4" n2="%41%6C%6C%2D%4C%75%63%6B" n3="%E4%B9%9D%E7%B4%8B%E9%BE%8D%E5%8F%B2%E9%80%B2" dan="17,17,16,19" rate="2178.54,2171.38,2143.09,2290.56" sx="M,M,M,M"/><TAIKYOKU oya="0"/><INIT seed="0,0,0,5,5,27" ten="250,250,250,250" oya="0" hai0="64,41,78,38,58,21,70,63,93,75,52,128,117" hai1="95,94,120,87,56,37,48,106,74,61,17,96,51" hai2="84,1,113,50,83,25,31,16,98,103,18,107,43" hai3="133,49,119,125,3,53,47,40,115,116,36,39,67"/><T81/><D117/><N who="3" m="45129" /><G3/><T101/><D128/><U46/><E74/><V59/><F1/><W62/><G115/><T114/><D114/><U14/><E120/><V55/><F43/><W24/><G24/><T15/><D101/><U100/><E37/><N who="3" m="14410" /><G133/><T99/><D99/><U134/><E134/><V82/><F113/><W33/><G33/><T2/><D93/><U97/><E87/><V90/><REACH who="2" step="1"/><F82/><REACH who="2" ten="250,250,240,250" step="2"/><W11/><G125/><T105/><D2/><U44/><E106/><V71/><F71/><N who="3" m="42487" /><G11/><T0/><D0/><U60/><E44/><V135/><F135/><W104/><G104/><T54/><D105/><U42/><E48/><V26/><F26/><W77/><G77/><T86/><D38/><U9/><REACH who="1" step="1"/><E56/><REACH who="1" ten="250,240,240,250" step="2"/><V35/><AGARI ba="0,2" hai="16,18,25,31,35,50,55,59,83,84,90,98,103,107" machi="35" ten="20,8000,1" yaku="1,1,0,1,7,1,52,1,54,1,53,0" doraHai="27" doraHaiUra="72" who="2" fromWho="2" sc="250,-40,240,-20,240,100,250,-20" /><INIT seed="1,0,0,2,4,80" ten="210,220,340,230" oya="1" hai0="67,8,63,97,25,46,17,27,91,112,43,114,10" hai1="98,58,88,7,127,60,111,33,100,44,89,116,90" hai2="130,124,54,56,75,36,38,34,29,11,77,68,50" hai3="94,20,72,119,92,115,132,95,42,32,83,4,2"/><U129/><E116/><V133/><F68/><W84/><G32/><T15/><D8/><U12/><E33/><V102/><F102/><W37/><G115/><T79/><D79/><U49/><E129/><V120/><F120/><W105/><G105/><T121/><D121/><U9/><E127/><V101/><F101/><W104/><G104/><T47/><D47/><U5/><E111/><V62/><F130/><W110/><G110/><T26/><D97/><U6/><E98/><V85/><F133/><W39/><G72/><T3/><D91/><U64/><REACH who="1" step="1"/><E100/><REACH who="1" ten="210,210,340,230" step="2"/><V74/><F124/><W125/><G119/><T122/><D122/><U28/><E28/><V82/><F29/><W40/><G125/><T108/><D108/><U21/><E21/><V52/><F34/><W45/><G20/><T109/><D109/><U30/><E30/><V87/><F11/><W103/><G103/><T81/><D114/><U53/><AGARI ba="0,1" hai="5,6,7,9,12,44,49,53,58,60,64,88,89,90" machi="53" ten="30,11700,0" yaku="1,1,0,1,8,1,54,1,53,0" doraHai="80" doraHaiUra="113" who="1" fromWho="1" sc="210,-39,210,127,340,-39,230,-39" /><INIT seed="1,1,0,0,5,37" ten="171,337,301,191" oya="1" hai0="73,78,107,84,112,93,48,99,131,59,53,79,14" hai1="66,38,52,4,116,25,124,104,85,1,13,135,8" hai2="129,71,42,28,94,15,117,64,63,88,91,105,102" hai3="11,44,43,76,12,70,18,114,87,98,113,68,35"/><U103/><E116/><V132/><F132/><W31/><G35/><T36/><D112/><U47/><E135/><V6/><F129/><W133/><G133/><T92/><D131/><U10/><E124/><V109/><F109/><W32/><G32/><T24/><D73/><U127/><E127/><V60/><F105/><W33/><G33/><T130/><D36/><U27/><E66/><V41/><F28/><W121/><G31/><T61/><D107/><U23/><E85/><V7/><F117/><W120/><G98/><T122/><D24/><U83/><E83/><V128/><F102/><W39/><G114/><T86/><D122/><U108/><E108/><V67/><F128/><W74/><G74/><T100/><D130/><U29/><E27/><V16/><F91/><W123/><REACH who="3" step="1"/><G113/><REACH who="3" ten="171,337,301,181" step="2"/><T22/><D84/><U80/><E104/><V34/><F34/><W40/><G40/><T119/><D119/><U134/><E103/><V55/><F55/><W5/><G5/><T72/><D72/><U97/><E97/><V90/><F6/><W9/><G9/><T95/><D86/><U50/><E10/><V65/><F7/><W46/><G46/><N who="0" m="27799" /><D99/><U81/><E134/><V110/><F110/><W115/><G115/><T3/><D100/><U126/><E126/><V57/><F90/><W62/><G62/><T26/><D61/><U45/><REACH who="1" step="1"/><E1/><REACH who="1" ten="171,327,301,181" step="2"/><V17/><F67/><W82/><AGARI ba="1,2" hai="11,12,18,39,43,44,68,70,76,82,87,120,121,123" machi="82" ten="40,5200,0" yaku="1,1,0,1,52,1,53,0" doraHai="37" doraHaiUra="96" who="3" fromWho="3" sc="171,-14,327,-27,301,-14,181,75" /><INIT seed="2,0,0,3,2,8" ten="157,300,287,256" oya="2" hai0="104,111,132,112,71,57,37,79,20,123,49,130,78" hai1="133,97,113,23,110,9,134,94,83,19,21,119,108" hai2="106,82,92,53,6,34,55,129,127,77,68,43,131" hai3="65,105,73,87,12,46,3,95,29,89,69,128,114"/><V30/><F106/><W107/><G3/><T84/><D37/><U115/><E83/><V40/><F68/><W101/><G73/><T58/><D104/><U81/><E81/><V86/><F6/><W7/><G128/><N who="2" m="49225" /><F127/><W39/><G29/><T5/><D5/><U122/><E119/><V54/><F92/><W33/><G33/><T50/><D71/><U125/><E125/><V72/><F72/><W66/><G114/><T124/><D112/><U135/><E122/><V59/><F59/><W102/><G105/><T38/><D38/><U61/><E61/><V85/><F85/><W28/><G28/><T100/><D84/><U48/><E48/><V120/><F120/><W64/><G69/><T96/><D49/><U118/><E118/><V70/><F70/><W11/><REACH who="3" step="1"/><G107/><REACH who="3" ten="157,300,287,246" step="2"/><T2/><D130/><U17/><E115/><V74/><F74/><W47/><G47/><T93/><D124/><U41/><E113/><V60/><F60/><W13/><G13/><T16/><D2/><U0/><E133/><V4/><F4/><W26/><G26/><AGARI ba="0,1" hai="26,30,34,40,43,53,54,55,77,82,86" m="49225" machi="26" ten="30,1500,0" yaku="19,1" doraHai="8" who="2" fromWho="3" sc="157,0,300,0,287,25,246,-15" /><INIT seed="2,1,0,1,2,41" ten="157,300,312,231" oya="2" hai0="103,61,25,14,26,131,50,15,13,91,94,23,126" hai1="83,12,52,29,63,3,118,11,117,65,69,33,128" hai2="47,56,31,87,112,16,22,88,130,36,1,48,8" hai3="76,81,125,38,73,129,105,46,64,102,109,28,124"/><V113/><F130/><W119/><G119/><T106/><D131/><U51/><E3/><V49/><F36/><W18/><G129/><T6/><D126/><U96/><E128/><V20/><F1/><W78/><G109/><T108/><D108/><U21/><E33/><V34/><F34/><W134/><G134/><T58/><D106/><U54/><E54/><N who="2" m="31815" /><F112/><W72/><G28/><T82/><D26/><U37/><E37/><V111/><F113/><W0/><G18/><T97/><D50/><U17/><E96/><V123/><F31/><W57/><G0/><T35/><D35/><U132/><E132/><V42/><F123/><W39/><G102/><T107/><D107/><U98/><E98/><V44/><F44/><W99/><G99/><T95/><D82/><U9/><E83/><N who="2" m="49279" /><F111/><W45/><G81/><T5/><D95/><U90/><E90/><V120/><F120/><W66/><G105/><T100/><D100/><U71/><E71/><V116/><F116/><W80/><G80/><T133/><D133/><U59/><E117/><V92/><F92/><W122/><G57/><T121/><D121/><AGARI ba="1,0" hai="38,39,45,46,64,66,72,73,76,78,121,122,124,125" machi="121" ten="25,6400,0" yaku="22,2,52,2" doraHai="41" who="3" fromWho="0" sc="157,-67,300,0,312,0,231,67" /><INIT seed="3,0,0,0,4,70" ten="90,300,312,298" oya="3" hai0="66,67,16,123,117,36,96,85,57,61,90,113,114" hai1="25,92,0,35,48,1,108,39,128,77,122,45,47" hai2="88,134,119,120,84,55,5,133,63,127,126,73,124" hai3="100,9,33,41,89,121,3,102,42,91,31,14,118"/><W56/><G118/><T60/><D96/><U37/><E122/><V69/><F5/><W81/><G3/><T104/><D104/><U107/><E107/><V54/><F119/><W87/><G121/><T11/><D123/><U15/><E77/><V130/><F73/><W93/><G33/><T12/><D117/><U105/><E105/><V4/><F4/><W24/><G56/><T83/><REACH who="0" step="1"/><D36/><REACH who="0" ten="80,300,312,298" step="2"/><U23/><E108/><V103/><F120/><W34/><G102/><T27/><D27/><U112/><E112/><V110/><F103/><W111/><G100/><T98/><D98/><U53/><E128/><V26/><F110/><W29/><G111/><T22/><D22/><U99/><E35/><V52/><F26/><W80/><G29/><T8/><D8/><U95/><E99/><V74/><F130/><W97/><REACH who="3" step="1"/><G81/><REACH who="3" ten="80,300,312,288" step="2"/><T21/><D21/><U38/><E0/><V125/><F125/><W71/><G71/><AGARI ba="0,2" hai="11,12,16,57,60,61,66,67,71,83,85,90,113,114" machi="71" ten="40,2600,0" yaku="1,1,54,1,53,0" doraHai="70" doraHaiUra="40" who="0" fromWho="3" sc="80,46,300,0,312,0,288,-26" /><INIT seed="4,0,0,5,1,92" ten="126,300,312,262" oya="0" hai0="135,100,72,2,18,74,73,132,128,39,106,113,111" hai1="118,44,126,43,65,8,56,109,22,49,60,54,62" hai2="112,0,94,97,75,37,32,63,81,83,115,85,55" hai3="10,103,89,7,99,119,86,61,21,30,13,17,1"/><T24/><D2/><U45/><E118/><V9/><F37/><W29/><G119/><T70/><D70/><U53/><E109/><V134/><F32/><W3/><G3/><T4/><D4/><U38/><E8/><V108/><F108/><W117/><G117/><T67/><D67/><U20/><E126/><V25/><F134/><N who="0" m="51242" /><D39/><U82/><REACH who="1" step="1"/><E82/><REACH who="1" ten="126,290,312,262" step="2"/><V15/><F81/><W90/><G61/><T42/><D111/><U116/><E116/><V33/><F63/><W34/><G34/><T122/><D122/><U96/><E96/><V35/><F33/><W51/><G51/><T68/><D128/><U27/><E27/><V47/><F25/><W58/><G58/><AGARI ba="0,1" hai="20,22,38,43,44,45,49,53,54,56,58,60,62,65" machi="58" ten="30,2000,0" yaku="1,1,7,1,53,0" doraHai="92" doraHaiUra="6" who="1" fromWho="3" sc="126,0,290,30,312,0,262,-20" /><INIT seed="5,0,0,0,3,133" ten="126,320,312,242" oya="1" hai0="106,62,120,110,70,19,67,134,0,126,125,25,38" hai1="123,24,28,44,124,109,29,13,101,85,119,61,4" hai2="73,84,49,12,102,41,48,47,33,83,34,132,1" hai3="63,6,59,27,108,40,42,97,92,104,55,60,22"/><U9/><E119/><V21/><F1/><W16/><G108/><T66/><D110/><U11/><E123/><V65/><F73/><W53/><G104/><T57/><D106/><U129/><E109/><V74/><F74/><W89/><G6/><T113/><D0/><U15/><E101/><V128/><F128/><W36/><G36/><T112/><D19/><U105/><E105/><V82/><F102/><W121/><G121/><T80/><D25/><U50/><E129/><V17/><F65/><W45/><G63/><N who="0" m="40287" /><D80/><U88/><E61/><V90/><F132/><W32/><G32/><T99/><D99/><U86/><E86/><V111/><F111/><W115/><G115/><N who="0" m="44107" /><D120/><U3/><E124/><N who="0" m="47721" /><D38/><U100/><E100/><V117/><F117/><W127/><G127/><T96/><D96/><U93/><E24/><V10/><F34/><W107/><G107/><T87/><D87/><U35/><E35/><V75/><F33/><W39/><G39/><T91/><D91/><U56/><E3/><V118/><F118/><W43/><REACH who="3" step="1"/><G45/><REACH who="3" ten="126,320,312,232" step="2"/><T46/><D134/><U114/><E114/><V94/><F47/><AGARI ba="0,1" hai="46,47,57,62,67" m="47721,44107,40287" machi="47" ten="30,12000,2" yaku="15,1,18,1,34,2,52,3" doraHai="133" who="0" fromWho="2" sc="126,130,320,0,312,-120,232,0" /><INIT seed="6,0,0,0,2,63" ten="256,320,192,232" oya="2" hai0="52,88,89,103,34,82,127,4,118,12,85,32,72" hai1="45,100,95,128,107,44,17,77,80,75,101,113,14" hai2="64,97,87,5,83,31,41,96,13,58,69,51,110" hai3="21,98,133,109,60,47,79,102,90,2,70,0,11"/><V93/><F69/><W61/><G109/><T126/><D72/><U114/><E107/><V121/><F121/><W99/><G133/><T8/><D118/><U48/><E128/><V132/><F132/><W116/><G116/><T18/><D103/><U54/><E45/><N who="2" m="26031" /><F31/><W117/><G117/><T36/><D36/><U55/><E54/><V130/><F130/><W39/><G79/><T46/><D89/><U30/><E30/><V104/><F104/><W38/><G21/><T43/><D4/><U78/><E77/><N who="2" m="46575" /><F93/><W131/><G131/><T106/><D106/><U74/><E74/><V124/><F124/><N who="0" m="47658" /><D43/><U42/><E42/><V16/><F5/><W59/><G90/><T68/><D68/><U27/><E27/><V23/><F110/><W122/><G122/><T92/><D92/><U112/><E95/><V62/><AGARI ba="0,0" hai="13,16,23,58,62,64,96,97" m="46575,26031" machi="62" ten="30,6000,0" yaku="8,1,52,1,54,1" doraHai="63" who="2" fromWho="2" sc="256,-20,320,-20,192,60,232,-20" /><INIT seed="6,1,0,1,5,71" ten="236,300,252,212" oya="2" hai0="84,74,123,79,120,96,106,114,62,55,105,92,30" hai1="102,9,97,10,51,91,87,78,49,100,8,112,29" hai2="88,129,18,59,36,108,82,50,5,6,115,83,80" hai3="47,119,32,101,113,54,16,14,39,98,116,38,11"/><V124/><F115/><W103/><G32/><T73/><D30/><U22/><E112/><V75/><F75/><N who="0" m="28682" /><D55/><U28/><E78/><V126/><F129/><W17/><G113/><T44/><D44/><U76/><E76/><V94/><F108/><W117/><G103/><N who="1" m="39466" /><E97/><N who="2" m="57543" /><F36/><W77/><G77/><T121/><D62/><U34/><E34/><V31/><F31/><N who="1" m="11849" /><E22/><V26/><F26/><W43/><G54/><T111/><D111/><U56/><E56/><V53/><F18/><W99/><G99/><T33/><D33/><U46/><E46/><V81/><N who="2" m="20480" /><DORA hai="128" /><V90/><F90/><W13/><G39/><T107/><D114/><U89/><E89/><V65/><F65/><W85/><G85/><T95/><D79/><U64/><E64/><V1/><F1/><W23/><REACH who="3" step="1"/><G119/><REACH who="3" ten="236,300,252,202" step="2"/><T58/><D84/><U20/><E87/><V35/><F35/><W69/><G69/><T70/><D70/><U93/><E91/><V42/><F42/><W63/><G63/><T24/><D96/><U57/><E93/><AGARI ba="1,1" hai="11,13,14,16,17,23,38,43,47,93,98,101,116,117" machi="93" ten="30,7700,0" yaku="1,1,7,1,52,1,54,1,53,0" doraHai="71,128" doraHaiUra="109,86" who="3" fromWho="1" sc="236,0,300,-80,252,0,202,90" /><INIT seed="7,0,0,0,2,78" ten="236,220,252,292" oya="3" hai0="116,19,106,72,14,56,1,86,47,131,46,67,16" hai1="9,123,35,39,120,5,80,21,109,43,3,83,92" hai2="23,22,107,48,12,51,74,133,34,79,52,99,124" hai3="26,20,50,130,108,135,71,25,40,95,44,62,88"/><W76/><G130/><T6/><D72/><U129/><E35/><V11/><F34/><W125/><G125/><T45/><D106/><U115/><E109/><V101/><F133/><W59/><G135/><T64/><D116/><U53/><E129/><V58/><F124/><W89/><G108/><T128/><D1/><U96/><E115/><V49/><F79/><W68/><G76/><T122/><D122/><U73/><E53/><V2/><F74/><W70/><G26/><T28/><D28/><U111/><E111/><V81/><F2/><W121/><G121/><T27/><D128/><U85/><E21/><V33/><F81/><W66/><REACH who="3" step="1"/><G95/><REACH who="3" ten="236,220,252,282" step="2"/><T93/><D93/><U102/><E73/><V126/><F126/><W112/><G112/><T7/><D27/><U36/><E83/><V134/><F134/><W69/><G69/><T97/><D131/><U104/><E92/><V4/><REACH who="2" step="1"/><F33/><REACH who="2" ten="236,220,242,282" step="2"/><W132/><G132/><T127/><D127/><U18/><E123/><V82/><F82/><W114/><G114/><T41/><D41/><U54/><E120/><V87/><F87/><W118/><G118/><T91/><D86/><U37/><E43/><V98/><F98/><W57/><G57/><T119/><D56/><U90/><REACH who="1" step="1"/><E54/><REACH who="1" ten="236,210,242,282" step="2"/><V31/><F31/><AGARI ba="0,3" hai="20,25,31,40,44,50,59,62,66,68,70,71,88,89" machi="31" ten="40,7700,0" yaku="1,1,54,1,53,1" doraHai="78" doraHaiUra="24" who="3" fromWho="2" sc="236,0,210,0,242,-77,282,107" owari="236,3.6,210,-19.0,165,-33.5,389,48.9" /></mjloggm>