<mjloggm ver="2.3"><GO type="169" lobby="0"/><UN n0="%E3%81%AF%E3%81%BE%E3%81%A1%E3%83%AA%E3%83%BC%E3%82%B0" n1="%E8%B5%A4%E7%BE%8E%E6%BF%83%E3%81%BE%E3%81%90%E3%82%8D" n2="%E3%81%AF%E3%81%9F%E3%82%86%E3%81%86" n3="%62%69%70%73%64" dan="17,16,16,18" rate="2158.48,2144.36,2144.35,2269.08" sx="M,M,M,M"/><TAIKYOKU oya="0"/><INIT seed="0,0,0,2,0,28" ten="250,250,250,250" oya="0" hai0="26,2,59,75,33,132,16,83,39,112,124,18,93" hai1="78,113,38,111,55,56,48,71,133,64,45,109,61" hai2="68,96,25,77,119,82,46,91,102,20,62,47,69" hai3="17,129,92,36,22,122,30,10,85,31,95,98,14"/><T80/><D112/><U27/><E78/><V103/><F119/><W29/><G36/><T131/><D39/><U32/><E113/><V123/><F123/><W66/><G129/><T79/><D131/><U126/><E126/><V114/><F114/><W34/><G122/><T54/><D124/><U43/><E133/><V1/><F1/><W106/><G106/><T120/><D120/><U105/><E105/><V12/><F12/><W23/><G34/><T81/><D2/><U67/><REACH who="1" step="1"/><E64/><REACH who="1" ten="250,240,250,250" step="2"/><V86/><F77/><W52/><G66/><T51/><D132/><U128/><E128/><V53/><F69/><W15/><G95/><T8/><D93/><U72/><E72/><V130/><F130/><W13/><G92/><T84/><D75/><U42/><E42/><V121/><F121/><W50/><G98/><T125/><D125/><U57/><E57/><V49/><F68/><W44/><G85/><T108/><D108/><U63/><E63/><V24/><F62/><W6/><REACH who="3" step="1"/><G23/><REACH who="3" ten="250,240,250,240" step="2"/><N who="0" m="13671" /><D33/><U11/><E11/><V88/><F96/><W116/><G116/><T97/><D97/><U99/><E99/><V41/><F103/><W100/><G100/><T118/><D118/><U101/><E101/><V94/><F102/><W7/><G7/><T60/><D51/><U74/><E74/><V115/><F115/><W21/><G21/><T4/><D4/><U87/><E87/><V5/><F5/><W37/><G37/><T134/><D134/><U135/><E135/><V107/><F107/><W110/><G110/><T76/><D84/><U19/><E19/><V70/><F86/><RYUUKYOKU ba="0,2" sc="250,10,240,10,250,-30,240,10" hai0="8,18,54,59,60,76,79,80,81,83" hai1="27,32,38,43,45,48,55,56,61,67,71,109,111" hai3="6,10,13,14,15,17,22,29,30,31,44,50,52" /><INIT seed="0,1,2,4,5,88" ten="260,250,220,250" oya="0" hai0="104,49,43,69,23,74,77,67,8,133,112,124,75" hai1="24,130,6,111,118,46,41,135,63,47,27,54,103" hai2="101,30,92,58,72,86,105,37,102,48,79,121,57" hai3="12,80,40,78,113,15,32,66,129,95,126,89,125"/><T26/><D112/><U128/><E118/><V108/><F37/><W2/><G113/><T71/><D104/><U45/><E111/><V25/><F121/><W21/><G32/><T5/><D124/><N who="3" m="47721" /><G2/><T81/><D133/><U134/><E6/><V64/><F108/><W18/><G66/><T123/><D123/><U20/><E103/><V87/><F105/><W34/><G34/><T7/><D74/><U19/><E27/><V131/><F72/><N who="3" m="43079" /><G40/><T98/><D67/><U44/><E54/><V16/><F30/><W13/><G129/><N who="1" m="49770" /><E63/><V73/><F73/><W107/><G107/><T82/><D71/><U38/><AGARI ba="1,2" hai="19,20,24,38,41,44,45,46,47,134,135" m="49770" machi="38" ten="40,1500,0" yaku="19,1" doraHai="88" who="1" fromWho="1" sc="260,-8,250,38,220,-5,250,-5" /><INIT seed="1,0,0,5,2,112" ten="252,288,215,245" oya="1" hai0="101,65,126,98,22,100,106,20,129,47,84,32,50" hai1="18,54,88,26,110,53,36,85,38,5,124,31,66" hai2="119,17,95,116,62,103,9,131,64,71,104,23,94" hai3="41,10,27,69,42,52,115,61,96,81,14,130,117"/><U16/><E5/><V113/><F131/><W4/><G115/><T132/><D32/><U34/><E66/><V40/><F40/><W30/><G130/><T48/><D129/><U92/><E124/><V57/><F113/><W99/><G69/><T15/><D126/><U75/><E75/><V80/><F71/><W74/><G74/><T82/><D132/><U6/><E6/><V7/><F80/><W46/><G81/><T120/><D120/><U21/><E110/><V29/><F29/><W39/><G41/><T93/><D65/><U135/><E135/><V0/><F104/><W12/><G12/><T109/><D109/><U1/><E1/><V118/><REACH who="2" step="1"/><F103/><REACH who="2" ten="252,288,205,245" step="2"/><W102/><G102/><T45/><D101/><U28/><E28/><V2/><F2/><W35/><REACH who="3" step="1"/><G117/><REACH who="3" ten="252,288,205,235" step="2"/><T91/><D100/><U77/><E38/><V24/><AGARI ba="0,2" hai="0,7,9,17,23,24,57,62,64,94,95,116,118,119" machi="24" ten="30,12000,2" yaku="1,1,0,1,52,3,53,1" doraHai="112" doraHaiUra="33" who="2" fromWho="2" sc="252,-30,288,-60,205,140,235,-30" /><INIT seed="2,0,0,5,1,127" ten="222,228,345,205" oya="2" hai0="79,55,90,110,37,117,109,94,44,106,69,116,130" hai1="10,115,52,87,95,99,66,118,103,112,129,23,18" hai2="72,8,26,54,17,123,24,88,7,51,14,13,20" hai3="27,102,39,132,80,126,59,114,135,104,1,61,81"/><V105/><F123/><W57/><G39/><T15/><D69/><U56/><E118/><N who="0" m="45673" /><D37/><U124/><E124/><V100/><F72/><W119/><G1/><T22/><D44/><U76/><E66/><V50/><F50/><W73/><G73/><T101/><D55/><U70/><E70/><V11/><F100/><W53/><G104/><T108/><D22/><U125/><E10/><V96/><F105/><W45/><G45/><T98/><D15/><U47/><E47/><N who="2" m="28031" /><F20/><W58/><G126/><T107/><D130/><U41/><E41/><V6/><F6/><W122/><G122/><T97/><D79/><U86/><E125/><V30/><F30/><W34/><G119/><T3/><D3/><U43/><E43/><V29/><F29/><W35/><G35/><T68/><D68/><U46/><E46/><V84/><F96/><N who="0" m="36970" /><D101/><U128/><E76/><V120/><F120/><W65/><G102/><T25/><D25/><U32/><E32/><V5/><F5/><W48/><G58/><T131/><D131/><N who="1" m="50251" /><E23/><V21/><F21/><W4/><G34/><T31/><D31/><U67/><E67/><V93/><AGARI ba="0,0" hai="7,8,11,13,14,17,24,26,84,88,93" m="28031" machi="93" ten="30,3000,0" yaku="8,1,54,1" doraHai="127" who="2" fromWho="2" sc="222,-10,228,-10,345,30,205,-10" /><INIT seed="2,1,0,5,2,25" ten="212,218,375,195" oya="2" hai0="49,131,6,129,116,107,64,104,130,50,55,126,3" hai1="37,58,69,76,19,16,113,87,84,60,120,52,83" hai2="44,39,100,71,51,11,134,8,61,12,26,57,36" hai3="106,20,132,121,30,35,13,89,94,10,73,97,4"/><V117/><F117/><W14/><G121/><T70/><D116/><U31/><E113/><V72/><F72/><W63/><G132/><T23/><D3/><U127/><E37/><V59/><F71/><W24/><G73/><T48/><D6/><U67/><E127/><V78/><F78/><W95/><G106/><T81/><D81/><U101/><E101/><V90/><F100/><W112/><G112/><T5/><D5/><U32/><E120/><V45/><F26/><W56/><G94/><T122/><D122/><U47/><E47/><V1/><F1/><W135/><G135/><T9/><D9/><U128/><E128/><V29/><F134/><W22/><REACH who="3" step="1"/><G14/><REACH who="3" ten="212,218,375,185" step="2"/><T96/><D107/><U53/><E84/><V115/><F12/><W38/><G38/><T133/><D133/><U79/><E87/><V92/><F39/><W80/><G80/><T27/><D104/><U125/><E83/><V43/><F115/><W88/><G88/><T0/><D0/><U41/><E79/><V42/><F90/><W77/><G77/><T34/><D96/><U15/><E76/><V86/><F92/><W17/><G17/><T99/><D99/><U114/><E19/><V7/><F86/><W111/><G111/><T33/><D130/><U65/><E16/><V85/><F85/><W66/><AGARI ba="1,1" hai="4,10,13,20,22,24,30,35,56,63,66,89,95,97" machi="66" ten="20,5200,0" yaku="1,1,0,1,7,1,52,1,53,0" doraHai="25" doraHaiUra="46" who="3" fromWho="3" sc="212,-14,218,-14,375,-27,185,65" /><INIT seed="3,0,0,0,1,43" ten="198,204,348,250" oya="3" hai0="36,123,89,126,62,120,106,98,103,99,63,69,101" hai1="130,22,38,47,49,115,4,129,50,59,74,33,5" hai2="78,104,80,61,82,32,64,110,35,87,21,52,54" hai3="68,122,131,117,40,113,53,83,105,1,134,96,119"/><W112/><G1/><T39/><D89/><U9/><E33/><V66/><F110/><W124/><G83/><T125/><REACH who="0" step="1"/><D69/><REACH who="0" ten="188,204,348,250" step="2"/><U13/><E115/><V14/><F78/><W27/><G68/><T84/><D84/><U109/><E109/><V107/><F87/><W132/><G113/><T12/><D12/><U44/><E74/><V79/><F79/><W11/><G112/><T16/><D16/><N who="1" m="10511" /><E38/><V88/><F88/><W51/><G119/><T25/><D25/><U76/><E76/><V67/><F14/><W55/><G27/><T108/><D108/><U135/><E135/><V34/><F21/><W6/><G117/><T23/><D23/><U48/><E59/><V30/><F30/><W19/><G134/><T75/><D75/><U18/><E18/><V3/><F3/><W86/><G19/><T81/><D81/><N who="2" m="31338" /><F61/><W102/><G132/><T72/><D72/><U56/><E56/><V111/><F111/><W114/><G114/><T58/><D58/><U7/><E9/><V2/><F2/><W8/><G8/><T37/><D37/><U127/><E127/><V73/><F73/><W17/><G124/><T94/><D94/><U133/><E133/><V0/><F0/><W29/><G11/><T60/><D60/><U93/><E93/><V45/><F32/><W65/><G29/><T116/><D116/><U15/><E15/><V10/><F34/><W121/><G17/><T42/><D42/><U46/><AGARI ba="0,1" hai="4,5,7,44,46,47,48,49,50,129,130" m="10511" machi="46" ten="40,12000,2" yaku="29,2,52,3,54,1" doraHai="43" who="1" fromWho="1" sc="188,-30,204,130,348,-30,250,-60" /><INIT seed="4,0,0,2,5,21" ten="158,334,318,190" oya="0" hai0="82,61,1,116,49,124,89,69,80,7,3,128,92" hai1="135,19,70,83,65,77,127,50,99,10,95,96,97" hai2="27,37,105,126,133,122,2,106,38,20,59,30,22" hai3="109,55,51,72,28,71,68,98,8,11,101,81,84"/><T45/><D116/><U35/><E35/><V12/><F122/><W54/><G109/><T119/><D119/><U25/><E127/><V86/><F2/><W14/><G72/><T76/><D124/><U111/><E111/><V48/><F126/><W115/><G115/><T123/><D123/><U94/><E135/><V4/><F133/><W134/><G134/><T34/><D34/><U5/><E70/><V40/><F37/><W0/><G0/><T117/><D117/><U41/><E65/><V125/><F38/><W63/><G28/><T130/><D61/><U57/><E5/><V78/><F125/><W46/><G54/><N who="0" m="29999" /><D69/><U15/><E25/><V93/><F106/><W29/><G29/><T132/><D132/><U6/><E6/><V13/><F105/><W75/><G75/><N who="0" m="43039" /><D82/><U60/><E60/><V42/><F4/><W107/><G63/><T58/><D58/><U120/><E120/><V64/><F64/><W67/><G67/><T18/><D18/><U100/><E95/><V104/><F104/><W9/><REACH who="3" step="1"/><G14/><REACH who="3" ten="158,334,318,180" step="2"/><T102/><D1/><U113/><E113/><V131/><F12/><W90/><AGARI ba="0,1" hai="8,9,11,46,51,55,68,71,81,84,90,98,101,107" machi="90" ten="30,4000,0" yaku="1,1,2,1,0,1,53,0" doraHai="21" doraHaiUra="110" who="3" fromWho="3" sc="158,-20,334,-10,318,-10,180,50" /><INIT seed="5,0,0,5,3,116" ten="138,324,308,230" oya="1" hai0="128,29,120,99,60,94,135,48,115,35,112,129,134" hai1="18,34,42,19,123,126,121,109,56,77,25,78,76" hai2="85,44,107,90,36,17,74,97,45,21,15,124,23" hai3="28,119,27,30,125,33,31,7,12,55,80,92,66"/><U81/><E81/><V106/><F124/><W117/><G66/><T82/><D35/><U133/><E126/><V104/><F74/><W9/><G125/><T32/><D32/><U51/><E133/><N who="0" m="50697" /><D29/><U84/><E84/><V100/><F23/><W6/><G119/><T69/><D48/><U4/><E4/><V102/><F102/><W49/><G117/><T93/><D60/><U114/><E114/><N who="0" m="43561" /><D69/><U59/><E34/><V58/><F58/><N who="1" m="22057" /><E51/><V13/><F13/><W96/><G6/><T127/><D127/><U79/><E79/><V50/><F44/><N who="3" m="28071" /><G33/><T3/><D3/><U52/><E52/><V83/><F36/><W54/><G54/><AGARI ba="0,0" hai="15,17,21,45,50,54,83,85,90,97,100,104,106,107" machi="54" ten="30,1000,0" yaku="7,1" doraHai="116" who="2" fromWho="3" sc="138,0,324,0,308,10,230,-10" /><INIT seed="6,0,0,0,3,45" ten="138,324,318,220" oya="2" hai0="81,86,103,43,52,55,38,95,34,83,98,39,128" hai1="117,120,51,31,91,11,27,2,129,58,35,122,132" hai2="44,12,22,33,105,5,72,107,90,14,23,25,126" hai3="109,10,46,84,75,87,15,79,82,40,77,99,36"/><V18/><F72/><W116/><G116/><T59/><D34/><U37/><E37/><V17/><F126/><W102/><G109/><T9/><D128/><U127/><E117/><V3/><F90/><W110/><G79/><T65/><D65/><U67/><E127/><V53/><F44/><W133/><G133/><T68/><D68/><U49/><E129/><V130/><F130/><W62/><G62/><T113/><D113/><U118/><E118/><V123/><F53/><W1/><G110/><T60/><D43/><U114/><E114/><V115/><F115/><W4/><REACH who="3" step="1"/><G15/><REACH who="3" ten="138,324,318,210" step="2"/><T88/><D9/><U71/><E132/><V28/><F123/><W119/><G119/><T24/><D24/><U80/><E11/><AGARI ba="0,1" hai="3,5,11,12,14,17,18,22,23,25,28,33,105,107" machi="11" ten="40,7700,0" yaku="9,1,24,2" doraHai="45" who="2" fromWho="1" sc="138,0,324,-77,318,87,210,0" /><INIT seed="6,1,0,1,1,6" ten="138,247,405,210" oya="2" hai0="35,70,119,58,66,2,86,74,44,7,51,37,63" hai1="81,97,80,33,73,87,29,132,53,22,106,28,107" hai2="17,5,71,125,110,42,57,75,40,105,83,31,59" hai3="12,91,85,13,117,135,109,8,38,46,127,129,122"/><V34/><F71/><W100/><G117/><T65/><D35/><U39/><E39/><V131/><F105/><W64/><G122/><T120/><D74/><U60/><E33/><V0/><F110/><W134/><G109/><T27/><D120/><U130/><E73/><V126/><F131/><W41/><G100/><T3/><D119/><U113/><E113/><V98/><F98/><W54/><G64/><T92/><D66/><U69/><E132/><V55/><F17/><W25/><G129/><T10/><D37/><U68/><E130/><V77/><F59/><W23/><G54/><T11/><D27/><U133/><E133/><N who="3" m="50698" /><G127/><N who="2" m="48649" /><F31/><N who="3" m="17855" /><G8/><T103/><D70/><U1/><E1/><V15/><F0/><W104/><G104/><T124/><D124/><U32/><E32/><V123/><F34/><W128/><G128/><T78/><D7/><U84/><E22/><V89/><F123/><W45/><G46/><T52/><D2/><U90/><E53/><V18/><F5/><W88/><G91/><T114/><D3/><U93/><E107/><V102/><F89/><W14/><G12/><T72/><D114/><U99/><E106/><V121/><F102/><W108/><G108/><T20/><D20/><U43/><E69/><V76/><F76/><W118/><G118/><T19/><D19/><U101/><E68/><V24/><F24/><W4/><G4/><T116/><D116/><U95/><E43/><V30/><F30/><W115/><G115/><T26/><D26/><U56/><E29/><V94/><F121/><W47/><G45/><T79/><D103/><U96/><E28/><RYUUKYOKU ba="1,0" sc="138,-10,247,-10,405,-10,210,30" hai3="13,14,38,41,47,85,88" /><INIT seed="7,2,0,4,4,117" ten="128,237,395,240" oya="3" hai0="28,19,64,126,110,50,92,74,20,15,38,82,85" hai1="99,32,78,121,119,103,80,105,44,97,41,83,24" hai2="124,58,113,33,9,108,61,37,133,106,39,26,67" hai3="54,29,3,49,94,109,118,132,70,47,51,130,71"/><W1/><G118/><T90/><D110/><U2/><E119/><V25/><F108/><W40/><G109/><T52/><D38/><U76/><E99/><V120/><F106/><W63/><G130/><T10/><D126/><U66/><E66/><V13/><F124/><W131/><G131/><T134/><D134/><U30/><E83/><V34/><F133/><W102/><G132/><T5/><D64/><U87/><E2/><V125/><F113/><W8/><G29/><T91/><D74/><U17/><E17/><V45/><F120/><W48/><G63/><T89/><D28/><U21/><E21/><V31/><F45/><W6/><G1/><T115/><D115/><U7/><E7/><V104/><F104/><W123/><G123/><T72/><D72/><U69/><E69/><V0/><F0/><W128/><G128/><T27/><REACH who="0" step="1"/><D82/><REACH who="0" ten="118,237,395,240" step="2"/><U11/><E121/><V93/><F125/><W65/><G65/><T4/><D4/><U68/><E30/><V111/><F111/><W43/><G6/><T122/><D122/><U88/><E80/><V60/><F37/><W36/><G36/><T77/><D77/><U96/><E78/><V75/><F75/><W112/><G112/><T100/><D100/><U14/><E103/><V16/><F39/><N who="3" m="21919" /><G102/><T135/><D135/><U62/><E76/><V81/><F81/><W55/><G71/><T114/><D114/><U18/><E68/><V12/><F31/><W86/><G70/><T95/><D95/><U46/><E105/><V107/><F107/><W73/><G73/><T98/><D98/><U42/><E97/><RYUUKYOKU ba="2,1" sc="118,30,237,-10,395,-10,240,-10" hai0="5,10,15,19,20,27,50,52,85,89,90,91,92" owari="148,-35.2,227,-17.3,395,49.5,230,3.0" /></mjloggm>