<mjloggm ver="2.3"><GO type="169" lobby="0"/><UN n0="%E4%B8%96%E7%95%8C%E5%B9%B3%E5%92%8C" n1="%E7%B4%94%E6%BD%94%E3%83%94%E3%83%A9%E3%83%8B%E3%82%A2" n2="%E3%81%8B%E3%82%81%E3%81%98%E3%82%8D%E3%81%86" n3="%E3%83%A8%E3%82%B7%E3%83%86%E3%83%AB%37%30%38" dan="16,16,16,16" rate="2176.37,2182.25,2138.07,2089.00" sx="M,M,M,M"/><TAIKYOKU oya="0"/><INIT seed="0,0,0,0,3,53" ten="250,250,250,250" oya="0" hai0="126,60,132,119,74,130,93,112,103,20,45,16,134" hai1="81,105,39,94,11,44,89,82,17,100,113,67,70" hai2="33,6,135,116,9,47,106,71,125,35,85,22,10" hai3="87,75,80,42,120,109,117,98,79,86,122,43,7"/><T66/><D112/><U14/><E113/><V29/><F71/><W111/><G7/><T26/><D119/><U133/><E133/><N who="0" m="51305" /><D74/><U123/><E123/><N who="3" m="47146" /><G42/><T78/><D78/><U118/><E118/><V19/><F135/><W18/><G43/><T131/><D45/><U51/><E39/><V128/><F106/><W13/><G117/><T41/><D41/><U88/><E105/><V97/><F116/><W55/><G55/><T62/><D62/><U54/><E70/><V124/><F47/><W28/><G28/><T4/><D4/><U73/><E73/><V58/><F29/><W34/><G34/><T99/><D126/><U121/><E67/><V90/><F6/><W59/><G59/><AGARI ba="0,0" hai="16,20,26,59,60,66,93,99,103,130,131" m="51305" machi="59" ten="30,5800,0" yaku="20,1,52,1,54,1" doraHai="53" who="0" fromWho="3" sc="250,58,250,0,250,0,250,-58" /><INIT seed="0,1,0,5,4,108" ten="308,250,250,192" oya="0" hai0="81,6,121,128,79,85,48,46,91,116,57,24,124" hai1="49,22,131,104,67,28,134,43,26,37,23,76,84" hai2="92,122,7,132,8,15,120,78,65,74,101,3,118" hai3="18,5,96,32,95,11,50,2,27,94,102,68,89"/><T1/><D116/><U111/><E111/><V88/><F118/><W82/><G68/><T103/><D121/><U87/><E104/><V80/><F132/><W33/><G50/><T21/><D124/><U39/><E131/><V34/><F34/><W59/><G82/><T119/><D128/><U51/><E67/><V90/><F90/><W114/><G114/><T133/><D133/><U129/><E129/><V19/><F65/><W105/><G59/><T38/><D119/><U55/><E134/><V29/><F29/><W61/><G61/><T17/><D103/><U97/><E97/><V47/><F101/><W16/><G95/><T62/><D38/><U93/><E93/><V113/><F47/><W126/><G126/><T52/><D1/><U70/><E28/><V86/><REACH who="2" step="1"/><F113/><REACH who="2" ten="308,250,240,192" step="2"/><W13/><G33/><T30/><D30/><U14/><E76/><V36/><F36/><W20/><G32/><T100/><D100/><U58/><E39/><V64/><F64/><W117/><G117/><T45/><D6/><U66/><E66/><V107/><F107/><W135/><G135/><T130/><D130/><U63/><E37/><V12/><F12/><W106/><REACH who="3" step="1"/><G102/><REACH who="3" ten="308,250,240,182" step="2"/><T54/><D79/><U40/><E70/><V25/><F25/><W109/><G109/><T112/><D112/><U9/><E26/><V69/><F69/><W4/><G4/><T42/><D46/><U56/><E58/><V60/><F60/><W127/><G127/><T73/><D42/><N who="1" m="15915" /><E63/><V41/><F41/><W115/><G115/><T10/><D10/><AGARI ba="1,2" hai="3,7,8,10,15,19,74,78,80,86,88,92,120,122" machi="10" ten="30,3900,0" yaku="1,1,7,1,54,1,53,0" doraHai="108" doraHaiUra="99" who="2" fromWho="0" sc="308,-42,250,0,240,62,182,0" /><AGARI ba="1,0" hai="2,5,10,11,13,16,18,20,27,89,94,96,105,106" machi="10" ten="30,3900,0" yaku="1,1,7,1,54,1,53,0" doraHai="108" doraHaiUra="99" who="3" fromWho="0" sc="266,-39,250,0,302,0,182,39" /><INIT seed="1,0,0,4,1,78" ten="227,250,302,221" oya="1" hai0="108,91,113,27,127,84,125,99,96,3,81,85,9" hai1="77,66,2,100,116,135,80,114,58,123,74,32,29" hai2="112,107,117,20,122,62,45,65,109,102,18,70,68" hai3="119,93,36,23,71,120,50,110,46,83,6,37,124"/><U11/><E114/><V75/><F112/><W28/><G120/><T17/><D3/><U82/><E116/><V129/><F117/><W104/><G104/><T130/><D27/><U134/><E123/><V98/><F122/><W111/><G6/><T63/><D63/><N who="1" m="38263" /><E100/><V38/><F109/><W86/><G71/><T13/><D108/><N who="3" m="41513" /><G124/><N who="0" m="47691" /><D113/><U55/><E55/><V21/><F129/><W94/><G28/><T31/><D31/><U73/><E29/><V24/><F75/><N who="1" m="28681" /><E77/><V53/><F21/><W40/><G23/><T76/><D130/><U95/><E95/><AGARI ba="0,0" hai="9,13,17,76,81,84,85,91,95,96,99" m="47691" machi="95" ten="30,2000,0" yaku="18,1,52,1" doraHai="78" who="0" fromWho="1" sc="227,20,250,-20,302,0,221,0" /><INIT seed="2,0,0,4,5,69" ten="247,230,302,221" oya="2" hai0="94,45,98,114,64,133,71,38,76,120,12,88,103" hai1="129,125,115,33,121,52,50,57,8,13,31,63,17" hai2="67,51,135,35,123,10,15,65,122,41,61,97,34" hai3="3,49,127,109,93,27,59,37,110,116,44,9,92"/><V43/><F135/><W85/><G116/><T124/><D120/><U79/><E115/><V70/><F67/><W53/><G127/><T39/><D114/><U118/><E118/><V95/><F122/><W72/><G72/><T55/><D133/><U20/><E121/><V74/><F74/><W119/><G119/><T18/><D124/><U62/><E125/><V86/><F123/><W32/><G32/><T112/><D112/><U75/><E129/><V84/><F35/><W130/><G27/><T104/><D76/><U7/><E79/><V2/><F2/><W56/><G130/><T87/><D64/><U26/><REACH who="1" step="1"/><E75/><REACH who="1" ten="247,220,302,221" step="2"/><V16/><F34/><W131/><G131/><T42/><D71/><U68/><E68/><V77/><F77/><W11/><G110/><T100/><D100/><U96/><E96/><V99/><F99/><W36/><G109/><T28/><D28/><U134/><E134/><V24/><F24/><AGARI ba="0,1" hai="7,8,13,17,20,24,26,31,33,50,52,57,62,63" machi="24" ten="30,3900,0" yaku="1,1,7,1,54,1,53,0" doraHai="69" doraHaiUra="102" who="1" fromWho="2" sc="247,0,220,49,302,-39,221,0" /><INIT seed="3,0,0,4,0,92" ten="247,269,263,221" oya="3" hai0="52,31,61,95,120,1,70,103,82,98,117,0,124" hai1="131,34,63,41,75,127,77,35,73,93,27,68,47" hai2="97,94,100,62,6,109,112,45,87,133,51,119,74" hai3="101,69,7,128,83,85,38,55,102,59,50,105,10"/><W84/><G69/><T56/><D117/><U8/><E127/><V78/><F119/><W91/><G38/><T26/><D120/><U14/><E131/><V17/><F112/><W3/><G128/><T20/><D124/><U5/><E93/><V9/><F109/><W33/><G33/><T13/><D70/><U22/><E63/><V81/><F133/><W122/><G122/><T114/><D114/><U89/><E89/><V32/><F32/><W15/><G105/><T23/><D23/><U123/><E68/><V37/><F62/><W110/><G110/><T129/><D129/><U66/><E66/><V106/><F17/><W53/><G3/><T65/><D13/><U96/><E96/><V12/><F37/><W90/><REACH who="3" step="1"/><G55/><REACH who="3" ten="247,269,263,211" step="2"/><T107/><D107/><U118/><E123/><V16/><F106/><W46/><G46/><T11/><D11/><U48/><E118/><V25/><F74/><W58/><G58/><T80/><D52/><U79/><E34/><V64/><F64/><W43/><G43/><T111/><D111/><U36/><E35/><V19/><F25/><W99/><G99/><T130/><D130/><U67/><E67/><V4/><F4/><W108/><G108/><T121/><D121/><U40/><E41/><AGARI ba="0,1" hai="6,9,12,16,19,41,45,51,78,81,87,94,97,100" machi="41" ten="30,12000,2" yaku="7,1,25,2,8,1,52,1,54,1" doraHai="92" who="2" fromWho="1" sc="247,0,269,-120,263,130,211,0" /><INIT seed="4,0,0,3,2,128" ten="247,149,393,211" oya="0" hai0="1,25,125,59,98,96,9,113,18,82,52,88,92" hai1="123,108,99,64,85,111,16,126,72,117,23,65,41" hai2="2,61,13,73,84,44,77,46,104,83,101,80,50" hai3="135,79,6,94,54,127,74,120,133,58,33,103,63"/><T129/><D129/><U12/><E72/><V76/><F2/><W89/><G33/><T30/><D125/><U43/><E117/><V42/><F61/><W102/><G127/><T91/><D113/><U119/><E119/><V60/><F60/><W132/><G120/><T36/><D36/><U87/><E126/><V5/><F104/><W31/><G31/><T32/><D82/><U17/><E99/><V27/><F27/><W29/><G29/><T114/><D114/><U134/><E12/><V130/><F130/><W37/><G37/><T116/><D116/><U106/><E106/><V66/><F46/><W105/><G6/><T109/><D109/><U107/><E107/><V131/><F131/><W21/><G21/><T24/><D24/><U19/><E23/><V4/><F101/><W71/><G105/><T62/><D18/><U40/><E123/><V115/><F115/><W38/><G38/><T11/><D1/><U53/><E53/><V22/><F66/><N who="1" m="25705" /><E134/><V57/><F57/><W78/><G71/><T110/><D110/><AGARI ba="0,0" hai="16,17,19,40,41,43,85,87,108,110,111" m="25705" machi="110" ten="40,5200,0" yaku="28,2,54,1" doraHai="128" who="1" fromWho="0" sc="247,-52,149,52,393,0,211,0" /><INIT seed="5,0,0,3,4,95" ten="195,201,393,211" oya="1" hai0="37,6,25,69,9,98,135,88,96,17,84,64,86" hai1="51,56,92,21,46,27,3,97,40,114,50,120,124" hai2="129,81,72,34,14,30,2,77,42,101,66,80,116" hai3="108,76,122,65,49,126,90,121,130,7,79,123,74"/><U132/><E3/><V67/><F116/><W11/><G108/><T57/><D69/><U89/><E120/><V26/><F2/><W118/><G65/><T24/><D37/><U94/><E114/><V1/><F1/><W47/><G130/><T10/><D135/><U31/><E124/><V60/><F129/><W19/><G126/><T105/><D105/><U55/><E92/><V52/><F42/><W22/><G74/><T29/><D84/><U41/><E132/><V78/><F14/><W5/><G118/><T119/><D119/><U13/><E13/><V93/><F52/><AGARI ba="0,0" hai="21,27,31,40,41,46,50,51,52,55,56,89,94,97" machi="52" ten="30,11600,0" yaku="7,1,8,1,52,1,54,1" doraHai="95" who="1" fromWho="2" sc="195,0,201,116,393,-116,211,0" /><INIT seed="5,1,0,4,3,14" ten="195,317,277,211" oya="1" hai0="62,123,44,125,76,63,68,3,104,105,95,43,116" hai1="16,129,134,29,10,75,40,65,73,70,61,19,28" hai2="27,92,96,8,106,47,90,103,6,9,84,118,12" hai3="15,21,39,41,36,45,20,117,89,69,71,98,24"/><U64/><E40/><V32/><F118/><W7/><G117/><T38/><D116/><U11/><E61/><V131/><F131/><W114/><G39/><T23/><D123/><U55/><E55/><V50/><F32/><W0/><G0/><T4/><D125/><U42/><E42/><V107/><F27/><W127/><G127/><T113/><D113/><U46/><E46/><V58/><F58/><W88/><G114/><T31/><D62/><U97/><E97/><V1/><F9/><W102/><G20/><T115/><D115/><U17/><E70/><V109/><F109/><W59/><G15/><T51/><D51/><U5/><E5/><V111/><F1/><W52/><G7/><T86/><D23/><U33/><E33/><V48/><F48/><W30/><G71/><T133/><D31/><N who="1" m="11851" /><E134/><V34/><F111/><W94/><G69/><T110/><D110/><U67/><E129/><V128/><F34/><W91/><G102/><T57/><D68/><U53/><E53/><V18/><F128/><W13/><G13/><T85/><D57/><U130/><E130/><V80/><REACH who="2" step="1"/><F6/><REACH who="2" ten="195,317,267,211" step="2"/><W25/><G24/><T60/><D60/><AGARI ba="1,1" hai="21,25,30,36,41,45,52,59,60,88,89,91,94,98" machi="60" ten="30,3900,0" yaku="7,1,54,2" doraHai="14" who="3" fromWho="0" sc="195,-42,317,0,267,0,211,52" /><INIT seed="6,0,0,0,5,32" ten="153,317,267,263" oya="2" hai0="124,7,83,105,65,51,49,86,64,130,26,21,43" hai1="66,24,25,10,53,134,5,116,80,103,6,14,79" hai2="108,74,37,94,61,99,122,135,82,2,78,19,71" hai3="70,72,98,13,117,20,100,87,15,30,39,127,44"/><V85/><F122/><W112/><G70/><T84/><D105/><U109/><E116/><V96/><F37/><W91/><G72/><T31/><D124/><U9/><E109/><V23/><F135/><W47/><G117/><T45/><D130/><U27/><E134/><V93/><F108/><W28/><G127/><T131/><D131/><U113/><E113/><V129/><F129/><W126/><G112/><T18/><D86/><U125/><E125/><V106/><F2/><W1/><G1/><T22/><D51/><U52/><E103/><V29/><F29/><W92/><G39/><T35/><D35/><U75/><REACH who="1" step="1"/><E66/><REACH who="1" ten="153,307,267,263" step="2"/><V88/><F106/><W133/><G133/><T107/><D107/><U90/><E90/><V132/><F132/><W104/><G126/><T118/><D118/><U56/><E56/><V12/><REACH who="2" step="1"/><F94/><REACH who="2" ten="153,307,257,263" step="2"/><W95/><G104/><T69/><D69/><U128/><E128/><V77/><F77/><W63/><G95/><T0/><D0/><AGARI ba="0,2" hai="0,5,6,9,10,14,24,25,27,52,53,75,79,80" machi="0" ten="40,5200,0" yaku="1,1,52,1,54,1,53,0" doraHai="32" doraHaiUra="89" who="1" fromWho="0" sc="153,-52,307,72,257,0,263,0" /><INIT seed="7,0,0,2,2,40" ten="101,379,257,263" oya="3" hai0="128,2,23,135,57,83,85,59,69,130,67,11,92" hai1="89,41,75,44,19,17,118,80,70,52,51,7,33" hai2="82,103,54,38,108,90,111,39,1,121,56,6,102" hai3="73,43,20,34,24,79,101,10,66,104,48,14,3"/><W68/><G73/><T131/><D135/><U105/><E70/><V123/><F1/><W134/><G134/><T110/><D110/><N who="2" m="42026" /><F6/><W126/><G126/><T12/><D2/><U74/><E105/><V88/><F102/><W71/><G79/><T53/><D69/><U55/><E55/><V30/><F103/><W122/><G66/><T100/><D67/><U120/><E51/><N who="2" m="30815" /><F30/><W42/><G34/><T28/><D28/><U46/><E46/><V37/><F82/><W86/><G3/><T58/><D100/><U76/><E41/><V22/><F22/><W60/><G43/><T15/><D92/><U49/><E118/><V36/><N who="2" m="9216" /><DORA hai="77" /><V133/><F133/><W107/><G107/><T26/><D26/><U25/><E7/><V94/><F94/><W32/><G32/><T87/><D87/><U125/><E74/><V35/><F35/><W93/><G104/><T31/><D31/><U124/><E25/><V81/><F81/><W29/><G101/><T129/><N who="0" m="32768" /><DORA hai="119" /><T13/><D23/><U64/><E33/><V84/><F84/><W127/><G93/><T63/><REACH who="0" step="1"/><D11/><REACH who="0" ten="91,379,257,263" step="2"/><U72/><E75/><V106/><F106/><W0/><G86/><T45/><D45/><U61/><E72/><V8/><F8/><W117/><G68/><T96/><D96/><U99/><E99/><V132/><F132/><W91/><G71/><T62/><D62/><U65/><E61/><V98/><F98/><W27/><G60/><T5/><D5/><U4/><E4/><V116/><F116/><W97/><G117/><T9/><D9/><U18/><E44/><RYUUKYOKU ba="0,1" sc="91,15,379,-15,257,15,263,-15" hai0="12,13,15,53,57,58,59,63,83,85" hai2="88,90,121,123" owari="106,-39.4,374,47.4,272,7.2,248,-15.2" /></mjloggm>