<mjloggm ver="2.3"><GO type="169" lobby="0"/><UN n0="%E8%B5%A4%E7%BE%8E%E6%BF%83%E3%81%BE%E3%81%90%E3%82%8D" n1="%4B%2E%47%2E%4C" n2="%41%6C%6C%2D%4C%75%63%6B" n3="%E3%81%9F%E3%81%8B%E3%81%AF%E3%81%97%E3%81%83%E3%81%83%E3%81%83" dan="16,17,16,19" rate="2149.62,2266.13,2125.48,2232.40" sx="M,M,M,M"/><TAIKYOKU oya="0"/><INIT seed="0,0,0,3,5,14" ten="250,250,250,250" oya="0" hai0="28,16,33,63,102,40,76,105,133,13,100,121,85" hai1="106,46,71,25,73,45,69,32,10,4,110,51,129" hai2="2,103,82,5,53,23,52,90,93,37,21,134,61" hai3="132,43,113,125,65,49,91,118,42,96,8,44,54"/><T99/><D121/><U130/><E106/><V95/><F37/><W39/><G113/><T18/><D133/><U81/><E110/><V11/><F134/><W124/><G132/><T119/><D119/><U29/><E73/><V58/><F82/><W107/><G118/><T108/><D40/><U70/><E81/><V30/><F30/><W59/><G42/><T17/><D102/><U79/><E79/><V135/><F135/><W101/><G91/><T117/><D117/><U131/><REACH who="1" step="1"/><E51/><REACH who="1" ten="250,240,250,250" step="2"/><V56/><F95/><W0/><G124/><T87/><D108/><U112/><E112/><V72/><F72/><W114/><G125/><T83/><D63/><U47/><E47/><V128/><F128/><W35/><G114/><T20/><REACH who="0" step="1"/><D87/><REACH who="0" ten="240,240,250,250" step="2"/><U86/><E86/><V9/><F103/><W116/><G101/><T31/><D31/><U41/><E41/><V84/><F9/><W127/><G8/><T77/><D77/><U126/><E126/><V92/><F92/><W55/><G127/><T34/><D34/><U67/><E67/><V88/><F90/><W6/><G35/><T22/><D22/><U3/><AGARI ba="0,2" hai="3,4,10,25,29,32,45,46,69,70,71,129,130,131" machi="3" ten="40,5200,0" yaku="1,1,0,1,19,1,53,0" doraHai="14" doraHaiUra="80" who="1" fromWho="1" sc="240,-26,240,72,250,-13,250,-13" /><INIT seed="1,0,0,0,3,13" ten="214,312,237,237" oya="1" hai0="20,127,49,98,57,100,90,19,36,105,74,132,58" hai1="46,93,4,31,41,99,28,54,61,17,116,81,26" hai2="129,1,65,6,18,125,119,82,135,0,113,130,72" hai3="16,87,44,122,52,134,126,30,68,106,70,9,73"/><U11/><E116/><V101/><F119/><W5/><G73/><T45/><D36/><U96/><E81/><V63/><F101/><W22/><G106/><T66/><D74/><U35/><E31/><V131/><F6/><W77/><G122/><T121/><D121/><U48/><E93/><V86/><F72/><W15/><G126/><T91/><D127/><U92/><E92/><V37/><F37/><W107/><G107/><T23/><D132/><U71/><E71/><V112/><F135/><W124/><G124/><T109/><D109/><U88/><E88/><N who="2" m="51287" /><F125/><W103/><G103/><T95/><D23/><U47/><E61/><V80/><F80/><N who="3" m="47503" /><G70/><T24/><D66/><U75/><E75/><V43/><F43/><W62/><G68/><T118/><D118/><U53/><E17/><V50/><F50/><N who="3" m="28743" /><G134/><T114/><D114/><N who="2" m="44138" /><F18/><W76/><G76/><T133/><D133/><U42/><E42/><V21/><F21/><W64/><G62/><T94/><D105/><U34/><E34/><V67/><F63/><W60/><G60/><T117/><D117/><U40/><E40/><V120/><F120/><W102/><G102/><T55/><D100/><U83/><E41/><V7/><F7/><W56/><G56/><T29/><D29/><U85/><E4/><V89/><F89/><W128/><G30/><T108/><D108/><U123/><E123/><V10/><F10/><W104/><G104/><T2/><D2/><AGARI ba="0,0" hai="0,1,2,65,67,129,130,131" m="44138,51287" machi="2" ten="40,5200,0" yaku="19,1,11,1,54,1" doraHai="13" who="2" fromWho="0" sc="214,-52,312,0,237,52,237,0" /><INIT seed="2,0,0,3,1,42" ten="162,312,289,237" oya="2" hai0="5,76,3,83,38,101,97,81,100,121,75,65,129" hai1="62,14,118,69,26,108,50,128,89,67,82,18,21" hai2="78,28,25,132,109,130,12,77,7,10,23,6,91" hai3="0,2,24,49,127,80,95,54,117,22,119,107,53"/><V46/><F132/><W93/><G107/><T15/><D121/><U59/><E118/><V131/><F6/><W11/><G127/><T86/><D129/><U29/><E128/><N who="2" m="49195" /><F109/><W20/><G80/><T27/><D15/><U113/><E108/><V1/><F91/><W41/><G41/><T122/><D122/><U60/><E113/><V126/><F126/><W68/><G49/><T61/><D27/><U40/><E89/><V71/><F71/><W47/><G24/><T43/><D97/><U56/><E82/><V104/><F104/><W66/><G68/><T133/><D133/><U123/><E123/><V79/><F1/><W55/><G55/><T39/><D39/><U84/><E84/><V98/><F98/><W87/><G87/><T4/><D101/><U36/><E36/><V106/><F106/><W13/><G13/><T32/><D100/><U33/><REACH who="1" step="1"/><E60/><REACH who="1" ten="162,302,289,237" step="2"/><V85/><F85/><W64/><REACH who="3" step="1"/><G11/><REACH who="3" ten="162,302,289,227" step="2"/><T92/><D83/><U124/><E124/><V103/><F103/><W134/><G134/><T88/><D38/><U31/><E31/><V105/><F105/><W99/><G99/><T35/><D81/><U73/><E73/><V120/><F120/><W111/><G111/><T135/><D135/><U63/><E63/><V19/><F28/><W72/><G72/><T96/><D75/><U102/><E102/><V74/><F74/><W116/><G116/><T115/><D86/><U94/><E94/><V70/><F70/><W114/><G114/><T8/><D115/><U110/><E110/><V125/><F125/><W58/><G58/><N who="0" m="37047" /><D92/><U16/><E16/><RYUUKYOKU ba="0,2" sc="162,-30,302,10,289,10,227,10" hai1="14,18,21,26,29,33,40,50,56,59,62,67,69" hai2="7,10,12,19,23,25,46,77,78,79" hai3="0,2,20,22,47,53,54,64,66,93,95,117,119" /><INIT seed="2,1,2,2,5,124" ten="132,312,299,237" oya="2" hai0="24,126,123,2,122,21,93,62,86,41,74,61,57" hai1="59,103,104,18,20,25,84,98,128,79,133,4,92" hai2="83,118,102,50,29,111,9,96,77,114,34,113,12" hai3="90,27,89,54,117,109,108,99,28,1,52,51,44"/><V32/><F118/><W94/><G1/><T80/><D2/><U45/><E133/><V131/><F29/><W70/><G70/><T81/><D126/><U13/><E128/><V85/><F131/><W46/><G117/><T72/><D41/><U14/><E4/><V10/><F111/><N who="3" m="42571" /><G90/><T36/><D36/><U53/><E45/><N who="3" m="17514" /><G51/><T135/><D135/><U56/><E56/><V7/><F50/><W125/><G125/><T17/><D93/><U67/><E67/><V106/><REACH who="2" step="1"/><F9/><REACH who="2" ten="132,312,289,237" step="2"/><W38/><G38/><T3/><D122/><U87/><E104/><V129/><F129/><W69/><G69/><T132/><D123/><U130/><E130/><V30/><F30/><W75/><G75/><T0/><D132/><U33/><E33/><AGARI ba="1,3" hai="7,10,12,32,33,34,77,83,85,96,102,106,113,114" machi="33" ten="40,12000,1" yaku="1,1,53,3" doraHai="124" doraHaiUra="31" who="2" fromWho="1" sc="132,0,312,-123,289,153,237,0" /><AGARI ba="1,0" hai="27,28,33,52,54,89,94,99" m="17514,42571" machi="33" ten="30,2000,0" yaku="14,1,54,1" doraHai="124" who="3" fromWho="1" sc="132,0,189,-20,442,0,237,20" /><INIT seed="2,2,0,5,1,89" ten="132,169,442,257" oya="2" hai0="29,30,75,70,98,47,14,64,126,106,100,6,101" hai1="27,99,44,52,97,62,60,129,66,25,78,0,28" hai2="121,119,69,1,83,7,127,10,63,72,109,135,65" hai3="113,56,57,21,36,132,118,2,37,80,46,71,85"/><V107/><F121/><W87/><G118/><T130/><D126/><U34/><E0/><V76/><F119/><W79/><G71/><T43/><D130/><U124/><E129/><V55/><F135/><W32/><G32/><T23/><D75/><U86/><E124/><V122/><F122/><W74/><G2/><T51/><D101/><U38/><E25/><V84/><F84/><W88/><G132/><T16/><REACH who="0" step="1"/><D6/><REACH who="0" ten="122,169,442,257" step="2"/><U93/><E38/><V67/><F127/><W134/><G74/><T31/><D31/><U105/><E28/><V91/><F109/><W17/><G134/><T26/><D26/><U54/><E27/><V77/><F72/><W8/><G37/><T24/><D24/><U4/><E4/><V123/><F7/><W112/><G112/><T13/><D13/><U117/><E117/><V92/><F1/><W18/><G113/><T33/><D33/><U131/><E34/><V5/><F5/><W108/><G108/><T103/><D103/><U20/><E131/><V90/><F123/><W9/><G36/><T116/><D116/><U128/><E128/><V45/><F10/><W81/><G9/><T102/><D102/><U133/><E133/><V110/><F110/><W73/><G8/><T58/><D58/><N who="3" m="22633" /><G73/><T61/><AGARI ba="2,1" hai="14,16,23,29,30,43,47,51,61,64,70,98,100,106" machi="61" ten="30,4000,0" yaku="1,1,0,1,54,1,53,0" doraHai="89" doraHaiUra="68" who="0" fromWho="0" sc="122,56,169,-12,442,-22,257,-12" /><INIT seed="3,0,0,2,2,132" ten="178,157,420,245" oya="3" hai0="66,34,106,54,120,122,84,115,5,19,3,82,92" hai1="96,67,43,78,124,16,0,10,110,129,63,131,133" hai2="71,125,8,40,57,38,9,91,107,117,130,112,109" hai3="13,7,75,53,25,87,134,26,49,31,2,65,39"/><W83/><G39/><T55/><D106/><U119/><E133/><V81/><F117/><W59/><G75/><T45/><D115/><U95/><E119/><V121/><F71/><W35/><G2/><T27/><D66/><U29/><E29/><V30/><F107/><W21/><G134/><T105/><D105/><U90/><E110/><V89/><F130/><N who="1" m="49673" /><E78/><V127/><F109/><W70/><G13/><T51/><D92/><U48/><E48/><V52/><F112/><W36/><G7/><T18/><D55/><U1/><E43/><V4/><F30/><W79/><G36/><T14/><D3/><N who="1" m="1099" /><E10/><N who="2" m="4203" /><F4/><W24/><REACH who="3" step="1"/><G35/><REACH who="3" ten="178,157,420,235" step="2"/><T68/><D5/><U123/><E123/><V118/><F121/><W32/><G32/><T74/><D74/><U62/><E124/><N who="2" m="47691" /><F118/><W116/><G116/><T98/><D122/><U28/><E28/><V56/><F38/><W104/><G104/><T99/><D120/><U80/><E16/><V108/><F108/><W111/><G111/><T6/><D6/><U76/><E67/><V128/><F128/><W77/><G77/><T42/><D34/><U102/><E102/><V12/><F12/><W94/><G94/><T85/><D14/><U46/><E46/><V22/><F81/><W135/><G135/><T101/><D82/><U114/><E114/><V64/><F64/><W97/><G97/><T69/><D99/><U88/><E90/><V86/><F91/><W11/><G11/><T113/><D98/><U44/><E44/><V15/><F89/><W41/><G41/><T93/><D42/><U126/><E126/><V73/><F40/><RYUUKYOKU ba="0,1" sc="178,-15,157,15,420,-15,235,15" hai1="62,63,76,80,88,95,96" hai3="21,24,25,26,31,49,53,59,65,70,79,83,87" /><INIT seed="3,1,1,1,1,69" ten="163,172,405,250" oya="3" hai0="77,121,132,118,70,88,98,78,66,23,123,27,87" hai1="25,93,62,82,17,44,43,10,15,18,59,76,35" hai2="84,14,5,131,60,86,13,42,28,106,7,11,90" hai3="129,34,26,134,117,71,99,115,124,105,97,56,40"/><W58/><G115/><T103/><D118/><U36/><E93/><V1/><F106/><W79/><G117/><T126/><D126/><U46/><E46/><V108/><F108/><W41/><G71/><T94/><D132/><U2/><E2/><V102/><F102/><W112/><G112/><T109/><D109/><U48/><E35/><V100/><F100/><W50/><G134/><T12/><D12/><U133/><E133/><V47/><F28/><W80/><G124/><T81/><D70/><U29/><E29/><V128/><F60/><W38/><G34/><T119/><D66/><U64/><E25/><V3/><F90/><W110/><G26/><T9/><D9/><U114/><E114/><V49/><F1/><W21/><G21/><T73/><D119/><U75/><REACH who="1" step="1"/><E48/><REACH who="1" ten="163,162,405,250" step="2"/><V33/><F33/><W127/><G50/><T83/><REACH who="0" step="1"/><D103/><REACH who="0" ten="153,162,405,250" step="2"/><U65/><E65/><V113/><F113/><W24/><G110/><T8/><D8/><U104/><E104/><V135/><F135/><W89/><G105/><T95/><D95/><U91/><E91/><V52/><F3/><W45/><G89/><T6/><D6/><AGARI ba="1,3" hai="6,10,15,17,18,36,43,44,59,62,64,75,76,82" machi="6" ten="30,7700,0" yaku="1,1,7,1,52,1,53,1" doraHai="69" doraHaiUra="63" who="1" fromWho="0" sc="153,-80,162,110,405,0,250,0" /><INIT seed="4,0,0,2,4,44" ten="73,272,405,250" oya="0" hai0="27,49,40,28,48,98,69,66,82,52,110,21,4" hai1="129,94,53,5,23,55,78,8,45,25,13,0,47" hai2="42,62,130,2,79,17,84,112,22,70,121,33,1" hai3="76,39,67,31,123,89,125,100,95,7,37,102,54"/><T36/><D110/><U116/><E116/><V71/><F33/><W50/><G125/><T46/><D4/><U97/><E129/><V75/><F121/><W124/><G124/><T105/><D82/><U118/><E118/><V6/><F75/><W29/><G123/><T113/><D113/><U58/><E78/><V43/><F112/><W99/><G67/><T90/><D69/><U20/><E0/><V88/><F79/><W68/><G68/><T135/><D66/><U18/><E20/><V41/><F130/><W60/><G60/><T59/><D135/><U24/><E24/><V107/><F107/><W101/><G7/><T63/><REACH who="0" step="1"/><D90/><REACH who="0" ten="63,272,405,250" step="2"/><N who="1" m="55511" /><E53/><V3/><F6/><W83/><G37/><T111/><D111/><U16/><E5/><V73/><F70/><W14/><G39/><T34/><D34/><U96/><E96/><V127/><F71/><W72/><G83/><T81/><D81/><U80/><E80/><V117/><F127/><W92/><G76/><T35/><D35/><U108/><E108/><V120/><F120/><W61/><G72/><T26/><D26/><U91/><E91/><V11/><F73/><W56/><G14/><T109/><D109/><U106/><E106/><V114/><F114/><W57/><G95/><T64/><D64/><U131/><E131/><V85/><F88/><W65/><AGARI ba="0,1" hai="29,31,50,54,56,57,61,65,89,92,99,100,101,102" machi="65" ten="30,4000,0" yaku="0,1,8,1,52,1" doraHai="44" who="3" fromWho="3" sc="63,-20,272,-10,405,-10,250,50" /><INIT seed="5,0,0,4,0,81" ten="43,262,395,300" oya="1" hai0="14,79,98,117,102,133,70,132,118,83,120,20,19" hai1="13,48,52,85,47,1,59,128,53,122,67,25,69" hai2="105,101,45,82,46,29,94,112,27,116,121,126,60" hai3="3,107,40,124,78,109,76,108,91,135,33,86,88"/><U130/><E1/><V28/><F116/><W4/><G33/><T7/><D7/><U97/><E97/><N who="2" m="59575" /><F105/><W49/><G107/><T99/><D70/><U42/><E25/><V22/><F121/><W39/><G39/><T129/><D129/><N who="1" m="49771" /><E13/><V41/><F126/><W58/><G124/><T115/><D115/><U104/><E104/><V34/><F34/><W32/><G32/><T36/><D36/><N who="1" m="21959" /><E85/><V66/><F29/><W63/><G91/><T125/><D125/><U75/><E75/><V2/><F2/><W6/><G135/><T111/><D111/><U26/><E26/><V90/><F112/><W103/><G103/><T113/><D120/><U93/><E93/><V72/><F72/><W12/><G3/><T43/><D43/><U92/><E92/><V65/><F41/><W84/><G108/><T68/><D68/><U18/><E18/><V16/><F28/><W119/><G109/><T87/><D113/><U21/><E21/><V74/><F74/><W73/><G73/><T55/><D55/><N who="1" m="32231" /><E122/><V77/><F77/><W30/><G30/><T131/><D131/><U127/><E127/><V17/><F17/><W9/><G76/><T56/><D56/><U37/><E37/><V123/><F123/><W31/><G78/><T89/><D79/><U54/><E54/><V8/><F8/><W11/><G31/><T50/><D99/><U57/><E69/><N who="2" m="42151" /><F90/><W5/><G4/><T35/><D35/><U114/><E114/><V134/><F22/><W62/><G5/><T10/><D20/><U106/><E106/><V38/><F38/><W51/><G6/><RYUUKYOKU ba="0,0" sc="43,-10,262,30,395,-10,300,-10" hai1="52,53,57,67" /><INIT seed="5,1,0,5,5,76" ten="33,292,385,290" oya="1" hai0="42,29,132,125,79,110,30,77,11,115,20,94,84" hai1="128,117,50,39,41,25,46,124,21,120,57,121,17" hai2="61,64,86,8,59,63,78,72,83,108,68,18,54" hai3="43,99,88,66,7,130,52,15,107,58,53,12,113"/><U129/><E117/><V10/><F108/><W70/><G70/><T75/><D110/><U28/><E124/><V82/><F18/><W34/><G34/><T1/><D125/><U85/><E85/><V90/><AGARI ba="1,0" hai="8,10,54,59,61,63,64,68,72,78,82,83,86,90" machi="90" ten="20,5200,0" yaku="0,1,7,1,52,2" doraHai="76" who="2" fromWho="2" sc="33,-14,292,-27,385,55,290,-14" /><INIT seed="6,0,0,4,5,66" ten="19,265,440,276" oya="2" hai0="98,56,76,35,125,86,88,19,30,84,132,116,134" hai1="50,59,42,27,72,135,118,92,105,81,117,110,15" hai2="75,131,33,103,58,104,51,70,83,129,114,17,7" hai3="3,20,52,82,64,39,2,99,36,87,63,61,44"/><V97/><F70/><W53/><G99/><T127/><D30/><U93/><E105/><V26/><F7/><W121/><G121/><T28/><D28/><U54/><E110/><V38/><F38/><W9/><G20/><T1/><D1/><U45/><E135/><N who="0" m="51753" /><D35/><U57/><E57/><V96/><F96/><W21/><G21/><T74/><D19/><U107/><E107/><V11/><F114/><W10/><G64/><T73/><D56/><U47/><E27/><V101/><F101/><W37/><G87/><N who="0" m="33323" /><D116/><U123/><E123/><V90/><F33/><W115/><G82/><N who="0" m="45327" /><D74/><U24/><E24/><V102/><F75/><W29/><G29/><T41/><D41/><U128/><E45/><V113/><F11/><W67/><G67/><T108/><D108/><U100/><E15/><V133/><F26/><W68/><G39/><T48/><D48/><U106/><E117/><V65/><F51/><W60/><G60/><T25/><D25/><U89/><E118/><V69/><F65/><W112/><G44/><T55/><D55/><U12/><E12/><V16/><F58/><W124/><G68/><T94/><AGARI ba="0,0" hai="88,94,98,125,127" m="45327,33323,51753" machi="94" ten="40,8000,1" yaku="20,1,34,2,54,1" doraHai="66" who="0" fromWho="0" sc="19,80,265,-20,440,-40,276,-20" /><INIT seed="7,0,0,3,5,101" ten="99,245,400,256" oya="3" hai0="80,63,64,127,95,68,88,24,36,23,123,96,99" hai1="38,26,116,20,77,87,84,110,117,131,125,4,108" hai2="49,55,92,48,52,9,112,89,15,29,3,75,114" hai3="47,105,69,97,39,18,67,22,50,121,0,31,27"/><W37/><G121/><T118/><D127/><U19/><E38/><V40/><F75/><W14/><G0/><T34/><D123/><U32/><E125/><V41/><F3/><W129/><G129/><T100/><D36/><U13/><E77/><V11/><F29/><W133/><G133/><T113/><D118/><N who="1" m="45675" /><E131/><V98/><F112/><W16/><G18/><T57/><D113/><U91/><E84/><V5/><F9/><W53/><G67/><T106/><D80/><N who="1" m="49639" /><E4/><V46/><F114/><W109/><G69/><T76/><D76/><U82/><E82/><V71/><F71/><W132/><G132/><T61/><D61/><U72/><E72/><V62/><F62/><W124/><G109/><N who="1" m="42090" /><E32/><V33/><F33/><W128/><G128/><T122/><D122/><U66/><E66/><V126/><F126/><W45/><G45/><AGARI ba="0,0" hai="5,11,15,40,41,45,46,48,49,52,55,89,92,98" machi="45" ten="30,7700,0" yaku="7,1,9,1,8,1,54,1" doraHai="101" who="2" fromWho="3" sc="99,0,245,0,400,77,256,-77" owari="99,-40.1,245,4.5,477,57.7,179,-22.1" /></mjloggm>