<mjloggm ver="2.3"><GO type="169" lobby="0"/><UN n0="%72%65%62%65%65%72" n1="%E9%BB%92%E6%B2%A2%E7%BE%A9%E6%98%8E" n2="%E9%AB%AD%E9%AF%A8" n3="%E5%8D%93%E4%B8%8A%E3%81%AE%E5%85%AC%E5%8B%99%E5%93%A1" dan="16,17,16,16" rate="2151.53,2192.17,2149.50,2141.21" sx="M,M,M,M"/><TAIKYOKU oya="0"/><INIT seed="0,0,0,0,2,97" ten="250,250,250,250" oya="0" hai0="27,75,103,9,58,61,85,2,102,74,41,109,127" hai1="96,68,134,83,59,98,72,86,84,36,91,80,24" hai2="3,132,119,5,21,111,29,100,20,81,131,49,107" hai3="99,88,128,114,1,54,25,62,14,93,108,35,122"/><T130/><D41/><U18/><E68/><V11/><F111/><W126/><G108/><T15/><D109/><U8/><E36/><V12/><F132/><W66/><G114/><T94/><D2/><U44/><E72/><V7/><F131/><W16/><G128/><T4/><D130/><U52/><E44/><V113/><F113/><W37/><G126/><T48/><D127/><U101/><E134/><V79/><F119/><W26/><G122/><T67/><D75/><U104/><E96/><V65/><F65/><W115/><G1/><T32/><D74/><U53/><E59/><V43/><F107/><W78/><G37/><T46/><D32/><U60/><E60/><V117/><F117/><W90/><G35/><T28/><D28/><U63/><E63/><V19/><F7/><W56/><G78/><T33/><D27/><N who="3" m="10249" /><G115/><T39/><D33/><U124/><E124/><V133/><F133/><W125/><G125/><T13/><D13/><U73/><E73/><V34/><F29/><W71/><G71/><T76/><D39/><U118/><E118/><V129/><F34/><W135/><G135/><T42/><D94/><U10/><E10/><V116/><F129/><W89/><G66/><T51/><D51/><U47/><E47/><N who="2" m="25855" /><F116/><W106/><G106/><T23/><D23/><AGARI ba="0,0" hai="14,16,23,54,56,62,88,89,90,93,99" m="10249" machi="23" ten="30,3900,0" yaku="8,1,54,2" doraHai="97" who="3" fromWho="0" sc="250,-39,250,0,250,0,250,39" /><INIT seed="1,0,0,5,2,62" ten="211,250,250,289" oya="1" hai0="51,52,76,102,37,91,46,16,65,10,2,33,90" hai1="97,135,114,58,132,123,103,69,105,36,78,100,86" hai2="120,109,19,32,122,107,44,27,117,112,17,119,106" hai3="72,39,70,67,43,113,23,61,40,82,29,98,92"/><U42/><E69/><V83/><F44/><W34/><G113/><T25/><D37/><U41/><E123/><V104/><F83/><W96/><G34/><T75/><D2/><U9/><E114/><V115/><F32/><W89/><G39/><T26/><D102/><U60/><E103/><V48/><F48/><W63/><G98/><T68/><D75/><U55/><E9/><V110/><F27/><W35/><G35/><T79/><D33/><U94/><E36/><V54/><F54/><W74/><G61/><T99/><D65/><U59/><E59/><V88/><F106/><W108/><G108/><T93/><D90/><AGARI ba="0,0" hai="17,19,88,90,104,107,109,110,112,115,117,119,120,122" machi="90" ten="25,3200,0" yaku="22,2,54,1" doraHai="62" who="2" fromWho="0" sc="211,-32,250,0,250,32,289,0" /><INIT seed="2,0,0,0,4,10" ten="179,250,282,289" oya="2" hai0="44,49,111,62,25,16,103,21,33,85,28,63,95" hai1="71,126,120,134,7,67,92,19,121,104,78,38,116" hai2="82,15,114,101,57,46,93,18,45,102,56,127,117" hai3="9,90,60,131,55,79,1,89,119,133,59,88,122"/><V107/><F114/><W80/><G133/><T130/><D111/><U53/><E104/><V81/><F93/><W91/><G131/><T132/><D132/><U64/><E134/><V106/><F18/><W4/><G122/><N who="1" m="47210" /><E116/><V26/><F26/><W39/><G39/><T72/><D72/><U97/><E38/><V135/><F135/><W14/><N who="3" m="22528" /><DORA hai="32" /><W31/><G31/><T128/><D85/><U108/><E108/><V3/><F127/><W35/><G35/><T129/><D95/><U66/><E7/><V20/><F20/><W41/><G41/><T54/><REACH who="0" step="1"/><D103/><REACH who="0" ten="169,250,282,289" step="2"/><U11/><E92/><V76/><F76/><W70/><G119/><T17/><D17/><U50/><E78/><V99/><F117/><W40/><G40/><T5/><D5/><U68/><E97/><V6/><F6/><W24/><G70/><T87/><D87/><U47/><E126/><V58/><F99/><W73/><REACH who="3" step="1"/><G24/><AGARI ba="0,1" hai="16,21,24,25,28,33,44,49,54,62,63,128,129,130" machi="24" ten="40,5200,0" yaku="1,1,19,1,54,1,53,0" doraHai="10,32" doraHaiUra="112,96" who="0" fromWho="3" sc="169,62,250,0,282,0,289,-52" /><INIT seed="3,0,0,4,4,94" ten="231,250,282,237" oya="3" hai0="35,74,132,30,95,134,24,96,100,80,92,17,116" hai1="50,49,125,62,43,126,66,135,46,113,57,82,71" hai2="2,108,31,28,14,40,12,103,68,93,106,83,0" hai3="81,48,15,22,23,77,118,67,104,76,27,102,36"/><W26/><G36/><T11/><D116/><U111/><E82/><V1/><F108/><W51/><G118/><T97/><D17/><U131/><E113/><V120/><F106/><W79/><G81/><T133/><D11/><U5/><E5/><V37/><F68/><W85/><G85/><T117/><D117/><U105/><E105/><V42/><F83/><W124/><G15/><T129/><D129/><U45/><E111/><V128/><F128/><W123/><G123/><T41/><D41/><N who="1" m="24751" /><E131/><V59/><F59/><W21/><G124/><N who="1" m="47722" /><E135/><V60/><F2/><W63/><G27/><T73/><REACH who="0" step="1"/><D80/><REACH who="0" ten="221,250,282,237" step="2"/><U114/><E114/><V33/><F120/><W119/><G119/><T32/><D32/><U98/><E98/><V10/><F33/><W121/><G121/><T112/><D112/><U86/><E86/><V64/><F10/><W130/><G130/><T4/><D4/><U122/><E122/><V18/><F18/><W90/><G26/><T107/><D107/><U75/><E75/><V34/><F34/><W78/><G104/><T39/><D39/><U84/><E84/><V58/><F37/><W101/><G77/><T61/><D61/><U44/><E43/><V70/><F42/><W6/><G6/><T89/><AGARI ba="0,1" hai="24,30,35,73,74,89,92,95,96,97,100,132,133,134" machi="89" ten="30,8000,1" yaku="1,1,0,1,20,1,52,2,53,0" doraHai="94" doraHaiUra="115" who="0" fromWho="0" sc="221,90,250,-20,282,-20,237,-40" /><INIT seed="4,0,0,1,3,90" ten="311,230,262,197" oya="0" hai0="23,15,55,109,31,122,96,49,59,93,56,35,22" hai1="133,5,28,127,97,89,92,29,131,20,75,11,79" hai2="121,13,64,37,63,14,10,134,130,125,87,53,113" hai3="66,70,17,26,117,65,9,132,60,115,33,119,81"/><T116/><D122/><U123/><E123/><V72/><F121/><W62/><G132/><T3/><D3/><U47/><E133/><V128/><F72/><W85/><G115/><T118/><D109/><U98/><E131/><V52/><F37/><W103/><G9/><T126/><D126/><U77/><E127/><V24/><F113/><W8/><G8/><T18/><D35/><U32/><E32/><V78/><F24/><W6/><G6/><T84/><D84/><U88/><E47/><V12/><F134/><W19/><G103/><T38/><D38/><U45/><E45/><V40/><F40/><W135/><G135/><T27/><REACH who="0" step="1"/><D59/><REACH who="0" ten="301,230,262,197" step="2"/><U36/><E36/><V57/><F125/><W2/><G33/><T54/><D54/><U16/><E75/><V69/><F53/><W0/><G85/><T129/><D129/><N who="2" m="49770" /><F87/><W30/><G70/><T100/><AGARI ba="0,1" hai="15,18,22,23,27,31,49,55,56,93,96,100,116,118" machi="100" ten="20,7800,0" yaku="1,1,0,1,7,1,52,1,53,0" doraHai="90" doraHaiUra="108" who="0" fromWho="0" sc="301,88,230,-26,262,-26,197,-26" /><INIT seed="4,1,0,1,2,106" ten="389,204,236,171" oya="0" hai0="53,41,111,34,14,47,100,125,91,17,65,49,84" hai1="4,21,115,63,88,20,108,96,30,87,57,52,1" hai2="56,76,112,45,31,110,40,51,92,37,133,89,97" hai3="71,118,38,69,33,58,107,73,67,13,122,22,129"/><T99/><D125/><U19/><E108/><V44/><F110/><W74/><G22/><T32/><D65/><U105/><E115/><V66/><F133/><W117/><G13/><T9/><D41/><U24/><E1/><V5/><F31/><W70/><G58/><T35/><D111/><U10/><E105/><V50/><F5/><W102/><G67/><T77/><D77/><U98/><E10/><V16/><F112/><W25/><G129/><T15/><D15/><N who="1" m="9343" /><E4/><V39/><F76/><W62/><G62/><T94/><REACH who="0" step="1"/><D34/><REACH who="0" ten="379,204,236,171" step="2"/><U104/><E104/><AGARI ba="1,1" hai="9,14,17,32,35,47,49,53,84,91,94,99,100,104" machi="104" ten="30,11600,0" yaku="1,1,2,1,7,1,53,1" doraHai="106" doraHaiUra="80" who="0" fromWho="1" sc="379,129,204,-119,236,0,171,0" /><INIT seed="4,2,0,2,5,96" ten="508,85,236,171" oya="0" hai0="119,1,127,122,22,54,59,17,110,51,105,62,76" hai1="89,21,55,116,42,81,95,44,106,13,48,73,34" hai2="37,26,3,47,125,120,131,66,25,61,52,46,4" hai3="69,58,93,70,85,5,102,74,123,43,78,129,90"/><T45/><D1/><U8/><E116/><V67/><F120/><W132/><G43/><T50/><D122/><U83/><E34/><V20/><F131/><W29/><G5/><T92/><D105/><U27/><E106/><V63/><F125/><W97/><G129/><T28/><D127/><U87/><E73/><V113/><F113/><W94/><G132/><T30/><D119/><U32/><E32/><V117/><F117/><W6/><G6/><T134/><D134/><U121/><E42/><V79/><F79/><W104/><G93/><T56/><D110/><U135/><E135/><V128/><F37/><W0/><G0/><T14/><D76/><U107/><E107/><V91/><F91/><W72/><G72/><T130/><D130/><U39/><E39/><V133/><F128/><W31/><G58/><T115/><D92/><U111/><E111/><V112/><F112/><W118/><G118/><T24/><D24/><U19/><REACH who="1" step="1"/><E121/><REACH who="1" ten="508,75,236,171" step="2"/><V60/><F133/><W114/><G123/><T40/><REACH who="0" step="1"/><D115/><REACH who="0" ten="498,75,236,171" step="2"/><U15/><E15/><V82/><F25/><W68/><G114/><T126/><D126/><U2/><E2/><V86/><F3/><W84/><G104/><T33/><D33/><U124/><E124/><V98/><F26/><W64/><G74/><T99/><D99/><U35/><E35/><V75/><F98/><W36/><G97/><T109/><D109/><U77/><E77/><V10/><F75/><W18/><G78/><T38/><D38/><U49/><E49/><V41/><F86/><N who="3" m="52567" /><G36/><T80/><D80/><U108/><E108/><V7/><F82/><RYUUKYOKU ba="2,2" sc="498,15,75,15,236,-15,171,-15" hai0="14,17,22,28,30,40,45,50,51,54,56,59,62" hai1="8,13,19,21,27,44,48,55,81,83,87,89,95" /><INIT seed="4,3,2,0,1,119" ten="513,90,221,156" oya="0" hai0="58,37,77,104,55,114,81,82,121,41,63,53,113" hai1="74,98,115,100,31,68,13,134,40,28,123,35,107" hai2="54,50,45,135,96,21,22,126,101,7,90,91,34" hai3="9,4,49,24,17,116,108,47,76,38,32,57,69"/><T127/><D104/><U60/><E134/><V125/><F34/><W39/><G108/><T25/><D121/><U128/><E128/><V11/><F135/><W56/><G69/><T85/><D127/><N who="2" m="48650" /><F21/><W14/><G116/><T106/><D106/><U84/><E74/><V122/><F22/><N who="3" m="13391" /><G38/><T20/><D37/><U94/><E40/><V43/><F43/><N who="3" m="24831" /><G32/><T111/><D41/><U95/><E31/><V73/><F73/><W103/><G103/><T109/><D82/><U12/><E115/><N who="0" m="44041" /><D55/><U72/><E72/><V42/><F122/><W97/><G97/><T52/><D53/><U78/><E123/><V120/><F42/><W64/><G39/><T33/><D33/><U133/><E133/><V80/><F80/><W51/><G51/><T102/><D102/><U132/><E132/><V10/><F120/><W46/><G46/><T15/><D15/><N who="1" m="5707" /><E78/><V8/><F7/><W44/><G44/><T112/><D112/><U129/><E129/><V5/><F5/><W0/><G0/><T93/><D93/><AGARI ba="3,2" hai="8,10,11,45,50,54,90,91,93,96,101" m="48650" machi="93" ten="30,1000,0" yaku="18,1" doraHai="119" who="2" fromWho="0" sc="513,-19,90,0,221,39,156,0" /><INIT seed="5,0,0,0,5,25" ten="494,90,260,156" oya="1" hai0="83,49,128,46,45,28,17,134,100,57,87,103,68" hai1="88,67,31,61,73,43,75,124,38,51,2,127,122" hai2="90,93,115,133,35,117,135,59,95,5,96,34,53" hai3="112,11,47,30,6,15,81,55,74,94,120,10,56"/><U66/><E122/><V97/><F117/><W3/><G112/><T23/><D68/><U39/><E2/><V70/><F5/><W118/><G120/><T32/><D128/><U91/><E51/><V48/><F70/><W82/><G74/><T1/><D1/><U76/><E43/><V16/><F16/><W60/><G94/><T129/><D134/><N who="2" m="51210" /><F115/><W132/><G118/><T131/><D32/><U119/><E119/><V84/><F84/><W8/><G47/><T92/><D57/><U108/><E76/><V104/><F104/><W21/><G132/><T19/><D92/><U116/><E116/><V58/><F59/><W26/><G8/><T13/><D45/><U98/><E108/><V125/><F125/><W71/><G71/><T111/><D111/><U86/><E86/><V50/><F48/><W65/><REACH who="3" step="1"/><G55/><REACH who="3" ten="494,90,260,146" step="2"/><T37/><D131/><U110/><E110/><V24/><F95/><W113/><G113/><T52/><D129/><U130/><E130/><V77/><F97/><W20/><G20/><T64/><D103/><U78/><E98/><V18/><F77/><W63/><G63/><T72/><D100/><U69/><E69/><V29/><F35/><W89/><G89/><T41/><D46/><U114/><E114/><V101/><F90/><W7/><AGARI ba="0,1" hai="3,6,7,10,11,15,21,26,30,56,60,65,81,82" machi="7" ten="20,5200,0" yaku="1,1,0,1,7,1,52,1,53,0" doraHai="25" doraHaiUra="102" who="3" fromWho="3" sc="494,-13,90,-26,260,-13,146,62" /><INIT seed="6,0,0,4,5,133" ten="481,64,247,208" oya="2" hai0="83,99,3,75,114,12,14,122,18,129,98,15,70" hai1="86,85,88,0,16,19,94,73,21,111,6,13,100" hai2="117,126,7,49,78,56,74,44,35,77,107,30,80" hai3="8,58,81,36,106,17,121,120,39,23,84,52,97"/><V135/><F117/><W20/><G8/><T25/><D70/><U9/><E111/><V29/><F107/><W113/><G113/><T115/><D3/><U11/><E73/><V69/><F69/><W28/><G28/><T72/><D122/><U32/><E32/><V130/><F77/><W26/><G23/><N who="0" m="13559" /><D129/><U40/><E100/><V60/><F7/><W93/><G106/><T34/><D34/><U48/><E40/><V66/><F135/><W38/><G84/><T41/><D41/><U24/><REACH who="1" step="1"/><E48/><REACH who="1" ten="481,54,247,208" step="2"/><V59/><F49/><W33/><G33/><T37/><D75/><U42/><E42/><V10/><F35/><W91/><REACH who="3" step="1"/><G81/><REACH who="3" ten="481,54,247,198" step="2"/><T105/><D83/><U68/><E68/><V132/><F80/><W87/><G87/><AGARI ba="0,2" hai="0,6,9,11,13,16,19,21,24,85,86,87,88,94" machi="87" ten="30,7700,0" yaku="1,1,7,1,54,2,53,0" doraHai="133" doraHaiUra="47" who="1" fromWho="3" sc="481,0,54,97,247,0,198,-77" /><INIT seed="7,0,0,5,4,22" ten="481,151,247,121" oya="3" hai0="18,47,78,99,121,20,74,3,60,124,134,126,57" hai1="106,69,104,80,135,67,82,27,107,35,132,33,92" hai2="114,42,101,100,26,19,36,97,41,68,108,70,91" hai3="8,85,48,131,86,103,40,120,96,62,51,123,23"/><W11/><G131/><T29/><D121/><U81/><E92/><V21/><F108/><W129/><G129/><T61/><D134/><N who="1" m="51243" /><E27/><V13/><F114/><W17/><G123/><T34/><D61/><AGARI ba="0,0" hai="33,35,61,67,69,80,81,82,104,106,107" m="51243" machi="61" ten="40,1300,0" yaku="20,1" doraHai="22" who="1" fromWho="0" sc="481,-13,151,13,247,0,121,0" owari="468,56.8,164,-23.6,247,4.7,121,-37.9" /></mjloggm>