<mjloggm ver="2.3"><GO type="169" lobby="0"/><UN n0="%E3%82%A2%E3%83%B3%E3%81%95%E3%82%93" n1="%53%6F%6C%69%64" n2="%E5%A4%A7%E4%BB%81%E7%94%B0%E8%96%84" n3="%E3%81%9B%E3%81%A9%E3%81%AA%E3%82%8A%E3%81%82%E3%82%93" dan="18,17,17,17" rate="2240.86,2145.02,2200.74,2168.45" sx="M,M,M,F"/><TAIKYOKU oya="0"/><INIT seed="0,0,0,5,3,3" ten="250,250,250,250" oya="0" hai0="1,0,75,113,22,50,88,81,35,127,94,33,45" hai1="30,106,63,60,119,46,13,114,27,37,130,111,103" hai2="115,80,5,20,109,95,36,16,98,17,14,56,55" hai3="123,2,128,104,117,31,121,6,23,49,82,48,25"/><T73/><D113/><U18/><E119/><V86/><F115/><W62/><G104/><T47/><D127/><U68/><E114/><V52/><F109/><W74/><G62/><T99/><D0/><U10/><E111/><V90/><F36/><W26/><G48/><T93/><D1/><U71/><E130/><V4/><F17/><N who="3" m="12527" /><G49/><T8/><D47/><U76/><E76/><V78/><F55/><W12/><G82/><T100/><D8/><U53/><E63/><AGARI ba="0,0" hai="4,5,14,16,20,52,56,63,78,80,86,90,95,98" machi="63" ten="30,12000,2" yaku="7,1,8,1,52,2,54,2" doraHai="3" who="2" fromWho="1" sc="250,0,250,-120,250,120,250,0" /><INIT seed="1,0,0,5,1,116" ten="250,130,370,250" oya="1" hai0="72,21,125,84,98,67,101,5,49,113,70,13,90" hai1="4,42,100,10,29,11,41,27,126,82,18,69,128" hai2="3,81,50,135,131,20,78,34,71,9,0,73,39" hai3="83,55,118,133,33,12,92,31,63,123,60,52,109"/><U26/><E69/><V106/><F34/><W47/><G118/><T74/><D113/><U96/><E126/><V25/><F39/><W46/><G109/><T38/><D38/><U94/><E128/><V19/><F131/><W65/><G33/><T105/><D125/><U8/><E4/><V95/><F106/><W89/><G31/><T114/><D114/><U124/><E124/><V68/><F135/><W87/><G123/><T48/><D48/><U107/><E107/><V17/><F95/><W30/><G30/><T53/><D67/><U6/><E6/><V127/><F127/><W120/><G120/><T104/><D70/><U14/><E82/><V54/><F3/><W58/><G133/><T2/><D2/><U44/><E29/><V59/><F0/><W23/><G83/><T110/><D104/><U102/><E102/><V22/><REACH who="2" step="1"/><F9/><REACH who="2" ten="250,130,360,250" step="2"/><W119/><G119/><T132/><D132/><U24/><REACH who="1" step="1"/><E41/><REACH who="1" ten="250,120,360,250" step="2"/><V117/><F117/><W88/><G92/><T79/><D105/><U122/><E122/><V112/><F112/><W43/><G43/><T130/><D130/><U85/><E85/><V16/><F16/><W28/><G87/><T121/><D84/><U99/><E99/><V93/><F93/><W77/><G28/><T32/><D98/><U80/><E80/><V37/><F37/><AGARI ba="0,2" hai="8,10,11,14,18,24,26,27,37,42,44,94,96,100" machi="37" ten="40,2000,0" yaku="1,1,53,0" doraHai="116" doraHaiUra="115" who="1" fromWho="2" sc="250,0,120,40,360,-20,250,0" /><INIT seed="1,1,0,1,2,84" ten="250,160,340,250" oya="1" hai0="60,104,45,64,30,11,44,56,6,91,100,66,67" hai1="92,98,96,90,73,24,40,34,112,7,85,14,69" hai2="18,63,1,28,99,103,77,53,126,52,83,8,109" hai3="89,123,38,61,68,72,19,121,10,47,3,58,0"/><U9/><E112/><V43/><F109/><W41/><G72/><T15/><D30/><U105/><E73/><V95/><F126/><W25/><G68/><T39/><D39/><U35/><E69/><V4/><F28/><W16/><G121/><T97/><REACH who="0" step="1"/><D91/><REACH who="0" ten="240,160,340,250" step="2"/><U54/><E105/><V50/><F18/><W110/><G123/><T71/><D71/><U101/><E35/><V134/><F134/><W48/><G110/><T76/><D76/><U33/><E33/><V42/><F63/><W51/><G38/><T117/><D117/><U5/><E34/><V31/><F31/><W129/><G61/><T13/><D13/><U32/><E32/><V132/><F132/><W88/><G0/><T29/><D29/><U21/><E14/><V135/><F135/><W2/><G3/><T106/><D106/><U17/><E90/><N who="3" m="34922" /><G2/><T78/><D78/><U93/><E101/><V122/><F122/><W27/><G129/><T107/><D107/><U36/><E36/><V65/><F77/><W127/><G127/><T115/><D115/><U113/><E113/><V125/><F125/><W108/><G108/><T130/><D130/><U116/><E116/><V55/><F1/><W80/><G80/><T70/><D70/><U12/><E93/><V75/><F83/><W57/><G51/><T111/><D111/><U102/><E92/><V82/><F82/><W94/><G94/><T59/><D59/><N who="3" m="22537" /><G19/><T20/><D20/><U79/><E21/><V133/><F50/><W87/><G87/><T120/><D120/><U131/><E85/><V119/><F133/><W74/><G74/><RYUUKYOKU ba="1,1" sc="240,15,160,-15,340,-15,250,15" hai0="6,11,15,44,45,56,60,64,66,67,97,100,104" hai3="10,16,25,27,41,47,48" /><INIT seed="2,2,1,1,3,52" ten="255,145,325,265" oya="2" hai0="81,116,14,105,33,68,87,58,134,100,95,118,59" hai1="3,85,18,90,43,78,104,102,51,40,115,39,64" hai2="55,66,60,82,7,19,119,35,106,38,56,10,17" hai3="9,83,75,61,99,120,109,117,114,53,89,103,37"/><V111/><F119/><N who="0" m="45610" /><D68/><U8/><E115/><V96/><F38/><W57/><G117/><T122/><D122/><U74/><E64/><V110/><F35/><W1/><G120/><T27/><D105/><U123/><E123/><V16/><F82/><W98/><G37/><T72/><D14/><U80/><E51/><V24/><F24/><W45/><G109/><N who="2" m="41481" /><F66/><W128/><G128/><T36/><D36/><U54/><E54/><V79/><F79/><W131/><G131/><T12/><D12/><U67/><E67/><V49/><F49/><W108/><G53/><T15/><D15/><U94/><E39/><V101/><F17/><W76/><G83/><T50/><D50/><U86/><E86/><V71/><F71/><W21/><G76/><N who="0" m="44167" /><D134/><U107/><E18/><V73/><F73/><W93/><G75/><T22/><D33/><U13/><E13/><AGARI ba="2,1" hai="7,10,13,16,19,55,56,60,96,101,106" m="41481" machi="13" ten="30,11600,0" yaku="14,1,10,1,52,1,54,1" doraHai="52" who="2" fromWho="1" sc="255,0,145,-122,325,132,265,0" /><INIT seed="2,3,0,3,1,3" ten="255,23,457,265" oya="2" hai0="133,103,46,48,128,4,64,54,80,125,66,23,114" hai1="120,55,99,102,134,83,41,60,67,122,124,21,85" hai2="86,107,117,98,6,20,53,89,126,2,11,91,100" hai3="59,105,127,121,95,79,112,73,51,35,9,30,33"/><V131/><F126/><W26/><G105/><T110/><D114/><U57/><E124/><V65/><F131/><W13/><G127/><T109/><D125/><U10/><E134/><V77/><F117/><W90/><G121/><N who="1" m="46698" /><E41/><V94/><F65/><W96/><G112/><T61/><D133/><U31/><E10/><V1/><F77/><W87/><G73/><T81/><D128/><U113/><E113/><V34/><F34/><W92/><G79/><T78/><D66/><U56/><E31/><V74/><F74/><W39/><G39/><T129/><D129/><U76/><E21/><V123/><F123/><W25/><G35/><T130/><D23/><U24/><E24/><V71/><F71/><W14/><G14/><T7/><D103/><U75/><E75/><V72/><F72/><W42/><G30/><T19/><D19/><U111/><E111/><N who="0" m="42505" /><D130/><U106/><E55/><V88/><F2/><W28/><G28/><T70/><D78/><U37/><E37/><V17/><REACH who="2" step="1"/><F53/><REACH who="2" ten="255,23,447,265" step="2"/><N who="3" m="32191" /><G33/><T47/><D64/><U63/><E63/><V116/><F116/><W135/><G135/><T118/><D118/><U62/><E62/><V104/><F104/><W115/><G115/><T32/><D32/><U93/><E106/><V50/><F50/><W29/><G42/><N who="0" m="24663" /><D70/><AGARI ba="3,1" hai="56,57,60,67,70,76,83,85,93,99,102" m="46698" machi="70" ten="30,1000,0" yaku="13,1" doraHai="3" who="1" fromWho="0" sc="255,-19,23,29,447,0,265,0" /><INIT seed="3,0,0,1,1,23" ten="236,52,447,265" oya="3" hai0="50,57,12,113,70,30,46,5,6,84,116,51,69" hai1="24,95,40,68,0,26,89,104,33,77,92,99,82" hai2="34,118,125,9,100,59,3,134,129,38,75,41,71" hai3="127,4,131,83,7,56,107,28,80,20,62,90,13"/><W55/><G107/><T36/><D116/><U1/><E33/><V58/><RYUUKYOKU type="yao9" ba="0,0" sc="236,0,52,0,447,0,265,0" hai2="3,9,34,38,41,58,59,71,75,100,118,125,129,134" /><INIT seed="3,1,0,3,2,101" ten="236,52,447,265" oya="3" hai0="22,52,98,65,72,51,104,105,116,109,127,69,35" hai1="28,62,15,121,46,108,94,92,36,29,91,100,115" hai2="43,58,113,40,12,41,102,63,48,84,123,34,71" hai3="81,79,24,74,14,49,2,64,33,6,86,57,125"/><W67/><G125/><T8/><D116/><U129/><E115/><V107/><F34/><W88/><G2/><T32/><D72/><U30/><E121/><V9/><F113/><W119/><G119/><T7/><D22/><U133/><E108/><V55/><F123/><W27/><G33/><T80/><D109/><U96/><E129/><V3/><F3/><W135/><G135/><T25/><D127/><U26/><E133/><V73/><F73/><W120/><G120/><T95/><D80/><U0/><E0/><V82/><F71/><W103/><G103/><T122/><D122/><U20/><E15/><V11/><F107/><W18/><G6/><T132/><D132/><U60/><E46/><N who="2" m="25671" /><F102/><W114/><G114/><T13/><D35/><U38/><E38/><V131/><F131/><W56/><G79/><T106/><D65/><N who="3" m="25161" /><G74/><T78/><D78/><U90/><E36/><V89/><F9/><W1/><G1/><T77/><D77/><U110/><E110/><V10/><F11/><N who="3" m="6495" /><G49/><T54/><D51/><U17/><REACH who="1" step="1"/><E100/><REACH who="1" ten="236,42,447,265" step="2"/><V5/><AGARI ba="1,1" hai="5,10,12,41,43,55,58,63,82,84,89" m="25671" machi="5" ten="30,1100,0" yaku="8,1" doraHai="101" who="2" fromWho="2" sc="236,-4,42,-4,447,24,265,-6" /><INIT seed="4,0,0,3,5,104" ten="232,38,471,259" oya="0" hai0="43,26,85,83,49,23,64,48,81,54,41,67,8" hai1="14,87,35,13,72,62,120,111,60,70,88,24,4" hai2="99,71,95,36,18,29,116,32,1,28,102,78,57" hai3="80,73,50,122,135,76,126,17,21,79,84,53,109"/><T52/><D8/><U46/><E111/><V59/><F71/><W44/><G109/><T96/><D96/><U123/><E46/><V12/><F1/><W22/><G126/><T31/><D85/><U112/><E112/><V33/><F36/><W121/><G135/><T0/><D0/><U134/><E134/><V40/><F40/><W25/><G22/><T7/><D23/><U130/><E130/><V132/><F116/><W110/><G110/><T114/><D114/><U113/><E113/><V119/><F119/><W103/><G103/><T133/><D133/><U42/><E42/><V5/><F5/><W125/><G125/><T11/><D11/><U108/><E108/><V115/><F78/><W2/><G2/><T101/><D101/><U106/><E106/><V39/><F39/><W10/><G10/><T75/><D31/><U94/><E72/><V15/><F15/><W63/><G63/><T58/><D58/><U128/><E128/><V68/><F68/><W20/><G20/><T129/><D129/><U118/><E118/><V117/><F117/><W55/><G55/><T90/><D75/><U51/><E51/><V127/><F127/><W74/><G79/><T69/><D69/><U91/><E91/><V89/><F102/><W124/><G124/><T27/><D90/><U38/><E38/><V45/><F45/><W92/><G92/><T98/><D98/><U19/><E4/><AGARI ba="0,0" hai="4,7,26,27,41,43,48,49,52,54,64,67,81,83" machi="4" ten="25,9600,0" yaku="22,2,8,1,54,1" doraHai="104" who="0" fromWho="1" sc="232,96,38,-96,471,0,259,0" owari="328,12.8,-58,-55.8,471,57.1,259,-14.1" /></mjloggm>