<mjloggm ver="2.3"><GO type="169" lobby="0"/><UN n0="%73%61%69%63%68%61%6E%7A" n1="%E3%82%B0%E3%83%AA%E3%83%B3" n2="%4D%72%52%41%4D%4F" n3="%E6%81%8B%E3%81%AE%E3%81%86%E3%81%9F" dan="16,16,16,17" rate="2167.72,2165.59,2135.26,2276.55" sx="M,M,M,M"/><TAIKYOKU oya="0"/><INIT seed="0,0,0,5,1,73" ten="250,250,250,250" oya="0" hai0="9,118,7,47,50,26,69,108,36,76,41,33,114" hai1="75,112,79,0,121,90,72,15,129,16,2,78,70" hai2="107,109,32,125,124,82,122,17,68,49,95,80,74" hai3="93,48,65,84,13,83,58,22,52,40,104,63,43"/><T51/><D114/><U119/><E119/><V18/><F68/><W71/><G104/><T126/><D118/><U100/><E121/><V94/><F32/><W29/><G93/><N who="2" m="35337" /><F49/><W62/><G62/><T20/><D126/><N who="2" m="48746" /><F18/><W106/><G106/><T85/><D108/><U24/><E100/><V21/><F122/><W38/><G38/><T60/><D33/><U113/><E90/><V92/><F107/><W132/><G132/><T42/><D42/><U46/><E46/><V53/><F53/><W97/><G97/><T117/><D117/><U120/><E24/><V127/><F127/><W130/><G130/><T96/><D96/><U27/><E27/><V134/><F134/><W101/><G101/><T19/><D60/><U14/><E70/><V77/><F92/><W54/><G54/><T59/><D69/><U37/><E120/><V105/><F105/><W102/><G102/><T1/><REACH who="0" step="1"/><D59/><REACH who="0" ten="240,250,250,250" step="2"/><U66/><E113/><V88/><F109/><W12/><G40/><T67/><D67/><U39/><E66/><V56/><F56/><W8/><G43/><T110/><D110/><U61/><E61/><V3/><F3/><W98/><G98/><T111/><D111/><U30/><E112/><V64/><F64/><W131/><G71/><T6/><D6/><U91/><BYE who="0" /><E129/><V89/><F82/><W115/><G131/><T103/><D103/><U23/><E91/><V31/><F31/><W128/><G128/><T44/><D44/><U81/><E81/><V25/><AGARI ba="0,1" hai="17,21,25,74,77,80,88,89" m="48746,35337" machi="25" ten="30,4000,0" yaku="18,1,52,1,54,1" doraHai="73" who="2" fromWho="2" sc="240,-20,250,-10,250,50,250,-10" /><INIT seed="1,0,0,3,2,46" ten="220,240,300,240" oya="1" hai0="78,113,34,119,33,111,121,7,66,132,120,51,131" hai1="88,100,114,49,36,19,75,81,87,40,53,55,2" hai2="67,9,104,99,42,72,29,124,57,22,65,115,23" hai3="112,10,50,59,122,128,70,96,56,31,41,105,109"/><U90/><E114/><V133/><F72/><UN n0="%73%61%69%63%68%61%6E%7A" /><W95/><G122/><N who="0" m="47211" /><D78/><U101/><E36/><V26/><F115/><W47/><G109/><T16/><D113/><U18/><E2/><V89/><F124/><W14/><G128/><T118/><D66/><U106/><E75/><V5/><F133/><W25/><G70/><T82/><D82/><U28/><E28/><V6/><F42/><W37/><G105/><T24/><D131/><U107/><E40/><V103/><F89/><W35/><G37/><T15/><D111/><U117/><E117/><N who="0" m="44553" /><D51/><U54/><E49/><V8/><F23/><W77/><G77/><T85/><D85/><U12/><E90/><V69/><F69/><W71/><G71/><T73/><D73/><U64/><E64/><V68/><F68/><W110/><G110/><T60/><D60/><U76/><E76/><V79/><F79/><W123/><G123/><T27/><D7/><U30/><E30/><V38/><F38/><W94/><G112/><T74/><D132/><U91/><E91/><V58/><F65/><W61/><G61/><T125/><D125/><U102/><REACH who="1" step="1"/><E19/><REACH who="1" ten="220,230,300,240" step="2"/><V126/><F126/><W48/><G48/><T3/><D3/><U43/><E43/><V17/><F17/><W127/><G127/><T86/><D74/><U108/><E108/><V11/><F67/><W4/><G41/><T116/><D116/><U98/><E98/><V20/><F99/><W130/><G96/><T129/><D129/><U80/><E80/><V84/><F29/><W44/><G130/><T52/><D86/><U13/><E13/><V21/><F84/><RYUUKYOKU ba="0,1" sc="220,-10,230,30,300,-10,240,-10" hai1="12,18,53,54,55,81,87,88,100,101,102,106,107" /><INIT seed="1,1,1,0,0,34" ten="210,260,290,230" oya="1" hai0="29,19,104,77,0,55,41,95,123,38,59,113,40" hai1="135,21,102,106,99,30,114,124,98,46,105,65,54" hai2="97,7,85,118,63,45,87,121,39,107,132,70,73" hai3="82,68,131,96,4,61,111,80,86,47,11,60,101"/><U109/><E114/><V91/><F118/><W33/><G33/><T2/><D104/><U57/><E124/><V76/><F121/><W48/><G111/><T50/><D113/><U36/><E109/><V64/><F132/><W14/><G82/><T126/><D126/><U89/><E135/><V83/><F7/><W115/><G68/><T9/><D29/><U92/><E65/><V120/><F120/><W6/><G6/><T67/><D123/><U127/><E106/><V129/><F129/><W25/><G25/><T32/><D32/><U110/><E127/><V122/><F122/><W108/><G131/><T24/><D77/><U103/><E110/><V31/><F31/><W130/><G108/><T42/><D38/><U13/><E89/><V22/><F22/><W15/><G15/><T23/><D9/><U35/><E35/><V53/><F53/><W56/><G56/><T75/><D75/><U8/><E46/><V26/><F26/><W17/><G17/><T71/><REACH who="0" step="1"/><D95/><REACH who="0" ten="200,260,290,230" step="2"/><U51/><E36/><V43/><F107/><N who="3" m="63911" /><G115/><T128/><D128/><U119/><E119/><V27/><F73/><W93/><G93/><T16/><D16/><N who="1" m="10383" /><E30/><V117/><F117/><W62/><G130/><T112/><D112/><U69/><E8/><V125/><F125/><W134/><G134/><T49/><D49/><N who="1" m="30927" /><E69/><V74/><F74/><W81/><G48/><T84/><D84/><U18/><E18/><V78/><F85/><W20/><G86/><T28/><D28/><U94/><E105/><V88/><F70/><W1/><G47/><T58/><D58/><U44/><E44/><RYUUKYOKU ba="1,2" sc="200,10,260,10,290,-30,230,10" hai0="0,2,19,23,24,40,41,42,50,55,59,67,71" hai1="51,92,94,98,99,102,103" hai3="1,4,11,14,20,60,61,62,80,81" /><INIT seed="1,2,2,4,2,107" ten="210,270,260,240" oya="1" hai0="56,30,47,66,48,84,72,22,74,92,54,26,61" hai1="52,96,132,11,106,62,78,133,41,134,111,110,27" hai2="120,36,125,20,85,70,3,0,43,89,50,49,60" hai3="67,135,103,97,42,115,13,112,109,131,88,129,1"/><U76/><E41/><V38/><F120/><W31/><G1/><T17/><D84/><U114/><E11/><V117/><F117/><W2/><G2/><T12/><REACH who="0" step="1"/><D92/><REACH who="0" ten="200,270,260,240" step="2"/><U102/><E114/><V4/><F85/><W44/><G115/><T33/><AGARI ba="2,3" hai="12,17,22,26,30,33,47,48,54,56,61,66,72,74" machi="33" ten="20,12000,2" yaku="1,1,2,1,0,1,7,1,52,2,53,0" doraHai="107" doraHaiUra="94" who="0" fromWho="0" sc="200,156,270,-62,260,-32,240,-32" /><INIT seed="2,0,0,2,5,76" ten="356,208,228,208" oya="2" hai0="0,79,11,86,21,36,34,20,111,6,70,51,32" hai1="15,30,89,73,28,55,81,100,114,77,88,112,133" hai2="91,48,61,85,103,120,68,29,50,54,131,59,80" hai3="97,43,132,16,72,126,93,130,1,26,94,106,117"/><V9/><F131/><W74/><G1/><T56/><D70/><U23/><E133/><V121/><F103/><W44/><G117/><T125/><D36/><U58/><E100/><V110/><F110/><W12/><G126/><T41/><D111/><U53/><E55/><V69/><F29/><W45/><G106/><T105/><D105/><U87/><E89/><V4/><F48/><W95/><G26/><T39/><D125/><U17/><E114/><V14/><REACH who="2" step="1"/><F50/><REACH who="2" ten="356,208,218,208" step="2"/><W90/><G130/><T101/><D101/><U119/><E112/><V124/><F124/><W63/><G132/><T134/><D51/><N who="1" m="31039" /><E119/><V40/><F40/><W65/><G43/><T78/><D41/><U129/><E129/><V3/><F3/><W19/><G44/><T57/><D0/><U98/><E73/><V42/><F42/><W82/><G72/><T113/><D134/><U135/><E135/><V37/><F37/><W35/><G45/><T116/><D39/><U66/><E66/><V115/><F115/><W109/><G109/><T10/><D113/><U49/><E49/><V38/><F38/><W2/><G2/><T52/><D116/><U104/><E104/><V83/><F83/><W22/><G74/><T5/><D52/><U7/><E30/><V118/><F118/><W75/><G75/><T64/><D64/><U27/><E28/><V102/><F102/><W108/><G108/><T60/><D34/><U67/><E67/><V33/><F33/><W99/><G35/><T31/><D32/><U62/><E81/><V92/><F92/><W8/><G82/><T96/><D31/><RYUUKYOKU ba="0,1" sc="356,-10,208,-10,218,30,208,-10" hai2="4,9,14,54,59,61,68,69,80,85,91,120,121" /><INIT seed="2,1,1,5,4,23" ten="346,198,248,198" oya="2" hai0="22,124,33,67,109,21,61,20,30,115,101,69,34" hai1="53,86,13,127,96,36,24,95,125,60,113,68,105" hai2="44,82,128,72,88,35,4,77,1,55,126,112,40" hai3="79,114,62,56,97,47,26,91,99,0,25,38,119"/><V110/><F112/><W92/><G119/><T129/><D115/><U32/><E113/><V78/><F128/><W18/><G0/><T103/><D129/><U31/><E36/><V2/><F126/><N who="1" m="48137" /><E105/><V70/><F70/><W104/><G114/><T9/><D124/><U11/><E86/><V28/><F78/><W122/><G122/><T57/><D109/><U71/><E53/><V63/><F110/><W120/><G120/><T108/><D108/><U58/><E58/><V121/><F121/><W98/><G18/><T117/><D117/><U10/><E60/><V89/><F55/><W48/><G38/><T133/><D133/><U3/><E3/><V66/><F1/><W43/><G79/><T17/><D57/><U123/><E10/><N who="2" m="2327" /><F63/><W93/><G104/><T8/><D9/><U74/><E74/><V134/><F66/><W80/><G80/><T49/><D49/><U135/><E135/><V90/><F134/><W132/><G132/><T106/><D106/><U81/><E81/><V14/><F14/><W16/><G92/><T94/><D94/><U75/><E75/><V27/><F90/><W42/><G42/><T54/><D54/><U37/><E37/><AGARI ba="1,1" hai="27,28,35,37,40,44,72,77,82,88,89" m="2327" machi="37" ten="30,5800,0" yaku="25,1,52,1,54,1" doraHai="23" who="2" fromWho="1" sc="346,0,198,-61,248,71,198,0" /><INIT seed="2,2,0,3,1,33" ten="346,137,319,198" oya="2" hai0="74,32,110,24,54,83,135,26,109,65,117,46,100" hai1="40,95,53,71,102,56,59,6,66,75,3,43,49" hai2="122,86,37,82,78,69,134,77,8,16,10,11,85" hai3="38,104,63,118,76,98,17,48,41,80,44,115,23"/><V116/><F122/><W130/><G118/><T84/><D135/><U119/><E75/><V57/><F69/><W21/><G130/><T88/><D117/><U30/><E119/><V91/><F37/><W121/><G121/><T62/><D74/><U123/><E123/><V124/><F124/><W7/><G115/><T99/><D46/><U68/><E30/><V61/><F134/><W58/><G104/><N who="0" m="63519" /><D54/><N who="1" m="31823" /><E95/><V52/><F116/><W70/><G7/><T5/><D5/><U2/><E102/><V120/><F120/><W93/><G70/><N who="1" m="26666" /><E3/><V87/><F77/><W103/><G38/><T19/><D19/><U9/><E9/><V105/><F105/><W67/><REACH who="3" step="1"/><G17/><REACH who="3" ten="346,137,319,188" step="2"/><T113/><D113/><U125/><E6/><V0/><F0/><W111/><G111/><T14/><D109/><U128/><E2/><V129/><F129/><W133/><G133/><T94/><D110/><U81/><E128/><V47/><F16/><W132/><G132/><T101/><D26/><U42/><E125/><V22/><F22/><W131/><G131/><T51/><D24/><U4/><E4/><V20/><F20/><W107/><G107/><T50/><D14/><U15/><E15/><V55/><F78/><W60/><G60/><T97/><D32/><U89/><E81/><V127/><F127/><W28/><G28/><T73/><D73/><AGARI ba="2,1" hai="21,23,41,44,48,58,63,67,73,76,80,93,98,103" machi="73" ten="30,2000,0" yaku="1,1,7,1,53,0" doraHai="33" doraHaiUra="29" who="3" fromWho="0" sc="346,-26,137,0,319,0,188,36" /><INIT seed="3,0,0,0,1,53" ten="320,137,319,224" oya="3" hai0="91,109,116,86,3,23,125,14,15,124,103,39,45" hai1="87,115,31,126,60,74,0,69,47,8,27,28,26" hai2="44,111,129,43,80,66,92,33,119,62,36,131,85" hai3="114,120,133,61,88,6,54,123,55,10,35,42,99"/><W122/><G114/><T83/><D3/><U64/><E115/><V46/><F119/><W16/><G35/><T82/><D116/><U127/><E74/><V100/><F33/><W108/><G42/><N who="0" m="22751" /><D109/><U134/><E134/><V73/><F111/><W56/><G108/><T49/><D103/><U17/><E47/><V24/><F73/><W50/><G133/><T104/><D104/><U67/><E87/><V7/><F46/><W68/><G68/><T63/><D49/><U34/><E67/><V135/><F135/><W58/><G16/><N who="0" m="10647" /><D15/><U117/><E117/><V2/><F24/><W72/><G72/><T41/><D63/><U5/><REACH who="1" step="1"/><E17/><REACH who="1" ten="320,127,319,224" step="2"/><V102/><F85/><W71/><G71/><T48/><D41/><U1/><E1/><V21/><F2/><W93/><G120/><T57/><D83/><U9/><E9/><V94/><F80/><W101/><G101/><T12/><D82/><U106/><E106/><V118/><F118/><W75/><G75/><T52/><D12/><AGARI ba="0,1" hai="6,10,12,50,54,55,56,58,61,88,93,99,122,123" machi="12" ten="30,11600,0" yaku="7,1,52,2,54,1" doraHai="53" who="3" fromWho="0" sc="320,-116,127,0,319,0,224,126" /><INIT seed="3,1,0,0,3,119" ten="204,127,319,350" oya="3" hai0="135,73,58,107,41,19,53,87,6,34,20,13,63" hai1="1,124,2,52,134,121,18,79,69,68,109,59,111" hai2="115,113,23,88,12,28,129,49,72,48,92,100,84" hai3="38,125,40,120,60,11,51,112,85,74,3,99,104"/><W91/><G112/><T55/><D73/><U27/><E79/><V35/><F72/><W9/><G74/><T62/><D107/><U22/><E124/><V93/><F129/><W44/><G125/><T4/><D34/><U21/><E134/><V95/><F35/><W123/><G11/><T94/><D135/><U122/><E68/><V128/><F128/><W108/><G108/><N who="1" m="41546" /><E69/><V15/><F113/><W78/><G60/><T0/><D41/><U76/><E76/><V70/><F70/><W47/><G78/><T50/><D0/><N who="1" m="107" /><E22/><V10/><F115/><W66/><G66/><T89/><REACH who="0" step="1"/><D63/><AGARI ba="1,0" hai="18,21,27,52,59,63,121,122" m="107,41546" machi="63" ten="30,7700,0" yaku="14,1,52,2,54,1" doraHai="119" who="1" fromWho="0" sc="204,-80,127,80,319,0,350,0" /><INIT seed="4,0,0,4,5,50" ten="124,207,319,350" oya="0" hai0="55,119,69,17,59,102,109,101,33,60,93,52,83" hai1="127,48,35,91,44,65,87,68,25,103,120,41,27" hai2="63,40,85,11,64,77,1,98,22,62,67,42,72" hai3="30,133,105,84,76,115,34,90,4,12,124,13,86"/><T107/><D107/><U46/><E120/><V32/><F72/><W95/><G115/><T38/><D119/><U75/><E75/><V37/><F32/><W14/><G105/><T94/><D69/><U125/><E103/><N who="0" m="39433" /><D33/><U58/><E68/><V132/><F98/><W23/><G133/><T134/><D38/><U112/><E112/><V116/><F132/><W31/><G124/><N who="1" m="47690" /><E35/><V82/><F116/><W54/><G4/><T20/><D134/><U45/><E65/><V126/><F126/><W131/><G131/><T2/><D2/><U26/><E58/><V66/><F37/><W71/><G71/><T49/><D83/><AGARI ba="0,0" hai="25,26,27,41,44,45,46,48,83,87,91" m="47690" machi="83" ten="30,1000,0" yaku="18,1" doraHai="50" who="1" fromWho="0" sc="124,-10,207,10,319,0,350,0" /><INIT seed="5,0,0,3,4,101" ten="114,217,319,350" oya="1" hai0="129,45,135,97,80,117,99,12,16,8,108,96,107" hai1="10,119,38,110,105,28,89,65,81,14,66,79,58" hai2="59,29,40,41,54,113,19,109,34,111,43,37,3" hai3="7,5,106,11,112,128,26,134,17,78,1,15,86"/><U100/><E119/><V74/><F74/><W76/><G106/><T4/><D117/><U127/><E38/><V122/><F122/><W102/><G102/><T33/><D108/><U98/><E110/><V35/><F37/><W21/><G112/><T91/><D129/><U30/><E89/><V84/><F3/><W0/><G134/><T73/><D135/><U68/><E68/><V125/><F125/><W57/><G128/><T31/><D107/><U71/><E71/><V44/><F44/><W50/><G1/><T24/><D45/><U23/><E127/><V22/><F84/><W85/><G7/><T72/><D91/><U55/><E23/><V64/><F64/><W93/><G0/><T39/><D39/><U42/><E42/><V60/><F113/><W95/><G86/><T103/><D103/><U63/><E66/><V92/><F92/><N who="3" m="35403" /><G85/><T132/><D132/><U32/><E32/><V25/><REACH who="2" step="1"/><F35/><REACH who="2" ten="114,217,309,350" step="2"/><W62/><G50/><T49/><D49/><U27/><E65/><AGARI ba="0,1" hai="5,11,15,17,21,26,57,62,65,76,78" m="35403" machi="65" ten="30,1000,0" yaku="8,1" doraHai="101" who="3" fromWho="1" sc="114,0,217,-10,309,0,350,20" /><INIT seed="6,0,0,4,0,115" ten="114,207,309,370" oya="2" hai0="3,41,5,116,118,16,52,104,53,1,42,54,113" hai1="86,100,110,112,70,108,12,61,66,37,39,20,64" hai2="92,122,83,27,78,69,40,129,99,71,88,128,60" hai3="48,24,0,89,11,68,18,85,125,14,2,93,106"/><V103/><F122/><W94/><G106/><T65/><D113/><U36/><E112/><V57/><F40/><N who="0" m="15466" /><D104/><U15/><E100/><V96/><F27/><W120/><G125/><T49/><D5/><U33/><E33/><V34/><F34/><W79/><G68/><T25/><D65/><U28/><E66/><V17/><F17/><W127/><G127/><T46/><D49/><U84/><E15/><V91/><F128/><W58/><G79/><T50/><D50/><U31/><E31/><V56/><F56/><W98/><G120/><T35/><D35/><U10/><E20/><V6/><F6/><W21/><G48/><T119/><D46/><U32/><E28/><V19/><F19/><W59/><G0/><T132/><D132/><U133/><E32/><V44/><F44/><W43/><G2/><T81/><D81/><U82/><E133/><V131/><F131/><W102/><G43/><T38/><D38/><U101/><E101/><V55/><F129/><W73/><G73/><T23/><AGARI ba="0,0" hai="1,3,16,23,25,52,53,54,116,118,119" m="15466" machi="23" ten="40,12000,2" yaku="12,1,52,3,54,2" doraHai="115" who="0" fromWho="0" sc="114,120,207,-30,309,-60,370,-30" /><INIT seed="7,0,0,1,4,80" ten="234,177,249,340" oya="3" hai0="35,49,107,15,50,99,37,70,34,90,75,103,112" hai1="109,126,130,31,62,9,113,93,82,40,67,63,115" hai2="16,114,94,121,18,1,22,117,45,52,33,98,64" hai3="21,47,78,28,111,134,69,71,108,5,86,3,20"/><W129/><G129/><T73/><D37/><U105/><E105/><V13/><F117/><W76/><G5/><T39/><D39/><U48/><E109/><V55/><F1/><W41/><G3/><T84/><D70/><U32/><E130/><V42/><F33/><W120/><G134/><T57/><D112/><U53/><E40/><V85/><F114/><W24/><G120/><T118/><D118/><U102/><E9/><V132/><F132/><W25/><G47/><T128/><D128/><U56/><E126/><V30/><F30/><W88/><G41/><T123/><D123/><U104/><E93/><V74/><F74/><W96/><G96/><T59/><D15/><U110/><E110/><V51/><F121/><W89/><G28/><T87/><D90/><U83/><E113/><V36/><F64/><W6/><G6/><T106/><D99/><U26/><E115/><V38/><F38/><W92/><G92/><T65/><D65/><U124/><E124/><V95/><F36/><W101/><G101/><AGARI ba="0,0" hai="34,35,49,50,57,59,73,75,84,87,101,103,106,107" machi="101" ten="25,6400,0" yaku="22,2,52,2" doraHai="80" who="0" fromWho="3" sc="234,64,177,0,249,0,340,-64" /><INIT seed="8,0,0,1,1,51" ten="298,177,249,276" oya="0" hai0="76,117,86,13,69,80,59,103,95,109,25,93,60" hai1="42,127,62,21,91,131,28,99,23,71,64,46,92" hai2="77,108,89,112,65,104,52,68,27,10,44,85,57" hai3="36,133,2,110,120,0,7,58,94,105,70,74,81"/><T50/><D117/><U116/><E116/><V4/><F108/><W135/><G110/><T107/><D109/><U72/><E127/><V19/><F104/><W129/><G94/><T41/><D69/><U11/><E131/><V132/><F112/><W8/><G58/><T97/><D25/><U96/><E72/><V22/><F132/><N who="3" m="50763" /><G129/><T53/><D13/><U100/><E11/><V82/><F68/><W125/><G120/><T106/><D106/><U17/><E28/><V31/><F65/><W39/><G70/><T101/><D101/><U78/><E78/><V26/><F44/><W119/><G119/><T61/><D41/><U111/><E111/><V114/><F114/><W14/><G105/><T16/><D16/><U98/><E100/><V32/><F77/><N who="3" m="44215" /><G125/><T118/><D118/><U34/><E34/><V113/><F113/><W38/><AGARI ba="0,0" hai="0,2,7,8,14,36,38,39" m="44215,50763" machi="38" ten="40,1500,0" yaku="20,1" doraHai="51" who="3" fromWho="3" sc="298,-7,177,-4,249,-4,276,15" /><INIT seed="9,0,0,3,0,47" ten="291,173,245,291" oya="1" hai0="112,22,6,108,27,121,38,92,130,114,87,10,126" hai1="20,59,81,53,42,32,56,85,4,62,64,98,120" hai2="110,133,43,45,117,40,100,90,78,135,124,7,77" hai3="106,0,94,86,37,28,105,11,103,30,134,3,72"/><U102/><E120/><V35/><F110/><W19/><G72/><T67/><D108/><U9/><E32/><V115/><F117/><W50/><G37/><T54/><D121/><U63/><E20/><V109/><F109/><W58/><G134/><N who="2" m="51209" /><F35/><W24/><G106/><T1/><D126/><U118/><E118/><V17/><F124/><W71/><G105/><T39/><D130/><U74/><E74/><V111/><F111/><W84/><G71/><T61/><D54/><U60/><E42/><V16/><F115/><W25/><G0/><T46/><D46/><U119/><E119/><V12/><F100/><W132/><G3/><T15/><D1/><U76/><E62/><V73/><F90/><W129/><G129/><T101/><D112/><U89/><E89/><V93/><F93/><W36/><G36/><T122/><D122/><U75/><E75/><V48/><F43/><W41/><G41/><T113/><D113/><U49/><E63/><V68/><F68/><W96/><G132/><T21/><D114/><U79/><E79/><N who="2" m="30219" /><F73/><W23/><G28/><T131/><D131/><U2/><REACH who="1" step="1"/><E102/><REACH who="1" ten="291,163,245,291" step="2"/><V33/><F33/><W83/><G103/><T34/><D34/><U14/><E14/><V31/><F31/><W69/><G30/><T125/><D125/><U51/><E51/><V95/><F12/><W104/><G50/><T44/><D39/><U116/><E116/><V5/><F48/><W97/><G23/><T55/><D38/><U88/><E88/><V65/><F40/><W107/><G24/><T18/><D101/><U80/><E80/><V127/><F127/><RYUUKYOKU ba="0,1" sc="291,-10,163,30,245,-10,291,-10" hai1="2,4,9,49,53,56,59,60,64,76,81,85,98" /><INIT seed="9,1,1,5,3,8" ten="281,193,235,281" oya="1" hai0="108,120,91,53,106,97,105,55,111,64,101,112,18" hai1="17,83,21,24,86,65,82,74,51,36,134,90,122" hai2="66,2,48,88,0,12,104,4,60,23,81,30,95" hai3="22,7,31,58,35,72,1,70,94,50,100,26,109"/><U29/><E134/><V103/><F104/><W63/><G72/><T114/><D64/><U131/><E131/><V13/><F0/><W117/><G109/><T25/><D105/><U27/><E36/><V67/><F2/><W123/><G123/><T49/><D120/><U20/><E122/><V39/><F39/><W45/><G70/><T47/><D55/><U130/><E130/><V6/><F103/><W102/><G35/><T46/><D46/><U84/><E74/><V113/><F81/><W32/><G32/><T75/><D75/><U110/><E110/><V71/><F66/><N who="3" m="39287" /><G1/><T89/><D108/><U5/><E65/><V73/><F73/><W118/><G7/><T80/><D111/><U61/><E61/><V57/><F113/><W92/><G100/><T42/><D42/><U99/><E5/><N who="2" m="2155" /><F48/><W78/><G78/><T129/><D129/><U9/><E9/><V107/><F107/><W128/><G102/><T76/><D112/><U135/><E135/><V98/><F71/><W11/><G11/><T119/><D114/><U3/><E3/><V19/><F30/><W116/><G128/><T85/><D119/><U127/><E127/><V132/><F132/><W77/><G77/><T14/><D25/><AGARI ba="1,1" hai="12,13,19,23,25,57,60,67,88,95,98" m="2155" machi="25" ten="30,7700,0" yaku="8,1,52,2,54,1" doraHai="8" who="2" fromWho="0" sc="281,-80,193,0,235,90,281,0" owari="201,-19.9,193,-30.7,325,42.5,281,8.1" /></mjloggm>