<mjloggm ver="2.3"><GO type="169" lobby="0"/><UN n0="%E5%A4%A9%E3%81%8B%E3%81%91%E3%82%8B%E6%98%9F" n1="%E6%95%97%E5%8C%97%E8%80%85%E3%81%AD%E3%82%8B" n2="%E4%BA%8C%E9%9A%8E%E5%A0%82%E7%9C%9F%E7%B4%85%E3%81%A1%E3%82%83%E3%82%93" n3="%E5%A7%AB%E7%95%99" dan="16,17,16,16" rate="2071.29,2181.21,2132.08,2143.45" sx="M,F,M,M"/><TAIKYOKU oya="0"/><INIT seed="0,0,0,1,1,57" ten="250,250,250,250" oya="0" hai0="87,78,89,52,111,11,131,63,100,58,10,69,56" hai1="33,1,49,107,108,122,110,120,105,126,79,25,40" hai2="83,73,44,34,132,36,72,127,16,48,9,45,74" hai3="68,18,3,29,26,102,35,104,94,19,23,28,55"/><T75/><D69/><U82/><E1/><V4/><F34/><W125/><G68/><T70/><D70/><U85/><E25/><V115/><F115/><W124/><G104/><N who="1" m="40010" /><E49/><V50/><F127/><N who="3" m="48715" /><G55/><N who="0" m="34207" /><D75/><U43/><E33/><V135/><F83/><W84/><G84/><T92/><D131/><U13/><E13/><N who="2" m="7215" /><F4/><W8/><G94/><T113/><D113/><U133/><E40/><N who="2" m="22535" /><F45/><W21/><G102/><T15/><D111/><N who="1" m="42539" /><E43/><V46/><F46/><W17/><G29/><T32/><D32/><U59/><E59/><V20/><F20/><N who="3" m="7755" /><G3/><T98/><D78/><U66/><E66/><V86/><F86/><W37/><G37/><T106/><D106/><U117/><E126/><V30/><F30/><W31/><G28/><T24/><D24/><U41/><E41/><V53/><F53/><W12/><AGARI ba="0,0" hai="8,12,17,18,19,26,31,35" m="7755,48715" machi="12" ten="30,4000,0" yaku="18,1,34,2" doraHai="57" who="3" fromWho="3" sc="250,-20,250,-10,250,-10,250,40" /><INIT seed="1,0,0,3,1,107" ten="230,240,240,290" oya="1" hai0="39,45,47,133,102,125,95,37,71,51,63,60,81" hai1="85,65,124,58,88,26,72,31,59,80,127,54,118" hai2="93,82,24,14,79,8,89,3,21,29,9,19,135" hai3="15,7,94,57,2,76,75,55,74,67,103,130,34"/><U46/><E118/><V44/><F135/><W128/><G34/><T112/><D112/><U61/><E46/><V108/><F108/><W126/><G76/><T123/><D133/><U86/><E86/><V4/><F44/><W92/><G67/><T113/><D113/><U73/><E127/><V131/><F131/><N who="3" m="50219" /><G2/><T119/><D119/><U48/><REACH who="1" step="1"/><E124/><REACH who="1" ten="230,230,240,290" step="2"/><V28/><F79/><W50/><G126/><T111/><D47/><U22/><AGARI ba="0,1" hai="22,26,31,48,54,58,59,61,65,72,73,80,85,88" machi="22" ten="20,18000,2" yaku="1,1,2,1,0,1,7,1,52,2,54,1,53,0" doraHai="107" doraHaiUra="66" who="1" fromWho="1" sc="230,-60,230,190,240,-60,290,-60" /><INIT seed="1,1,0,5,5,86" ten="170,420,180,230" oya="1" hai0="113,135,68,30,102,129,47,38,93,70,55,108,72" hai1="134,105,98,64,74,10,0,8,23,114,71,112,26" hai2="131,109,39,1,130,116,123,83,117,35,75,51,118" hai3="82,31,89,133,41,34,126,80,46,57,17,2,101"/><U65/><E74/><V61/><F35/><W95/><G2/><T66/><D30/><U122/><E122/><V62/><F1/><W43/><G126/><T85/><D113/><U90/><E134/><V24/><F24/><W27/><G133/><T77/><D72/><U22/><E22/><V4/><F4/><W15/><G101/><T19/><D66/><U97/><E105/><V48/><F83/><W96/><G57/><T49/><D38/><U33/><E33/><V36/><F75/><W52/><G52/><T53/><D108/><U37/><E37/><N who="2" m="14411" /><F109/><W124/><G124/><T76/><D76/><U120/><E120/><V73/><F73/><W29/><G29/><T42/><D70/><U50/><E50/><N who="2" m="18987" /><F123/><W13/><G13/><T56/><D102/><U78/><E78/><V107/><F107/><W21/><G46/><T106/><D47/><U18/><E71/><V111/><F111/><W115/><G115/><T104/><D68/><U12/><E0/><V7/><F7/><W81/><AGARI ba="1,0" hai="15,17,21,27,31,34,41,43,80,81,82,89,95,96" machi="81" ten="30,2000,0" yaku="0,1,52,1" doraHai="86" who="3" fromWho="3" sc="170,-6,420,-11,180,-6,230,23" /><INIT seed="2,0,0,5,5,42" ten="164,409,174,253" oya="2" hai0="107,26,78,68,23,32,43,90,115,12,10,116,53" hai1="103,65,128,2,41,70,77,91,59,95,37,62,13" hai2="76,17,98,31,24,6,92,0,74,87,125,9,1" hai3="18,33,15,64,120,104,99,118,97,111,29,57,105"/><V114/><F114/><W85/><G118/><T49/><D115/><U79/><E2/><V25/><F74/><W134/><G120/><T8/><D68/><U126/><E128/><V63/><F63/><W52/><G64/><T21/><D107/><U135/><E126/><V132/><F132/><W122/><G122/><T22/><D78/><U35/><E35/><V20/><F87/><W38/><G38/><T72/><D72/><U81/><E135/><V56/><F56/><W69/><G69/><T75/><D75/><U129/><E129/><V80/><F80/><W5/><G5/><T55/><D10/><U7/><E103/><V40/><F40/><W83/><G111/><T39/><D39/><U28/><E28/><V106/><F76/><W66/><G66/><T67/><D67/><U123/><E123/><V54/><F54/><W46/><G134/><T109/><D32/><U19/><E7/><V113/><F106/><W47/><G29/><T60/><D109/><U44/><E81/><V27/><F125/><W101/><G33/><T36/><D36/><U73/><E73/><V58/><F58/><W89/><G99/><T112/><D112/><U131/><E131/><V84/><F84/><W82/><G82/><T71/><D71/><U117/><E117/><V45/><F1/><W34/><G34/><T119/><D60/><U124/><E124/><V110/><F110/><W48/><G105/><T3/><D3/><U121/><E121/><V11/><F113/><W102/><G102/><T127/><D119/><U130/><E130/><V30/><F0/><W61/><G61/><RYUUKYOKU ba="0,0" sc="164,-10,409,-10,174,-10,253,30" hai3="15,18,46,47,48,52,57,83,85,89,97,101,104" /><INIT seed="3,1,0,0,5,115" ten="154,399,164,283" oya="3" hai0="88,104,99,87,90,53,5,1,36,42,49,29,116" hai1="123,66,83,48,57,19,86,100,30,7,59,18,118" hai2="82,43,97,27,109,65,85,114,107,37,112,128,132" hai3="81,124,108,51,62,113,11,61,25,111,92,77,131"/><W64/><G113/><N who="2" m="43625" /><F65/><W135/><G135/><T94/><D29/><U95/><E123/><V91/><F43/><W117/><G131/><T70/><D70/><U122/><E122/><V75/><F37/><W44/><G124/><T3/><D5/><U0/><E30/><V84/><F27/><W130/><G130/><T127/><D127/><U20/><E95/><N who="2" m="54759" /><F128/><W60/><G11/><T126/><D126/><U38/><E100/><N who="2" m="62863" /><F109/><N who="3" m="42059" /><G92/><T6/><D6/><U125/><E38/><V22/><F22/><W15/><G15/><T45/><D116/><U74/><E118/><V28/><F28/><W63/><G25/><T120/><D120/><U4/><E125/><V26/><F26/><W23/><G23/><T110/><D110/><U89/><E74/><V16/><F16/><N who="1" m="6185" /><E0/><V98/><F75/><N who="3" m="43199" /><G117/><T33/><D33/><U10/><E10/><V102/><F132/><W133/><G133/><T47/><REACH who="0" step="1"/><D104/><REACH who="0" ten="144,399,164,283" step="2"/><U39/><E4/><V13/><F13/><W119/><G119/><T56/><D56/><U55/><E57/><V52/><F82/><AGARI ba="1,1" hai="1,3,36,42,45,47,49,53,82,87,88,90,94,99" machi="82" ten="30,8000,1" yaku="1,1,7,1,54,1,53,2" doraHai="115" doraHaiUra="41" who="0" fromWho="2" sc="144,93,399,0,164,-83,283,0" /><INIT seed="4,0,0,0,4,10" ten="237,399,81,283" oya="0" hai0="90,35,71,72,130,27,119,4,13,129,107,123,116" hai1="51,14,115,45,58,54,120,39,65,12,41,1,57" hai2="101,79,20,55,86,53,98,49,122,24,93,94,17" hai3="7,76,83,32,91,29,34,75,15,56,23,52,108"/><T0/><D71/><U133/><E120/><V2/><F2/><W5/><G108/><T44/><D107/><U74/><E1/><V121/><F122/><W114/><G114/><T6/><D72/><U109/><E109/><V125/><F125/><W92/><G7/><T89/><D123/><U68/><E74/><V21/><F121/><W59/><G59/><T132/><D44/><U66/><E133/><V25/><F49/><W97/><G29/><N who="0" m="19903" /><D0/><U33/><E33/><V9/><F9/><W61/><REACH who="3" step="1"/><G5/><REACH who="3" ten="237,399,81,273" step="2"/><T31/><D31/><U48/><E115/><V43/><F43/><W134/><G134/><T81/><D132/><U37/><E68/><V47/><F47/><W8/><G8/><N who="0" m="4231" /><D6/><U110/><E110/><V38/><F38/><W88/><G88/><N who="0" m="33899" /><D81/><U103/><E103/><V131/><F101/><W36/><G36/><T40/><D40/><U28/><E28/><V99/><F17/><AGARI ba="0,1" hai="15,17,23,32,34,52,56,61,75,76,83,91,92,97" machi="17" ten="40,5200,0" yaku="1,1,52,1,54,1,53,0" doraHai="10" doraHaiUra="42" who="3" fromWho="2" sc="237,0,399,0,81,-52,273,62" /><INIT seed="5,0,0,5,1,95" ten="237,399,29,335" oya="1" hai0="3,92,109,94,51,71,64,119,69,21,28,132,29" hai1="67,27,6,40,72,1,128,38,93,97,26,99,36" hai2="107,12,125,134,44,35,73,86,77,81,85,30,113" hai3="133,98,102,76,83,130,56,42,88,49,104,84,68"/><U105/><E72/><V62/><F12/><W120/><G68/><T123/><D119/><U20/><E128/><V89/><F44/><W108/><G130/><T118/><D118/><U79/><E79/><V91/><F62/><W110/><G120/><T45/><D3/><U60/><E105/><V39/><F39/><W90/><G133/><T126/><D109/><U70/><E40/><V57/><F57/><W78/><G78/><T111/><D111/><U32/><E99/><V65/><F65/><W129/><G129/><T121/><D132/><U66/><E67/><V33/><F30/><W47/><G90/><T10/><D126/><U54/><E32/><V24/><F24/><W15/><G15/><T59/><D10/><U2/><E54/><V74/><F33/><W82/><REACH who="3" step="1"/><G56/><REACH who="3" ten="237,399,29,325" step="2"/><T63/><D121/><U7/><E1/><V52/><F134/><W14/><G14/><T106/><D71/><U115/><E2/><V96/><F125/><W37/><G37/><T5/><D69/><U116/><E116/><V61/><F77/><W34/><G34/><T58/><D59/><U43/><E36/><V16/><F35/><W53/><G53/><T124/><D124/><U23/><E38/><V80/><F52/><W17/><G17/><T9/><D123/><U87/><E70/><V100/><F16/><W50/><G50/><T13/><D29/><U114/><E114/><V18/><F18/><W131/><G131/><T19/><D28/><U101/><E115/><V55/><REACH who="2" step="1"/><F113/><REACH who="2" ten="237,399,19,325" step="2"/><W103/><G103/><T122/><D122/><U8/><E101/><V127/><F127/><RYUUKYOKU ba="0,2" sc="237,-15,399,-15,19,15,325,15" hai2="55,61,73,74,80,81,85,86,89,91,96,100,107" hai3="42,47,49,76,82,83,84,88,98,102,104,108,110" /><INIT seed="6,1,2,5,4,27" ten="222,384,34,340" oya="2" hai0="125,104,109,70,130,9,49,97,116,64,0,51,7" hai1="53,17,123,95,111,69,92,99,58,96,13,108,41" hai2="52,61,88,3,14,131,26,79,5,84,20,85,56" hai3="21,112,31,29,101,32,33,135,38,127,65,4,54"/><V105/><F105/><W82/><G38/><T81/><D109/><U60/><E123/><V67/><F131/><W44/><G65/><T47/><D130/><U45/><E69/><V30/><F3/><W35/><G101/><T12/><D125/><U42/><E95/><V119/><F119/><W28/><G127/><T87/><D116/><U94/><E94/><V24/><F79/><W66/><G66/><T73/><D73/><U62/><E62/><V23/><F67/><W71/><G71/><T1/><D64/><U89/><E99/><V122/><F122/><W100/><G100/><T76/><D70/><U90/><E89/><V78/><F78/><W129/><G129/><T40/><D51/><U10/><REACH who="1" step="1"/><E41/><REACH who="1" ten="222,374,34,340" step="2"/><V59/><F59/><W121/><G121/><T133/><D133/><U55/><E55/><V46/><F46/><W19/><G54/><T117/><D117/><U18/><E18/><V106/><F106/><W113/><G44/><T75/><D75/><U120/><E120/><V25/><F85/><W8/><G135/><T86/><D87/><U77/><E77/><V126/><F126/><W11/><G82/><T102/><AGARI ba="1,3" hai="0,1,7,9,12,40,47,49,76,81,86,97,102,104" machi="102" ten="30,4000,0" yaku="0,1,25,2" doraHai="27" who="0" fromWho="0" sc="222,73,374,-11,34,-21,340,-11" /><INIT seed="7,0,0,1,1,125" ten="295,363,13,329" oya="3" hai0="124,77,23,58,71,89,118,56,12,70,64,65,74" hai1="1,75,117,122,98,16,21,2,134,50,60,45,34" hai2="40,102,38,101,80,10,85,128,132,105,79,72,39" hai3="42,126,92,87,49,48,115,14,127,135,28,94,52"/><W9/><G115/><T131/><D118/><U109/><E109/><V68/><F68/><W27/><G135/><T107/><D107/><U120/><E34/><V133/><F10/><W33/><G42/><T106/><D106/><U32/><E32/><V8/><F8/><W43/><G48/><T95/><D124/><N who="3" m="47657" /><G87/><T83/><D131/><U111/><E75/><V51/><F51/><W4/><G43/><T20/><D70/><U130/><E111/><V37/><F40/><W57/><AGARI ba="0,0" hai="4,9,14,27,28,33,49,52,57,92,94" m="47657" machi="57" ten="30,3000,0" yaku="18,1,54,1" doraHai="125" who="3" fromWho="3" sc="295,-10,363,-10,13,-10,329,30" owari="285,-11.5,353,15.3,3,-49.7,359,45.9" /></mjloggm>