<mjloggm ver="2.3"><GO type="169" lobby="0"/><UN n0="%E4%BC%8A%E5%8B%A2%E3%81%AE%E3%82%B3%E3%83%AD%E3%83%83%E3%82%B1%E5%B1%8B" n1="%E5%9C%A7%E5%80%92%E7%9A%84%E3%83%9D%E3%83%B3" n2="%E3%81%A8%E3%82%8D%E3%82%8D%E3%81%9D%E3%81%B0" n3="%43%68%72%69%73%74%31%32" dan="16,17,17,17" rate="2101.08,2196.78,2229.53,2175.81" sx="M,M,M,F"/><TAIKYOKU oya="0"/><INIT seed="0,0,0,1,5,82" ten="250,250,250,250" oya="0" hai0="127,121,35,43,122,110,111,66,30,67,52,56,73" hai1="62,46,11,7,101,68,38,92,41,115,0,18,93" hai2="99,100,33,94,60,45,22,104,78,34,88,124,36" hai3="64,97,31,108,61,90,85,83,81,47,89,44,129"/><T107/><D73/><U79/><E115/><V8/><F124/><W24/><G108/><N who="0" m="41515" /><D107/><U37/><E37/><V87/><F8/><W4/><G129/><T21/><D35/><U117/><E117/><V25/><F60/><W49/><G4/><T95/><D127/><U120/><E120/><N who="0" m="46185" /><D95/><U109/><E109/><V126/><F126/><W130/><G130/><T6/><D6/><U51/><E101/><V10/><F10/><W3/><G3/><T63/><D43/><U40/><E40/><V80/><F45/><W69/><G49/><T42/><D42/><U20/><E38/><V106/><F36/><W125/><G125/><T96/><D96/><U12/><E79/><V84/><REACH who="2" step="1"/><F106/><REACH who="2" ten="250,250,240,250" step="2"/><W75/><G47/><T57/><D57/><U72/><E68/><V91/><F91/><W1/><G44/><T26/><AGARI ba="0,1" hai="21,26,30,52,56,63,66,67" m="46185,41515" machi="26" ten="40,7800,0" yaku="14,1,10,1,54,1" doraHai="82" who="0" fromWho="0" sc="250,88,250,-26,240,-26,250,-26" /><INIT seed="0,1,0,5,3,39" ten="338,224,214,224" oya="0" hai0="100,71,58,126,59,9,40,34,47,131,101,115,86" hai1="77,21,32,42,11,3,118,10,38,107,98,50,91" hai2="33,0,41,134,89,132,130,15,121,23,119,14,5" hai3="103,96,67,123,62,64,76,49,16,104,97,75,19"/><T125/><D71/><U135/><E118/><V61/><F61/><W128/><G128/><T2/><D34/><U114/><E114/><V99/><F99/><W26/><G123/><T37/><D86/><U57/><E32/><V79/><F79/><W25/><G76/><T36/><D36/><U129/><E38/><V105/><F105/><W85/><G85/><T124/><D131/><U94/><E135/><V112/><F89/><W46/><G75/><T74/><D74/><U66/><E129/><V31/><F41/><W48/><G62/><T108/><D108/><U70/><E70/><V45/><F45/><W43/><G104/><T6/><D115/><U88/><E77/><V1/><F130/><W78/><G78/><T28/><D28/><U72/><E72/><V116/><F112/><W8/><G8/><T35/><D35/><U51/><E107/><V12/><F121/><W56/><G56/><AGARI ba="1,0" hai="2,6,9,37,40,47,56,58,59,100,101,124,125,126" machi="56" ten="40,3900,0" yaku="18,1,52,1" doraHai="39" who="0" fromWho="3" sc="338,42,224,0,214,0,224,-42" /><INIT seed="0,2,0,0,0,23" ten="380,224,214,182" oya="0" hai0="39,120,58,3,131,60,31,20,21,133,114,125,95" hai1="111,51,128,86,119,67,81,32,40,101,53,74,77" hai2="93,73,109,87,83,44,64,15,79,11,105,25,80" hai3="116,30,106,91,135,68,0,7,104,27,76,19,8"/><T16/><D114/><U28/><E119/><V55/><F109/><W84/><G116/><T33/><D33/><U102/><E111/><V52/><F105/><W48/><G68/><T9/><D39/><U117/><E117/><V24/><F64/><W61/><G135/><T42/><D42/><U98/><E40/><V46/><F93/><W13/><G76/><T85/><D131/><U62/><E128/><V99/><F99/><W103/><G61/><T96/><D125/><U71/><E74/><V66/><F66/><W129/><G48/><T2/><D85/><U92/><E32/><V57/><F55/><W14/><G103/><T130/><D120/><U115/><E115/><V56/><F56/><W113/><G113/><T72/><D72/><U100/><REACH who="1" step="1"/><E28/><REACH who="1" ten="380,214,214,182" step="2"/><V126/><F126/><W43/><G43/><T69/><D130/><U59/><AGARI ba="2,1" hai="51,53,59,62,67,71,77,81,86,92,98,100,101,102" machi="59" ten="20,5200,0" yaku="1,1,2,1,0,1,7,1,53,0" doraHai="23" doraHaiUra="123" who="1" fromWho="1" sc="380,-28,214,68,214,-15,182,-15" /><INIT seed="1,0,0,5,0,6" ten="352,282,199,167" oya="1" hai0="76,0,103,86,95,60,3,11,29,110,132,48,91" hai1="102,107,80,82,4,92,24,57,44,19,72,73,22" hai2="125,113,114,88,85,18,100,38,97,67,99,58,59" hai3="119,90,96,116,135,101,105,78,42,14,49,108,64"/><U93/><E107/><V134/><F38/><W15/><G78/><T34/><D110/><U46/><E4/><V128/><F125/><W45/><G108/><T55/><D76/><U121/><E121/><V12/><F128/><W50/><G135/><T75/><D75/><U41/><E57/><V66/><F134/><W118/><G64/><T63/><D103/><U115/><E115/><N who="2" m="44043" /><F59/><W133/><G133/><T56/><D0/><U71/><E71/><V37/><F37/><W79/><G79/><T23/><D34/><U51/><E73/><V20/><F58/><W81/><REACH who="3" step="1"/><G49/><REACH who="3" ten="352,282,199,157" step="2"/><T77/><D77/><U17/><E72/><V62/><F62/><W83/><G83/><T124/><D48/><U7/><E82/><N who="2" m="49207" /><F97/><W106/><G106/><AGARI ba="0,1" hai="12,18,20,66,67,99,100,106" m="49207,44043" machi="106" ten="30,2000,0" yaku="11,1,54,1" doraHai="6" who="2" fromWho="3" sc="352,0,282,0,199,30,157,-20" /><INIT seed="2,0,0,1,5,51" ten="352,282,229,137" oya="2" hai0="103,2,89,47,9,55,133,90,72,74,135,66,109" hai1="107,15,42,102,60,27,76,73,45,54,0,11,44" hai2="48,126,39,34,125,46,82,30,101,88,4,7,19" hai3="3,98,87,123,94,38,26,65,99,130,57,86,108"/><V41/><F101/><W128/><G123/><T112/><D66/><U75/><E0/><V118/><F118/><W5/><G38/><T111/><D103/><U21/><E76/><V10/><F19/><W80/><G3/><T61/><D112/><U124/><E124/><N who="2" m="47723" /><F30/><W25/><G5/><N who="0" m="1207" /><D90/><U129/><E129/><N who="3" m="49770" /><G108/><N who="0" m="41547" /><D89/><U18/><E102/><V56/><F34/><W121/><G121/><T113/><D113/><U105/><E105/><V6/><F10/><W116/><G116/><T78/><D78/><U134/><E107/><V59/><F39/><W131/><G131/><T96/><D96/><N who="3" m="36905" /><G94/><T77/><D77/><U69/><E69/><V53/><F41/><W132/><G132/><N who="0" m="50763" /><D47/><U24/><E75/><V17/><F17/><W71/><G71/><T43/><D43/><U50/><E73/><V16/><F16/><W68/><G68/><T83/><D83/><U64/><E11/><V14/><F14/><W63/><G80/><T32/><D32/><U40/><E134/><V35/><F35/><W29/><G29/><T100/><D100/><U104/><E104/><V97/><F97/><W92/><G92/><T119/><D119/><U120/><E120/><V67/><F67/><W122/><G122/><T52/><D55/><U13/><E54/><V37/><F37/><W49/><G65/><T79/><D79/><U93/><E93/><V36/><F36/><W58/><G87/><AGARI ba="0,0" hai="4,6,7,46,48,53,56,59,82,87,88" m="47723" machi="87" ten="30,5800,0" yaku="18,1,52,1,54,1" doraHai="51" who="2" fromWho="3" sc="352,0,282,0,229,58,137,-58" /><INIT seed="2,1,0,3,4,23" ten="352,282,287,79" oya="2" hai0="45,72,127,88,122,5,115,114,54,116,60,4,32" hai1="104,124,25,10,62,13,94,51,92,113,89,109,17" hai2="95,20,44,50,87,132,84,43,119,120,130,56,15" hai3="128,58,47,16,64,73,83,19,37,6,30,2,111"/><V110/><F119/><W126/><G111/><T38/><D122/><U42/><E113/><V70/><F70/><W78/><G128/><T31/><D72/><U40/><E109/><V117/><F117/><W76/><G126/><T106/><D106/><U46/><E104/><V112/><F112/><W74/><G30/><T85/><D127/><U29/><E124/><V57/><F120/><W52/><G64/><T134/><D134/><U63/><E42/><V7/><F110/><W77/><G77/><T101/><D101/><U133/><E94/><V102/><F130/><W107/><G107/><T35/><D35/><U0/><E0/><V49/><F132/><W61/><G78/><T3/><D116/><U24/><E24/><V14/><F14/><W65/><G74/><T11/><D5/><U27/><E27/><V123/><F123/><W80/><G80/><T9/><D9/><U67/><E67/><V71/><F71/><W21/><G21/><T39/><D39/><U82/><E82/><V48/><F87/><W86/><G86/><T98/><D98/><U103/><E103/><V33/><F33/><W90/><G90/><T105/><D105/><U36/><E36/><V69/><F69/><W28/><G28/><T100/><D100/><U93/><E93/><V34/><F34/><W118/><G118/><T53/><D38/><U97/><REACH who="1" step="1"/><E133/><REACH who="1" ten="352,272,287,79" step="2"/><V12/><F102/><W26/><G26/><N who="0" m="18551" /><D115/><U108/><E108/><V18/><F95/><W129/><G129/><T41/><D114/><U22/><AGARI ba="1,1" hai="10,13,17,22,25,29,40,46,51,62,63,89,92,97" machi="22" ten="20,8000,1" yaku="1,1,0,1,7,1,8,1,52,1,53,0" doraHai="23" doraHaiUra="135" who="1" fromWho="1" sc="352,-21,272,93,287,-41,79,-21" /><INIT seed="3,0,0,4,0,135" ten="331,365,246,58" oya="3" hai0="57,60,30,25,79,97,118,24,63,61,5,38,124" hai1="31,109,50,7,47,9,26,113,116,85,71,122,80" hai2="133,134,33,43,87,83,115,117,48,52,110,28,123" hai3="56,98,75,51,58,132,40,2,77,46,21,105,101"/><W19/><G2/><T94/><D38/><U4/><E116/><V64/><F115/><W67/><G132/><N who="2" m="50793" /><F117/><W76/><G75/><T54/><D124/><U91/><E109/><V8/><F110/><W17/><G17/><T59/><D118/><U70/><E113/><V15/><F64/><W89/><G89/><T114/><D114/><U22/><E122/><V125/><F43/><W32/><G32/><T100/><D79/><U112/><E112/><V14/><F123/><W34/><G34/><T86/><D5/><U106/><E106/><V96/><F96/><W53/><G58/><T66/><D61/><U90/><E90/><N who="2" m="51583" /><F125/><W1/><G67/><T78/><REACH who="0" step="1"/><D30/><REACH who="0" ten="321,365,246,58" step="2"/><U41/><REACH who="1" step="1"/><E4/><REACH who="1" ten="321,355,246,58" step="2"/><V99/><F28/><W20/><G77/><T103/><D103/><U37/><E37/><V12/><F33/><W13/><G76/><T11/><D11/><U29/><E29/><V23/><F23/><W6/><G6/><T120/><D120/><U45/><E45/><N who="2" m="27663" /><F99/><W107/><G21/><T16/><D16/><AGARI ba="0,2" hai="8,12,14,15,16" m="27663,51583,50793" machi="16" ten="30,7700,0" yaku="25,1,20,1,54,2" doraHai="135" who="2" fromWho="0" sc="321,-77,355,0,246,97,58,0" /><INIT seed="4,0,0,0,4,22" ten="244,355,343,58" oya="0" hai0="47,33,123,72,42,111,96,97,57,35,31,21,85" hai1="86,100,7,43,53,58,114,6,83,1,62,9,93" hai2="24,18,64,129,106,121,88,80,135,134,112,34,54" hai3="56,71,103,20,115,104,46,99,17,38,91,55,102"/><T13/><D123/><U61/><E114/><V117/><F121/><W122/><G71/><T5/><D72/><U131/><E131/><V37/><F106/><W84/><G122/><T82/><D111/><U51/><E7/><V14/><F37/><W113/><G103/><T63/><D33/><U126/><E126/><V4/><F112/><W133/><G133/><T32/><D32/><U109/><E109/><V89/><F129/><W8/><G38/><T50/><D35/><U65/><E100/><V77/><F64/><W116/><G116/><T30/><D30/><U120/><E93/><V124/><F54/><W45/><G8/><T78/><D31/><U76/><E120/><V101/><F101/><W15/><G115/><T40/><D40/><U69/><E61/><V87/><F124/><W132/><G132/><N who="2" m="50729" /><F117/><W28/><G28/><T67/><REACH who="0" step="1"/><D21/><REACH who="0" ten="234,355,343,58" step="2"/><U26/><E43/><V44/><F34/><W79/><G113/><T94/><D94/><U105/><E105/><V41/><F41/><W128/><G128/><T90/><D90/><U25/><AGARI ba="0,1" hai="1,6,9,25,26,51,53,58,62,65,69,76,83,86" machi="25" ten="30,4000,0" yaku="0,1,52,2" doraHai="22" who="1" fromWho="1" sc="234,-20,355,50,343,-10,58,-10" /><INIT seed="5,0,0,0,1,107" ten="214,405,333,48" oya="1" hai0="106,131,78,62,25,70,95,9,100,7,53,88,19" hai1="111,96,129,10,86,24,21,37,56,34,23,105,76" hai2="43,132,84,55,51,59,27,73,52,41,101,63,112" hai3="92,71,0,133,64,102,75,98,79,67,110,108,109"/><U77/><E37/><V8/><F132/><W135/><G0/><T30/><D131/><U72/><E72/><V29/><F112/><W31/><G31/><T3/><D19/><U2/><E129/><V89/><F8/><W127/><G71/><T66/><D53/><U16/><E111/><V134/><F101/><W18/><G18/><T113/><D78/><U68/><E68/><V117/><F73/><W45/><G45/><T11/><D11/><U33/><E77/><V54/><F134/><N who="3" m="51211" /><G67/><T114/><D106/><U26/><E56/><V65/><F51/><W94/><G64/><T74/><D100/><U36/><E36/><V115/><F115/><W4/><G4/><T28/><D74/><U20/><E20/><V82/><REACH who="2" step="1"/><F117/><REACH who="2" ten="214,405,323,48" step="2"/><W57/><G57/><T83/><D114/><U103/><E10/><V61/><F61/><W6/><G6/><T97/><D113/><U14/><E2/><V22/><AGARI ba="0,1" hai="22,27,29,41,43,52,54,55,59,63,65,82,84,89" machi="22" ten="30,7900,0" yaku="1,1,0,1,8,1,54,1,53,0" doraHai="107" doraHaiUra="123" who="2" fromWho="2" sc="214,-20,405,-39,323,89,48,-20" /><INIT seed="6,0,0,3,2,85" ten="194,366,412,28" oya="2" hai0="71,30,99,31,39,66,129,130,14,116,119,114,65" hai1="106,56,118,59,84,46,125,64,122,42,24,88,52" hai2="50,81,135,110,126,18,33,128,49,79,37,74,21" hai3="40,94,16,53,3,76,132,68,108,22,121,62,82"/><V51/><F33/><W111/><G121/><T102/><D39/><U44/><E106/><V1/><F126/><W104/><G104/><N who="0" m="63583" /><D14/><U57/><E118/><N who="0" m="45097" /><D114/><U4/><E122/><V29/><F1/><W6/><G132/><T19/><D19/><U20/><E4/><V127/><F135/><W60/><G40/><T67/><D71/><U43/><E125/><V98/><F127/><W120/><G120/><T112/><D112/><U103/><E103/><V63/><F37/><W101/><G3/><T90/><D90/><U7/><E7/><V0/><F0/><W34/><G6/><T47/><D47/><N who="1" m="17963" /><E64/><V92/><F29/><AGARI ba="0,0" hai="29,30,31,65,66,67,129,130" m="45097,63583" machi="29" ten="40,1300,0" yaku="12,1" doraHai="85" who="0" fromWho="2" sc="194,13,366,0,412,-13,28,0" /><INIT seed="7,0,0,0,0,10" ten="207,366,399,28" oya="3" hai0="36,25,106,131,115,6,19,17,47,48,45,46,95" hai1="61,121,54,118,41,104,129,122,4,0,27,14,112" hai2="127,108,34,26,133,11,42,58,1,40,73,62,97" hai3="78,22,51,56,50,103,68,116,60,110,9,111,13"/><W24/><G116/><T59/><D106/><U130/><E104/><V71/><F108/><N who="3" m="41515" /><G68/><T12/><D36/><U124/><E41/><V2/><F71/><W83/><G103/><T117/><D131/><N who="1" m="50187" /><E118/><V8/><F73/><N who="3" m="43471" /><G22/><T5/><D115/><U128/><E112/><V53/><F133/><W30/><G24/><T102/><D117/><U7/><E0/><V91/><F127/><W96/><G30/><T63/><D48/><U33/><E124/><V31/><F1/><W3/><G96/><N who="0" m="59679" /><D25/><U72/><E72/><V28/><F2/><W81/><G81/><T32/><D32/><U135/><E135/><V85/><F97/><W55/><G3/><T39/><D39/><U57/><E7/><AGARI ba="0,0" hai="7,9,13,50,51,55,56,60" m="43471,41515" machi="7" ten="30,2900,0" yaku="10,1,52,1" doraHai="10" who="3" fromWho="1" sc="207,0,366,-29,399,0,28,29" /><INIT seed="7,1,0,0,1,73" ten="207,337,399,57" oya="3" hai0="17,30,97,52,99,89,25,103,91,110,34,14,106" hai1="3,109,55,11,36,6,78,63,13,20,125,93,19" hai2="124,105,95,56,58,101,117,87,15,100,122,39,79" hai3="59,98,84,80,102,82,61,116,41,74,92,67,130"/><W135/><G116/><T90/><D110/><U68/><E109/><V2/><F2/><W121/><G121/><T51/><D99/><U27/><E36/><V83/><F39/><W40/><G130/><T54/><REACH who="0" step="1"/><D51/><REACH who="0" ten="197,337,399,57" step="2"/><U77/><E125/><V70/><F124/><W85/><G135/><T31/><D31/><U33/><E93/><V62/><F122/><W104/><G104/><T112/><D112/><U5/><E5/><V12/><F105/><W72/><G72/><T35/><D35/><U29/><E55/><V71/><F117/><W120/><G74/><T9/><AGARI ba="1,1" hai="9,14,17,25,30,34,52,54,89,90,91,97,103,106" machi="9" ten="30,4000,0" yaku="1,1,0,1,54,1,53,0" doraHai="73" doraHaiUra="115" who="0" fromWho="0" sc="197,53,337,-11,399,-11,57,-21" owari="250,-15.0,326,12.6,388,48.8,36,-46.4" /></mjloggm>