<mjloggm ver="2.3"><GO type="169" lobby="0"/><UN n0="%E3%83%8F%E3%82%BB%E3%81%B9" n1="%6F%6B%62%6F%6B%62" n2="%53%69%6C%65%6E%54" n3="%74%65%63%68%74%6F" dan="16,17,16,17" rate="2027.20,2184.88,2166.10,2151.90" sx="M,M,F,M"/><TAIKYOKU oya="0"/><INIT seed="0,0,0,1,3,86" ten="250,250,250,250" oya="0" hai0="44,87,84,1,97,124,48,47,13,95,60,134,104" hai1="135,78,108,117,76,36,15,57,43,92,8,89,46" hai2="24,100,5,55,114,107,65,53,35,27,128,122,68" hai3="102,16,2,127,132,20,19,116,56,26,0,49,133"/><T103/><D1/><N who="3" m="617" /><G102/><T119/><D119/><U4/><E108/><V106/><F114/><W113/><G49/><T64/><D134/><N who="3" m="51817" /><G56/><T18/><D124/><U42/><E135/><V131/><F122/><W88/><G113/><T121/><D121/><U72/><E117/><V34/><F100/><W79/><G79/><T39/><D39/><U83/><E76/><V61/><F61/><W75/><G75/><T120/><D120/><U93/><E42/><V126/><F65/><W74/><G74/><T9/><D104/><U58/><REACH who="1" step="1"/><E92/><REACH who="1" ten="250,240,250,250" step="2"/><V12/><F107/><W25/><G116/><T29/><D29/><U110/><E110/><V101/><F106/><W10/><G127/><T69/><REACH who="0" step="1"/><D47/><REACH who="0" ten="240,240,250,250" step="2"/><U77/><E77/><V99/><F126/><W66/><G66/><T118/><D118/><U30/><E30/><V51/><F131/><W111/><G111/><T37/><D37/><U23/><E23/><V94/><F128/><W32/><G20/><T85/><D85/><AGARI ba="0,2" hai="4,8,15,36,43,46,57,58,72,78,83,85,89,93" machi="85" ten="30,7700,0" yaku="1,1,7,1,52,1,53,1" doraHai="86" doraHaiUra="11" who="1" fromWho="0" sc="240,-77,240,97,250,0,250,0" /><INIT seed="1,0,0,0,3,99" ten="163,337,250,250" oya="1" hai0="59,7,108,91,8,121,113,27,22,37,84,16,64" hai1="128,115,11,117,126,28,47,29,70,24,68,25,125" hai2="127,44,111,48,30,133,74,57,49,103,93,123,116" hai3="82,18,51,56,107,85,40,15,33,83,86,3,78"/><U118/><E47/><V2/><F2/><W23/><G3/><T65/><D108/><U9/><REACH who="1" step="1"/><E128/><REACH who="1" ten="163,327,250,250" step="2"/><V26/><F44/><W110/><G110/><T36/><D121/><U67/><E67/><V97/><F123/><W120/><G120/><T81/><D113/><AGARI ba="0,1" hai="9,11,24,25,28,29,68,70,113,115,117,118,125,126" machi="113" ten="25,12000,1" yaku="1,1,22,2,53,2" doraHai="99" doraHaiUra="134" who="1" fromWho="0" sc="163,-120,327,130,250,0,250,0" /><INIT seed="1,1,0,2,4,97" ten="43,457,250,250" oya="1" hai0="84,47,28,60,128,37,5,108,26,31,64,29,88" hai1="2,14,22,38,69,52,27,122,61,135,116,13,40" hai2="126,4,130,92,111,80,83,3,101,89,115,65,50" hai3="100,96,17,51,55,9,70,0,119,112,123,106,59"/><U1/><E122/><V45/><F115/><W98/><G123/><T120/><D108/><U19/><E116/><V85/><F111/><W11/><G112/><T82/><D120/><U102/><E135/><V121/><F121/><W41/><G70/><T15/><D128/><U8/><E40/><V35/><F35/><W66/><G66/><T23/><D37/><U104/><E38/><V67/><F130/><W105/><G41/><T18/><D47/><U6/><E2/><V10/><F126/><W36/><G36/><T30/><D5/><U68/><E68/><V78/><F83/><W113/><G113/><T110/><D110/><U54/><E13/><V12/><F3/><W33/><G33/><T71/><REACH who="0" step="1"/><D31/><REACH who="0" ten="33,457,250,250" step="2"/><U53/><E1/><V34/><F45/><W75/><G0/><T57/><D57/><U32/><E32/><AGARI ba="1,1" hai="15,18,23,26,28,29,30,32,60,64,71,82,84,88" machi="32" ten="30,3900,0" yaku="1,1,7,1,54,1,53,0" doraHai="97" doraHaiUra="7" who="0" fromWho="1" sc="33,52,457,-42,250,0,250,0" /><INIT seed="2,0,0,0,3,91" ten="85,415,250,250" oya="2" hai0="66,131,69,3,12,134,71,123,116,40,1,47,81" hai1="57,129,43,54,20,105,63,83,102,122,93,109,65" hai2="35,2,6,56,13,8,51,113,24,89,25,110,45" hai3="106,117,18,135,127,76,70,37,94,98,86,33,100"/><V61/><F113/><W60/><G37/><T64/><D123/><U114/><E114/><V21/><F110/><W0/><G0/><T9/><D116/><U107/><E109/><V30/><F89/><W32/><G117/><T5/><D134/><U111/><E43/><V74/><F74/><W23/><G127/><T53/><D131/><U132/><E83/><V130/><F130/><W96/><G86/><T68/><D53/><U95/><E129/><V88/><F88/><W38/><G38/><T101/><D101/><U103/><E111/><V133/><F133/><W44/><G44/><T124/><D81/><U10/><E10/><V72/><F72/><W97/><G76/><T84/><D84/><U39/><E39/><V85/><F85/><W75/><G75/><T42/><D124/><U16/><E107/><V36/><F36/><W58/><G70/><T108/><D108/><U28/><E28/><V15/><F51/><W55/><G135/><T73/><D47/><U82/><E82/><V46/><F45/><W19/><G19/><T118/><D118/><U121/><E65/><V99/><F46/><W11/><G11/><T80/><D80/><U29/><E29/><V7/><F99/><W41/><G41/><N who="0" m="15979" /><D73/><U34/><E34/><N who="3" m="13418" /><G106/><T125/><D125/><U119/><E119/><V50/><F35/><W115/><G115/><T87/><D87/><U77/><E77/><V90/><F2/><W128/><G128/><T4/><D3/><U27/><E132/><V14/><F30/><W26/><G100/><N who="1" m="38442" /><E105/><V62/><F90/><N who="3" m="55383" /><G98/><T126/><D126/><U67/><E67/><RYUUKYOKU ba="0,0" sc="85,10,415,10,250,-30,250,10" hai0="1,4,5,9,12,64,66,68,69,71" hai1="16,20,27,54,57,63,93,95,121,122" hai3="18,23,26,55,58,60,97" /><INIT seed="3,1,0,0,0,95" ten="95,425,220,260" oya="3" hai0="117,82,31,32,84,108,127,7,119,4,60,48,97" hai1="81,114,28,104,71,74,20,10,115,120,56,21,101" hai2="111,45,76,77,51,66,49,98,29,62,131,6,65" hai3="17,86,132,133,15,25,123,99,129,37,8,103,0"/><W122/><G37/><T24/><D108/><U72/><E71/><V22/><F111/><W23/><G129/><T126/><D48/><U43/><E43/><V19/><F131/><W124/><G124/><N who="0" m="47659" /><D60/><U47/><E47/><V18/><F6/><N who="0" m="2090" /><D97/><U27/><E10/><V14/><F29/><W30/><G0/><T113/><D113/><U73/><E81/><V96/><F62/><W106/><REACH who="3" step="1"/><G86/><REACH who="3" ten="95,425,220,250" step="2"/><T134/><D134/><AGARI ba="1,1" hai="8,15,17,23,25,30,99,103,106,122,123,132,133,134" machi="134" ten="40,12000,1" yaku="1,1,2,1,20,1,52,1,53,0" doraHai="95" doraHaiUra="41" who="3" fromWho="0" sc="95,-123,425,0,220,0,250,133" owari="-28,-52.8,425,52.5,220,-18.0,383,18.3" /></mjloggm>