<mjloggm ver="2.3"><GO type="169" lobby="0"/><UN n0="%E3%83%8F%E3%82%BF%E3%83%A2%E3%83%88%E3%83%92%E3%83%AD" n1="%67%78%7A" n2="%E3%81%93%E3%81%AB" n3="%41%6E%6B%6F%61%6E%6B%6F" dan="17,17,16,16" rate="2165.19,2165.59,2152.22,2149.67" sx="M,F,M,F"/><TAIKYOKU oya="0"/><INIT seed="0,0,0,4,2,101" ten="250,250,250,250" oya="0" hai0="109,30,18,41,65,119,34,23,14,108,118,61,111" hai1="27,113,39,55,93,42,4,3,9,10,63,67,123" hai2="98,103,95,38,114,84,16,133,126,80,122,134,48" hai3="120,76,7,124,116,97,69,12,71,5,43,31,58"/><T60/><D41/><U102/><E123/><V37/><F122/><W66/><G116/><N who="0" m="44587" /><D61/><U75/><E113/><V96/><F114/><W100/><G124/><T90/><D90/><U86/><E75/><V88/><F126/><W44/><G76/><T0/><D60/><U33/><E10/><V47/><F16/><W6/><G120/><T87/><D87/><U24/><E33/><V92/><F133/><W59/><G31/><T68/><D65/><U57/><E67/><V1/><F1/><W45/><G12/><T129/><D68/><U135/><E135/><V131/><F131/><W70/><G66/><T104/><D104/><U99/><E39/><V74/><F74/><W54/><G54/><T117/><D117/><U36/><E36/><V110/><F110/><W20/><G20/><T35/><D129/><U17/><E42/><V83/><F83/><W2/><G2/><T85/><D85/><U50/><E17/><V72/><F72/><W121/><G121/><T52/><D52/><U127/><E127/><V125/><F134/><W130/><G130/><T91/><D91/><U22/><E22/><V25/><F25/><W94/><REACH who="3" step="1"/><G45/><REACH who="3" ten="250,250,250,240" step="2"/><T11/><D0/><U128/><E128/><V106/><F125/><W77/><G77/><T13/><D30/><U51/><E3/><V62/><F47/><W79/><G79/><T56/><D56/><U19/><E57/><V132/><F132/><W78/><G78/><T64/><D64/><U8/><E55/><V112/><F112/><W26/><G26/><T46/><D46/><U53/><E24/><V32/><F32/><RYUUKYOKU ba="0,1" sc="250,15,250,-15,250,-15,240,15" hai0="11,13,14,18,23,34,35,108,109,111" hai3="5,6,7,43,44,58,59,69,70,71,94,97,100" /><INIT seed="0,1,1,1,3,63" ten="265,235,235,255" oya="0" hai0="71,64,111,16,123,132,17,89,99,1,12,2,55" hai1="45,61,86,8,98,47,117,131,50,112,33,11,10" hai2="21,13,124,78,88,58,135,60,118,114,40,25,126" hai3="22,82,43,109,116,42,81,105,28,110,24,6,65"/><T51/><D123/><U53/><E117/><V83/><F114/><W14/><G116/><T75/><D75/><U35/><E112/><V94/><F118/><W23/><G105/><T30/><D30/><U115/><E115/><V100/><F100/><W54/><G54/><T92/><D132/><U73/><E73/><V57/><F13/><W29/><G6/><T120/><D120/><U79/><E131/><V80/><F40/><W85/><G14/><T101/><D17/><U62/><E98/><V72/><F83/><W34/><G85/><T97/><D111/><U19/><E19/><V134/><F21/><W7/><G7/><T87/><D97/><U36/><E36/><V104/><F25/><W107/><G107/><T108/><D108/><U44/><E35/><V52/><F58/><W91/><G91/><T38/><D38/><U59/><E33/><V31/><F31/><W96/><G96/><T39/><D39/><U77/><E77/><V129/><F129/><W133/><G34/><T130/><D130/><U18/><E18/><V102/><F102/><W125/><G125/><N who="2" m="48233" /><F104/><W103/><G103/><T70/><D101/><U93/><E93/><V95/><F95/><W76/><G24/><T128/><D128/><U5/><E5/><V56/><F56/><W41/><G41/><T69/><D99/><AGARI ba="1,1" hai="52,57,60,72,78,80,88,94,99,134,135" m="48233" machi="99" ten="30,3900,0" yaku="18,1,54,2" doraHai="63" who="2" fromWho="0" sc="265,-42,235,0,235,52,255,0" /><INIT seed="1,0,0,0,3,93" ten="223,235,287,255" oya="1" hai0="69,126,59,75,24,64,82,3,12,56,121,76,31" hai1="14,122,49,60,128,100,25,13,73,5,117,97,48" hai2="116,26,54,58,74,21,63,39,40,15,84,46,88" hai3="133,47,111,52,135,81,0,112,70,106,57,72,107"/><U44/><E117/><V67/><F116/><W120/><G70/><T37/><D3/><U86/><E122/><V38/><F74/><W61/><G120/><T108/><D121/><U1/><E73/><V90/><F38/><W115/><G0/><T50/><D37/><U85/><E128/><V102/><F102/><W110/><G81/><T71/><D108/><N who="3" m="41513" /><G72/><T119/><D126/><U41/><E1/><V9/><F84/><W33/><G33/><T131/><D131/><U43/><E60/><V83/><F83/><W87/><G87/><T42/><D59/><U28/><E5/><V114/><F114/><N who="3" m="43563" /><G47/><T7/><D71/><U10/><E85/><V123/><F123/><W17/><G17/><T118/><D69/><U129/><E86/><V16/><REACH who="2" step="1"/><F67/><REACH who="2" ten="223,235,277,255" step="2"/><W79/><G79/><T53/><D64/><U101/><E129/><V113/><F113/><W18/><G18/><AGARI ba="0,1" hai="9,15,16,18,21,26,39,40,46,54,58,63,88,90" machi="18" ten="30,8000,1" yaku="1,1,7,1,54,2,53,1" doraHai="93" doraHaiUra="68" who="2" fromWho="3" sc="223,0,235,0,277,90,255,-80" /><INIT seed="2,0,0,3,5,53" ten="223,235,367,175" oya="2" hai0="74,122,133,2,4,116,135,38,51,21,47,41,113" hai1="71,39,49,100,59,96,129,13,95,81,8,7,44" hai2="130,119,68,91,58,114,98,103,60,43,20,117,79" hai3="48,46,22,55,45,76,102,18,24,82,67,65,0"/><V97/><F114/><W83/><G0/><T88/><D122/><U77/><E71/><V35/><F35/><W128/><G128/><T52/><D74/><U111/><E129/><V50/><F68/><W15/><G102/><T87/><D113/><U125/><E111/><V85/><F79/><W63/><G45/><T110/><D110/><U80/><E125/><V132/><F132/><N who="0" m="50762" /><D116/><U11/><E39/><V126/><F126/><W99/><G99/><T72/><D72/><U118/><E118/><V84/><F84/><W92/><G92/><N who="0" m="54303" /><D21/><U94/><E94/><V12/><F98/><W28/><G76/><T73/><D73/><U19/><E77/><V14/><F20/><W131/><G131/><T6/><D2/><U120/><E120/><V69/><F130/><W23/><REACH who="3" step="1"/><G67/><REACH who="3" ten="223,235,367,165" step="2"/><T42/><D42/><U1/><E44/><AGARI ba="0,1" hai="4,6,38,41,44,47,51,52" m="54303,50762" machi="44" ten="30,3900,0" yaku="20,1,54,2" doraHai="53" who="0" fromWho="1" sc="223,49,235,-39,367,0,165,0" /><INIT seed="3,0,0,5,3,55" ten="272,196,367,165" oya="3" hai0="124,5,46,89,1,67,34,90,135,97,116,104,92" hai1="86,134,113,28,27,47,53,100,82,87,130,43,126" hai2="69,102,39,58,117,108,4,54,73,125,123,10,94" hai3="38,9,45,95,22,63,103,16,132,98,121,75,18"/><W20/><G121/><T88/><D34/><U57/><E113/><V31/><F69/><W32/><G132/><T79/><D67/><U3/><E3/><V23/><F73/><W14/><G32/><T114/><D5/><U11/><E134/><V106/><F39/><W118/><G118/><T77/><D1/><U25/><E130/><V13/><F125/><W74/><G9/><T110/><D135/><U62/><E126/><V29/><F106/><W93/><G93/><N who="0" m="56487" /><D46/><U85/><E100/><V115/><F115/><W76/><G76/><N who="0" m="29259" /><D114/><U15/><E82/><V81/><F81/><W60/><G75/><T101/><D124/><U12/><E28/><V48/><F117/><W64/><G74/><T128/><D110/><U120/><E120/><V59/><F108/><W49/><G38/><T33/><D33/><U56/><E56/><N who="2" m="32839" /><F31/><W42/><REACH who="3" step="1"/><G64/><REACH who="3" ten="272,196,367,155" step="2"/><T26/><D116/><U112/><E112/><V71/><F123/><W84/><G84/><T50/><D128/><U96/><E96/><N who="2" m="59671" /><F71/><W72/><G72/><T0/><D104/><U68/><E85/><V70/><F70/><W30/><G30/><T78/><D78/><U99/><E68/><V17/><F29/><W107/><G107/><T41/><D92/><U133/><E133/><V65/><F65/><W109/><G109/><T129/><D129/><U36/><E99/><V119/><F119/><W131/><G131/><T7/><D101/><U37/><E37/><V2/><F10/><W24/><AGARI ba="0,1" hai="14,16,18,20,22,24,42,45,49,60,63,95,98,103" machi="24" ten="20,12000,1" yaku="1,1,0,1,7,1,8,1,54,1,53,0" doraHai="55" doraHaiUra="52" who="3" fromWho="3" sc="272,-40,196,-40,367,-40,155,130" /><INIT seed="3,1,0,0,0,53" ten="232,156,327,285" oya="3" hai0="9,115,4,58,25,117,5,36,91,87,3,18,65" hai1="16,66,74,42,15,38,129,12,49,90,1,93,35" hai2="2,120,130,63,121,83,10,8,61,47,84,80,119" hai3="135,108,62,75,134,19,133,70,77,116,106,86,34"/><W79/><G116/><T102/><D36/><U37/><E1/><V89/><F119/><W46/><G106/><T127/><D127/><U94/><E74/><V132/><F132/><W50/><G34/><T14/><D115/><U85/><E35/><V41/><F130/><W100/><G100/><T54/><D65/><U107/><E107/><V72/><F83/><W28/><G28/><T31/><D102/><U92/><E129/><V112/><F72/><W110/><G19/><T82/><D3/><U111/><E111/><N who="3" m="42538" /><G86/><T101/><D101/><U33/><E33/><V11/><F2/><W22/><G22/><N who="0" m="15799" /><D117/><U43/><E66/><V124/><F124/><W32/><G32/><T88/><D91/><U125/><E125/><V24/><F24/><W68/><G62/><AGARI ba="1,0" hai="4,5,9,14,18,54,58,62,82,87,88" m="15799" machi="62" ten="30,3900,0" yaku="8,1,52,1,54,1" doraHai="53" who="0" fromWho="3" sc="232,42,156,0,327,0,285,-42" /><INIT seed="4,0,0,3,5,124" ten="274,156,327,243" oya="0" hai0="78,128,61,24,95,98,9,7,132,53,0,45,10" hai1="93,51,120,66,21,63,94,40,19,116,56,60,104" hai2="26,59,92,100,73,80,129,18,74,33,46,57,49" hai3="6,130,50,67,118,22,81,15,1,96,23,27,2"/><T39/><D132/><U135/><E116/><V123/><F123/><W72/><G118/><T76/><D128/><U77/><E120/><V91/><F100/><W82/><G67/><T12/><D24/><U29/><E104/><V109/><F109/><W87/><G72/><T99/><D99/><U134/><E29/><V44/><F44/><W14/><G50/><T20/><D20/><U85/><E40/><V126/><F126/><W70/><G87/><T88/><D61/><U13/><E51/><V42/><F74/><W133/><G70/><T54/><D54/><U69/><E77/><V62/><F62/><W110/><G96/><T71/><D71/><U113/><E113/><V55/><F55/><W114/><G6/><T103/><D103/><U17/><E17/><V38/><F129/><W11/><G11/><T112/><D53/><U16/><E19/><V48/><F26/><W83/><G27/><T84/><D98/><U25/><E25/><V122/><F122/><W102/><G102/><T36/><D112/><U32/><E85/><V28/><F28/><W115/><G83/><T5/><REACH who="0" step="1"/><D39/><REACH who="0" ten="264,156,327,243" step="2"/><U125/><E32/><V106/><F38/><W41/><G133/><N who="1" m="50698" /><E125/><V89/><F49/><W131/><G110/><T30/><D30/><U117/><E117/><V43/><F48/><W37/><G37/><T68/><D68/><U105/><E105/><V4/><F106/><W111/><G111/><T75/><D75/><U97/><E97/><V101/><F73/><W79/><G41/><AGARI ba="0,1" hai="0,5,7,9,10,12,36,41,45,76,78,84,88,95" machi="41" ten="40,3900,0" yaku="1,1,54,1,53,0" doraHai="124" doraHaiUra="108" who="0" fromWho="3" sc="264,49,156,0,327,0,243,-39" /><INIT seed="4,1,0,4,2,27" ten="313,156,327,204" oya="0" hai0="48,56,76,112,2,23,52,65,18,21,12,129,36" hai1="117,77,114,100,59,83,58,134,54,35,68,15,103" hai2="69,33,125,96,70,122,73,26,126,3,132,28,86" hai3="101,64,40,93,17,14,78,124,0,106,16,19,87"/><T45/><D2/><U11/><E117/><V95/><F73/><W47/><G124/><N who="2" m="47721" /><F122/><W75/><G0/><T104/><D104/><U20/><E35/><V121/><F121/><W90/><G64/><T32/><D32/><U53/><E68/><V108/><F108/><W127/><G127/><T120/><D129/><U99/><E134/><V116/><F116/><W85/><G85/><T13/><D112/><U66/><E114/><V63/><F86/><W115/><G115/><T118/><D120/><U10/><E66/><V9/><F63/><W131/><G131/><T133/><D133/><U91/><E91/><BYE who="1" /><N who="2" m="55423" /><F132/><W82/><G14/><T8/><D118/><U6/><E6/><AGARI ba="1,0" hai="3,6,9,26,28,33,69,70" m="55423,47721" machi="6" ten="30,2000,0" yaku="18,1,52,1" doraHai="27" who="2" fromWho="1" sc="313,0,156,-23,327,23,204,0" /><UN n1="%67%78%7A" /><INIT seed="5,0,0,3,4,15" ten="313,133,350,204" oya="1" hai0="57,75,29,64,23,10,41,18,132,65,128,50,24" hai1="87,119,120,90,19,96,7,113,111,121,124,39,5" hai2="118,69,17,67,100,104,27,2,13,62,76,52,98" hai3="49,43,106,130,58,83,93,116,94,80,108,56,81"/><U89/><E39/><V14/><F2/><W48/><G106/><T105/><D75/><U99/><E119/><V28/><F118/><W44/><G116/><T73/><D73/><U26/><E113/><V53/><F76/><W79/><G108/><T91/><D105/><U51/><E111/><V30/><F30/><W66/><G130/><T55/><D128/><U74/><E74/><V135/><F135/><W11/><G79/><T40/><D91/><U12/><E124/><V103/><F103/><W4/><G66/><N who="0" m="25707" /><D132/><U8/><E51/><V78/><F78/><W71/><G71/><T84/><D84/><U115/><E115/><V86/><F86/><W1/><G49/><T6/><D6/><U127/><E127/><V70/><F70/><W102/><REACH who="3" step="1"/><G93/><REACH who="3" ten="313,133,350,194" step="2"/><T3/><D50/><U9/><E120/><V134/><F134/><W0/><G0/><T59/><D3/><U95/><E121/><V133/><F133/><W46/><G46/><T22/><D57/><U77/><E77/><V126/><F126/><W107/><G107/><T25/><D59/><U123/><E123/><V88/><F104/><W42/><G42/><T60/><D41/><U129/><E129/><V101/><F67/><W31/><G31/><T35/><D40/><U122/><E122/><V21/><F28/><W72/><G72/><T112/><D29/><U68/><E68/><V16/><F69/><W97/><AGARI ba="0,1" hai="1,4,11,43,44,48,56,58,80,81,83,94,97,102" machi="97" ten="30,2000,0" yaku="1,1,0,1,53,0" doraHai="15" doraHaiUra="109" who="3" fromWho="3" sc="313,-5,133,-10,350,-5,194,30" /><INIT seed="6,0,0,1,3,94" ten="308,123,345,224" oya="2" hai0="90,66,77,32,9,67,58,74,115,42,53,34,47" hai1="80,25,82,125,31,36,135,93,121,18,98,111,128" hai2="107,59,126,50,22,114,33,85,63,127,81,78,23" hai3="3,104,91,45,69,57,13,20,56,60,76,83,28"/><V86/><F33/><W105/><G3/><T62/><D115/><U2/><E36/><V129/><F114/><W102/><G69/><T19/><D67/><U52/><E2/><V112/><F112/><W124/><G124/><N who="2" m="47657" /><F107/><W17/><G91/><T37/><D90/><U35/><E125/><V96/><F129/><W11/><G45/><T72/><D72/><U12/><E111/><V0/><F0/><W4/><G28/><T110/><D110/><U130/><E121/><V84/><F50/><W1/><G102/><T38/><D38/><U30/><E135/><V131/><F96/><W88/><G88/><T68/><D74/><U92/><E30/><V55/><F131/><W123/><G123/><T10/><D77/><U7/><E7/><V73/><AGARI ba="0,0" hai="22,23,55,59,63,73,78,81,84,85,86" m="47657" machi="73" ten="30,1500,0" yaku="18,1" doraHai="94" who="2" fromWho="2" sc="308,-5,123,-5,345,15,224,-5" /><INIT seed="6,1,0,5,0,106" ten="303,118,360,219" oya="2" hai0="131,103,110,112,99,100,11,26,88,76,13,20,8" hai1="64,7,121,47,67,125,130,135,31,87,18,4,51" hai2="95,126,23,133,105,49,104,98,81,92,117,66,124" hai3="10,60,94,25,1,24,41,73,5,109,70,71,32"/><V22/><F66/><W107/><G109/><T27/><D110/><U33/><E130/><V116/><F49/><W77/><G94/><N who="0" m="56775" /><D112/><U115/><E115/><V55/><F55/><W57/><G107/><T119/><D131/><U129/><E129/><V90/><F81/><W50/><G50/><T29/><D119/><N who="2" m="45642" /><F23/><W72/><G77/><T68/><D68/><U91/><E51/><V69/><F22/><W101/><G101/><N who="0" m="38987" /><D27/><U45/><E91/><N who="2" m="55583" /><F69/><W113/><G113/><T78/><D11/><U42/><E42/><V62/><F62/><W108/><G41/><T52/><D52/><U61/><E61/><V79/><F79/><W0/><G108/><T56/><D56/><U34/><E33/><V65/><F65/><W74/><G1/><T114/><D114/><U93/><E64/><V37/><F37/><W17/><G57/><T122/><D122/><U6/><E67/><V39/><F39/><W134/><G60/><T89/><D89/><U19/><E121/><V43/><F43/><W35/><G71/><T118/><D118/><U2/><E2/><V21/><F21/><N who="3" m="13359" /><G70/><T75/><D78/><U63/><E63/><V36/><F133/><W82/><G134/><T14/><D8/><U53/><E135/><V84/><F36/><W48/><G48/><T127/><D13/><U30/><E34/><N who="3" m="12842" /><G25/><T9/><D26/><U132/><E132/><V12/><F12/><W15/><G15/><T44/><D76/><U120/><E120/><V54/><F54/><W123/><G123/><T83/><D14/><U38/><E38/><V111/><F105/><W40/><G40/><RYUUKYOKU ba="1,0" sc="303,-10,118,-10,360,-10,219,30" hai3="0,5,10,72,73,74,82" /><INIT seed="7,2,0,0,4,47" ten="293,108,350,249" oya="3" hai0="12,84,15,96,36,119,27,6,68,86,11,20,81" hai1="87,51,3,110,43,132,99,77,40,9,35,48,75" hai2="44,24,32,131,109,59,112,62,122,98,49,134,97" hai3="127,76,107,124,64,92,42,125,34,26,79,8,135"/><W52/><G107/><T89/><D119/><U5/><E110/><V91/><F109/><W83/><G135/><T54/><D68/><U113/><E35/><V4/><F112/><W39/><G64/><T28/><D36/><U16/><E113/><V29/><F131/><W128/><G128/><T41/><D41/><U33/><E33/><V115/><F115/><W70/><G70/><T104/><D104/><U126/><E75/><V102/><F122/><W121/><G121/><T95/><D81/><U129/><E129/><V103/><F4/><W133/><G133/><T22/><D12/><U58/><E132/><V1/><F1/><W37/><G92/><T50/><REACH who="0" step="1"/><D22/><REACH who="0" ten="283,108,350,249" step="2"/><U10/><E126/><V60/><F32/><W21/><G34/><T120/><D120/><U130/><E130/><V38/><F38/><W72/><G42/><T7/><D7/><U73/><E73/><V31/><F24/><W57/><G8/><T66/><D66/><U111/><E111/><V80/><F80/><W118/><G118/><T17/><D17/><U117/><E117/><V2/><F2/><W88/><G79/><T23/><D23/><U67/><E3/><V78/><F78/><W0/><G0/><T46/><AGARI ba="2,1" hai="6,11,15,20,27,28,46,50,54,84,86,89,95,96" machi="46" ten="20,8000,1" yaku="1,1,0,1,7,1,8,1,52,1,53,0" doraHai="47" doraHaiUra="100" who="0" fromWho="0" sc="283,96,108,-22,350,-22,249,-42" owari="379,47.9,86,-41.4,328,12.8,207,-19.3" /></mjloggm>