<mjloggm ver="2.3"><GO type="169" lobby="0"/><UN n0="%E2%97%8E%E3%82%88%E3%81%97%E2%97%8E" n1="%71%75%65%79%69%6D%65%6E" n2="%4A%4B%E3%81%97%E3%82%8D%E3%81%BE%E3%82%8B" n3="%E7%B4%94%E6%BD%94%E3%83%94%E3%83%A9%E3%83%8B%E3%82%A2" dan="17,16,16,16" rate="2179.64,2113.02,2126.14,2203.01" sx="M,M,F,M"/><TAIKYOKU oya="0"/><INIT seed="0,0,0,4,2,81" ten="250,250,250,250" oya="0" hai0="21,100,26,50,16,115,89,63,87,71,77,95,30" hai1="49,85,126,14,41,51,121,123,120,129,36,60,125" hai2="54,62,37,122,116,33,104,86,34,72,24,127,114" hai3="19,119,3,107,128,84,15,18,46,80,88,94,117"/><T53/><D115/><U25/><E36/><V73/><F24/><W12/><G3/><T40/><D40/><U56/><E129/><V31/><F31/><W48/><G107/><T112/><D112/><U39/><E14/><V20/><F20/><W6/><G6/><T78/><D100/><U66/><E25/><V96/><F54/><W74/><G128/><T99/><D30/><U35/><E85/><V43/><F62/><W13/><G74/><T4/><D4/><U8/><E8/><V82/><F122/><W28/><G28/><T17/><D17/><U98/><E98/><V42/><F96/><W92/><G119/><T32/><D99/><U1/><E1/><V133/><F82/><W38/><G38/><T11/><D11/><U76/><E76/><V113/><F104/><W93/><REACH who="3" step="1"/><G117/><REACH who="3" ten="250,250,250,240" step="2"/><T2/><D2/><U52/><E35/><V90/><F37/><W9/><G9/><T0/><D0/><U47/><REACH who="1" step="1"/><E51/><REACH who="1" ten="250,240,250,240" step="2"/><V106/><F116/><W5/><G5/><T134/><D32/><U67/><E67/><V124/><F113/><W102/><G102/><T131/><D131/><U111/><E111/><V68/><F114/><W79/><G79/><T135/><D78/><U23/><E23/><V75/><F75/><W57/><G57/><AGARI ba="0,2" hai="39,41,47,49,52,56,57,60,66,120,121,123,125,126" machi="57" ten="40,12000,2" yaku="1,1,34,3,54,1,53,1" doraHai="81" doraHaiUra="70" who="1" fromWho="3" sc="250,0,240,140,250,0,240,-120" /><INIT seed="1,0,0,1,5,22" ten="250,380,250,120" oya="1" hai0="56,70,16,103,39,111,7,11,6,72,63,108,64" hai1="67,1,87,26,28,54,69,80,77,37,120,76,71" hai2="50,61,74,90,85,3,0,62,79,44,130,97,5" hai3="53,55,116,114,60,126,31,96,40,128,89,33,121"/><U42/><E120/><V133/><F130/><W115/><G128/><T20/><D72/><U34/><E1/><V94/><F133/><W106/><G121/><T102/><D39/><U129/><E129/><V86/><F74/><W29/><G126/><T45/><D45/><U73/><E42/><V124/><F124/><W83/><G40/><T81/><D81/><U92/><E37/><V59/><F62/><W4/><G4/><N who="0" m="1579" /><D11/><U110/><E76/><V98/><F3/><W65/><G31/><T105/><D105/><U41/><E41/><N who="2" m="24847" /><F5/><W10/><G10/><T88/><D88/><U131/><E131/><V14/><F0/><W27/><G116/><T51/><D51/><U75/><E75/><V101/><F101/><W52/><G83/><T99/><D99/><U13/><E71/><V17/><F97/><W117/><G117/><T123/><D70/><U100/><E69/><V43/><F79/><W66/><G106/><T30/><D30/><U125/><E125/><V48/><F48/><W112/><REACH who="3" step="1"/><G60/><REACH who="3" ten="250,380,250,110" step="2"/><T119/><D119/><U49/><E28/><V78/><F43/><W104/><G104/><T24/><D123/><U23/><E73/><V82/><F82/><W32/><G32/><T134/><D134/><U21/><E34/><V8/><F78/><W12/><G12/><T95/><D95/><AGARI ba="0,1" hai="27,29,33,52,53,55,65,66,89,95,96,112,114,115" machi="95" ten="50,6400,0" yaku="1,1,52,1,54,1,53,0" doraHai="22" doraHaiUra="57" who="3" fromWho="0" sc="250,-64,380,0,250,0,110,74" /><INIT seed="2,0,0,5,2,120" ten="186,380,250,184" oya="2" hai0="117,88,78,66,99,73,131,92,129,70,35,122,134" hai1="87,116,103,77,113,90,135,94,31,114,6,64,81" hai2="59,101,21,119,132,20,100,41,18,16,111,107,74" hai3="34,91,126,68,40,57,80,26,56,106,28,104,61"/><V15/><F119/><W19/><G126/><T38/><D35/><U13/><E31/><V17/><F74/><W82/><G40/><T67/><D38/><U7/><E64/><V11/><F132/><W8/><G68/><T83/><D122/><U3/><E3/><V48/><F111/><W22/><G8/><T118/><D134/><U84/><E135/><V58/><F107/><W1/><G1/><T52/><D52/><U95/><E116/><N who="0" m="44649" /><D70/><U108/><E108/><V39/><F39/><W86/><G82/><T96/><D96/><U24/><E24/><N who="2" m="14351" /><F41/><W98/><G98/><T37/><D37/><U89/><E103/><N who="2" m="39499" /><F48/><W124/><G56/><T69/><D69/><U25/><E114/><V62/><F62/><W4/><G124/><T71/><D71/><U97/><E113/><V27/><AGARI ba="0,0" hai="11,15,16,18,21,27,58,59" m="39499,14351" machi="27" ten="30,3000,0" yaku="8,1,54,1" doraHai="120" who="2" fromWho="2" sc="186,-10,380,-10,250,30,184,-10" /><INIT seed="2,1,0,3,2,131" ten="176,370,280,174" oya="2" hai0="114,73,103,34,20,33,107,72,104,4,35,50,66" hai1="40,124,83,117,86,18,78,46,87,56,99,120,30" hai2="123,135,5,43,84,23,96,44,113,77,112,45,28" hai3="0,25,111,98,10,67,132,62,27,53,129,88,79"/><V37/><F123/><W42/><G129/><T109/><D114/><U106/><E117/><V21/><F5/><W54/><G111/><T8/><D109/><U70/><E70/><V130/><F130/><W64/><G79/><T102/><D66/><U63/><E124/><V6/><F6/><W105/><G42/><T24/><D50/><U81/><E120/><V60/><F96/><W55/><G0/><T3/><D103/><U110/><E110/><V19/><F28/><W15/><G132/><T22/><D22/><U127/><E127/><V128/><F128/><W65/><G62/><T82/><D82/><U119/><E30/><V80/><F23/><W92/><REACH who="3" step="1"/><G105/><REACH who="3" ten="176,370,280,164" step="2"/><T12/><D3/><U91/><E119/><V69/><F135/><W51/><G51/><T95/><D107/><U122/><E122/><V13/><REACH who="2" step="1"/><F45/><REACH who="2" ten="176,370,270,164" step="2"/><W125/><G125/><T61/><D104/><U7/><E106/><V26/><F26/><W101/><G101/><T108/><D108/><U38/><E46/><V115/><F115/><W94/><G94/><T36/><D95/><U58/><E7/><AGARI ba="1,2" hai="7,10,15,25,27,53,54,55,64,65,67,88,92,98" machi="7" ten="40,5200,0" yaku="1,1,8,1,54,1,53,0" doraHai="131" doraHaiUra="75" who="3" fromWho="1" sc="176,0,370,-55,270,0,164,75" /><INIT seed="3,0,0,5,2,85" ten="176,315,270,239" oya="3" hai0="104,37,78,53,68,18,63,135,19,69,134,52,17" hai1="114,83,79,64,22,86,84,95,59,33,25,91,29" hai2="105,125,102,3,80,67,21,60,71,32,42,97,107" hai3="74,110,58,132,45,50,28,130,11,106,87,44,115"/><W49/><G74/><T127/><D104/><U65/><E114/><V76/><F125/><W10/><G115/><T36/><D78/><U129/><E129/><V73/><F105/><W14/><G106/><T117/><D63/><U123/><E123/><V47/><F21/><W101/><G130/><T51/><D51/><U82/><E33/><V54/><F54/><N who="0" m="21098" /><D117/><U20/><E59/><V43/><F3/><W40/><G58/><T46/><D46/><U122/><E122/><V111/><F111/><W128/><G110/><T96/><D96/><U24/><REACH who="1" step="1"/><E82/><REACH who="1" ten="176,305,270,239" step="2"/><V124/><F124/><W81/><G128/><T1/><D127/><U8/><E8/><V0/><F32/><W90/><G10/><T77/><D1/><U31/><AGARI ba="0,1" hai="20,22,24,25,29,31,64,65,79,83,84,86,91,95" machi="31" ten="20,16000,3" yaku="1,1,0,1,7,1,9,1,8,1,52,1,53,2" doraHai="85" doraHaiUra="62" who="1" fromWho="1" sc="176,-40,305,170,270,-40,239,-80" /><INIT seed="4,0,0,3,4,72" ten="136,475,230,159" oya="0" hai0="2,33,134,37,8,51,58,106,28,114,42,102,104" hai1="45,122,63,107,80,124,112,47,55,103,54,84,62" hai2="40,27,4,17,9,118,64,15,24,23,1,129,85" hai3="98,20,52,123,121,116,48,30,50,3,115,53,14"/><T74/><D58/><U92/><E122/><N who="3" m="46602" /><G3/><T7/><D51/><N who="3" m="19497" /><G116/><T135/><D74/><U126/><E107/><N who="0" m="41001" /><D102/><U95/><E103/><V13/><F40/><W70/><G70/><T125/><D114/><U59/><E112/><V49/><F118/><W22/><G115/><T18/><D18/><U109/><E109/><V132/><F49/><W56/><G56/><T73/><D73/><U68/><E68/><V16/><F64/><W79/><G98/><T110/><D125/><N who="1" m="48235" /><E59/><V46/><F46/><N who="1" m="17417" /><E80/><V26/><F85/><W60/><G60/><T19/><D19/><U82/><E63/><V89/><F17/><W93/><G93/><N who="1" m="35914" /><E62/><V133/><F16/><W11/><G53/><T32/><D110/><U105/><E105/><V117/><F117/><W21/><G52/><T61/><D61/><U111/><E111/><V34/><F26/><W29/><G11/><T97/><D97/><U38/><E38/><V41/><F9/><W100/><G100/><T113/><D113/><U35/><E35/><N who="0" m="13385" /><D28/><U66/><E66/><V94/><F34/><W83/><G14/><T25/><D25/><U12/><E12/><V96/><F15/><W101/><G101/><T77/><D77/><AGARI ba="0,0" hai="54,55,77,82,84" m="35914,17417,48235" machi="77" ten="30,2000,0" yaku="18,1,52,1" doraHai="72" who="1" fromWho="0" sc="136,-20,475,20,230,0,159,0" /><INIT seed="5,0,0,5,2,92" ten="116,495,230,159" oya="1" hai0="40,111,97,29,24,47,76,120,57,60,15,108,13" hai1="126,26,115,18,12,16,134,119,5,42,110,59,86" hai2="112,8,94,122,84,30,135,121,34,133,27,44,89" hai3="28,104,100,43,80,90,61,37,91,20,128,17,85"/><U0/><E119/><V95/><F112/><W23/><G128/><T83/><D120/><U65/><E115/><V22/><F34/><W98/><G37/><T118/><D118/><U79/><E42/><V72/><F72/><W11/><G43/><T106/><D111/><U78/><E134/><N who="2" m="51211" /><F44/><W71/><G28/><T82/><D108/><U127/><E0/><V105/><F105/><W117/><G117/><T73/><D82/><N who="1" m="47455" /><E78/><V64/><F64/><W130/><G130/><T99/><D106/><U52/><E65/><V109/><F109/><W51/><G51/><T132/><D132/><U36/><E36/><V113/><F113/><W54/><G91/><T77/><D77/><U35/><E110/><V48/><F48/><W7/><G17/><T63/><D63/><N who="1" m="36327" /><E12/><V66/><F66/><W10/><G71/><T19/><D15/><U14/><E14/><V58/><F122/><W87/><G54/><T88/><D40/><U50/><E50/><V33/><F33/><W125/><G61/><T129/><D47/><U32/><E32/><V96/><F121/><W67/><G67/><T62/><D129/><U75/><E75/><V107/><F107/><W101/><G104/><T93/><D57/><U53/><E53/><V2/><F58/><W103/><G87/><T114/><D114/><U74/><E74/><V25/><F2/><W81/><G81/><T46/><D46/><U131/><E131/><V49/><F49/><W123/><G123/><T1/><D1/><U3/><E3/><V6/><F84/><W56/><G56/><T70/><D70/><U31/><E5/><RYUUKYOKU ba="0,0" sc="116,-10,495,30,230,-10,159,-10" hai1="16,18,26,31,35,126,127" /><INIT seed="5,1,0,4,2,35" ten="106,525,220,149" oya="1" hai0="37,28,10,5,108,117,110,34,14,17,19,46,45" hai1="48,79,6,118,133,95,100,105,129,60,64,70,38" hai2="13,130,25,90,114,103,51,12,18,20,134,65,84" hai3="132,67,87,36,54,9,107,135,89,53,96,68,124"/><U3/><E118/><V73/><F73/><W86/><G36/><T16/><D37/><U112/><E95/><V71/><F130/><W23/><G124/><T128/><D46/><U50/><E50/><V27/><F134/><N who="3" m="51243" /><G23/><T15/><D45/><U22/><E48/><V56/><F71/><W109/><G109/><N who="0" m="42091" /><D117/><U106/><E22/><V4/><F103/><N who="3" m="62951" /><G9/><N who="0" m="6223" /><D128/><U2/><E129/><V81/><F114/><W122/><G122/><T31/><D31/><U99/><E133/><V24/><F65/><W93/><G87/><T77/><D77/><U113/><E6/><V92/><F4/><W120/><G120/><T104/><D104/><N who="1" m="63519" /><E79/><V72/><F20/><W78/><G78/><T125/><D125/><U62/><E62/><AGARI ba="1,0" hai="53,54,62,67,68,86,89,93" m="62951,51243" machi="62" ten="30,1000,0" yaku="20,1" doraHai="35" who="3" fromWho="1" sc="106,0,525,-13,220,0,149,13" /><INIT seed="6,0,0,1,5,130" ten="106,512,220,162" oya="2" hai0="73,113,78,21,35,10,61,41,39,54,117,57,14" hai1="88,71,80,20,15,40,106,85,96,115,63,70,60" hai2="75,68,89,101,5,126,92,81,131,74,127,9,29" hai3="33,32,114,27,122,112,44,135,22,87,125,45,59"/><V37/><F68/><W55/><G122/><T134/><D35/><N who="3" m="13385" /><G87/><T47/><D113/><N who="3" m="43625" /><G125/><N who="2" m="47625" /><F37/><W133/><G45/><T128/><D128/><U4/><E115/><V2/><F131/><W0/><G44/><T95/><D95/><N who="1" m="56423" /><E106/><V31/><F101/><W49/><G0/><T111/><D111/><U94/><E71/><V120/><F120/><W23/><G23/><T132/><D21/><U69/><E69/><V48/><F48/><W30/><AGARI ba="0,0" hai="22,27,30,49,55,59,133,135" m="43625,13385" machi="30" ten="40,8000,1" yaku="15,1,11,1,52,2" doraHai="130" who="3" fromWho="3" sc="106,-20,512,-20,220,-40,162,80" /><INIT seed="7,0,0,5,2,50" ten="86,492,180,242" oya="3" hai0="114,95,130,86,102,58,100,13,87,45,127,31,98" hai1="30,111,47,33,109,11,52,78,29,126,91,120,3" hai2="132,38,82,25,133,117,135,63,76,93,92,88,77" hai3="17,9,125,39,21,97,60,53,72,112,54,36,89"/><W28/><G72/><T56/><D127/><U106/><E120/><V73/><F38/><W124/><G28/><T23/><D130/><U123/><E123/><V61/><F117/><W24/><G9/><T41/><D102/><U14/><E106/><V18/><F77/><W40/><G60/><N who="2" m="23113" /><F88/><W103/><G89/><T121/><D121/><U115/><E14/><V75/><F75/><W113/><G40/><T71/><D71/><U8/><E52/><N who="3" m="20074" /><G36/><T83/><D114/><N who="3" m="44137" /><G39/><T134/><D134/><U116/><E11/><V84/><F73/><W7/><G7/><T4/><D4/><U119/><E30/><V99/><F99/><W79/><G79/><T68/><D68/><U43/><E43/><V19/><F19/><W12/><G12/><T16/><D31/><U90/><E78/><V101/><F101/><W64/><G64/><T34/><D34/><U108/><E33/><V48/><F18/><W96/><G103/><T37/><REACH who="0" step="1"/><D86/><REACH who="0" ten="76,492,180,242" step="2"/><U0/><E91/><V104/><F133/><W32/><G32/><T22/><D22/><U26/><E8/><V5/><F84/><W74/><G74/><T129/><D129/><U128/><E128/><V62/><F135/><W122/><G122/><T85/><D85/><U81/><E90/><V55/><F132/><W1/><G1/><T35/><D35/><U49/><E0/><V80/><F76/><W27/><G27/><T94/><D94/><U15/><E26/><V51/><F25/><W70/><G70/><T67/><D67/><U69/><E3/><V65/><F65/><W2/><G24/><T118/><D118/><RYUUKYOKU ba="0,1" sc="76,30,492,-10,180,-10,242,-10" hai0="13,16,23,37,41,45,56,58,83,87,95,98,100" owari="106,-39.4,492,59.2,170,-23.0,232,3.2" /></mjloggm>