<mjloggm ver="2.3"><GO type="169" lobby="0"/><UN n0="%E3%81%A8%E3%81%B3%E3%81%BE%E3%81%93" n1="%E3%81%82%E3%81%BE%E3%81%82%E3%82%93" n2="%E3%83%8A%E3%82%AB%E3%81%AB%E3%81%97" n3="%31%74%61" dan="16,17,17,17" rate="2188.86,2105.98,2222.26,2212.36" sx="M,M,M,M"/><TAIKYOKU oya="0"/><INIT seed="0,0,0,4,4,40" ten="250,250,250,250" oya="0" hai0="64,31,77,135,32,11,126,91,29,57,1,2,73" hai1="8,83,24,39,33,15,20,34,75,25,121,124,50" hai2="44,0,22,112,63,21,120,27,93,133,62,108,115" hai3="17,55,97,42,110,117,49,59,128,114,51,52,71"/><T109/><D73/><U94/><E39/><V13/><F120/><W56/><G71/><T82/><D77/><U85/><E121/><V96/><F0/><W38/><G114/><T36/><D36/><U105/><E105/><V134/><F108/><W107/><G117/><T123/><D123/><U104/><E104/><V45/><F13/><W23/><G110/><T116/><D116/><U19/><E124/><V7/><F7/><W81/><G128/><T9/><D82/><U101/><E75/><V76/><F93/><W14/><G81/><T92/><D57/><U111/><E111/><V35/><F96/><W3/><G3/><T69/><D109/><U26/><E20/><V74/><F74/><W53/><G38/><T132/><D126/><U68/><E68/><V99/><F99/><W41/><REACH who="3" step="1"/><G53/><REACH who="3" ten="250,250,250,240" step="2"/><T90/><D69/><U47/><E101/><AGARI ba="0,1" hai="14,17,23,41,42,49,51,52,55,56,59,97,101,107" machi="101" ten="40,8000,1" yaku="1,1,2,1,9,1,54,1,53,0" doraHai="40" doraHaiUra="122" who="3" fromWho="1" sc="250,0,250,-80,250,0,240,90" /><INIT seed="1,0,0,0,3,110" ten="250,170,250,330" oya="1" hai0="93,84,41,53,32,11,26,18,31,4,57,128,107" hai1="63,67,80,6,62,48,20,81,60,12,102,1,108" hai2="99,23,113,94,131,87,125,34,132,123,10,3,37" hai3="15,16,68,9,71,90,52,109,83,92,36,72,86"/><U121/><E121/><V79/><F123/><W91/><G36/><T119/><D107/><U38/><E38/><V104/><F34/><W74/><G109/><T111/><D111/><U135/><E108/><V25/><F37/><W76/><G74/><T126/><D119/><U117/><E117/><V5/><F131/><W129/><G129/><T22/><D126/><U101/><E135/><V45/><F125/><W59/><REACH who="3" step="1"/><G91/><REACH who="3" ten="250,170,250,320" step="2"/><T8/><D128/><U100/><E67/><V78/><F132/><W2/><G2/><T50/><D41/><U114/><E1/><V115/><F79/><W97/><G97/><T21/><D32/><U66/><E66/><V58/><F99/><W40/><G40/><T124/><D124/><U120/><E120/><V75/><F75/><W7/><G7/><T27/><D4/><U35/><E35/><V73/><F73/><W13/><G13/><T44/><D44/><U30/><E6/><V19/><F45/><W49/><AGARI ba="0,1" hai="9,15,16,49,52,59,68,71,72,76,83,86,90,92" machi="49" ten="20,8000,1" yaku="1,1,0,1,7,1,54,2,53,0" doraHai="110" doraHaiUra="28" who="3" fromWho="3" sc="250,-20,170,-40,250,-20,320,90" /><INIT seed="2,0,0,1,1,32" ten="230,130,230,410" oya="2" hai0="99,12,88,82,24,31,95,41,70,3,11,94,52" hai1="120,106,5,122,102,50,17,64,107,39,43,59,89" hai2="60,98,42,57,0,132,115,61,127,114,48,123,25" hai3="73,113,15,128,46,26,91,30,23,131,80,51,83"/><V109/><F123/><W69/><G69/><T119/><D70/><U133/><E133/><V104/><F132/><W45/><G113/><T90/><D119/><U2/><E17/><V62/><F25/><W97/><G46/><T19/><D3/><U77/><E89/><V121/><F121/><N who="1" m="46697" /><E77/><V29/><F29/><W14/><G73/><T21/><D41/><U36/><E102/><V125/><F98/><W85/><G97/><T105/><D105/><N who="1" m="39947" /><E43/><V86/><F86/><W93/><G128/><T63/><D82/><N who="3" m="31273" /><G131/><T13/><D13/><U58/><E50/><V66/><F0/><W9/><G9/><T103/><D94/><U47/><E47/><N who="2" m="25719" /><F104/><W8/><G8/><T53/><D63/><N who="2" m="24138" /><F109/><W96/><G85/><T40/><D40/><AGARI ba="0,0" hai="14,15,23,26,30,40,45,51,91,93,96" m="31273" machi="40" ten="30,1000,0" yaku="8,1" doraHai="32" who="3" fromWho="0" sc="230,-10,130,0,230,0,410,10" /><INIT seed="3,0,0,0,1,84" ten="220,130,230,420" oya="3" hai0="38,48,53,46,57,135,133,100,52,124,49,10,24" hai1="74,2,75,37,51,77,40,112,68,80,5,14,45" hai2="89,47,119,134,29,123,125,6,131,20,122,36,132" hai3="21,108,64,113,98,105,92,44,58,121,66,0,120"/><W127/><G113/><T126/><D100/><U50/><E112/><V99/><F119/><W94/><G0/><T12/><D24/><U97/><E68/><V54/><F6/><W42/><G108/><T9/><D12/><U114/><E114/><V32/><F32/><W85/><G127/><N who="0" m="48683" /><D10/><U71/><E71/><V39/><F125/><W23/><G105/><T83/><D83/><U72/><E14/><V91/><F131/><W129/><G129/><T82/><D82/><U27/><E27/><N who="2" m="16615" /><F99/><W111/><G111/><T103/><D103/><U101/><E51/><N who="2" m="29055" /><F39/><W102/><G121/><N who="2" m="46089" /><F36/><W65/><G120/><T115/><D9/><N who="1" m="2231" /><E50/><V128/><F128/><W34/><G34/><T35/><D35/><U17/><E17/><V8/><F8/><W31/><G31/><T19/><D19/><U104/><AGARI ba="0,0" hai="37,40,45,72,74,75,77,80,97,101,104" m="2231" machi="104" ten="30,4000,0" yaku="25,1,33,2" doraHai="84" who="1" fromWho="1" sc="220,-10,130,40,230,-10,420,-20" /><INIT seed="4,0,0,0,2,61" ten="210,170,220,400" oya="0" hai0="115,78,119,41,26,37,111,101,67,91,122,128,95" hai1="18,24,112,99,71,5,114,107,45,30,124,51,96" hai2="29,64,68,40,25,10,1,87,34,130,93,90,55" hai3="98,16,11,118,69,94,48,50,49,9,35,2,57"/><T125/><D119/><U81/><E5/><V38/><F130/><W32/><G69/><T36/><D122/><U14/><E71/><V46/><F55/><W127/><G118/><T134/><D128/><U108/><E108/><V19/><F68/><W100/><G127/><T22/><D125/><U70/><E70/><V44/><F44/><W31/><G31/><T42/><D78/><U86/><E107/><V33/><F33/><W79/><G79/><T74/><D74/><U117/><E117/><V105/><F105/><W59/><G32/><T85/><D111/><U73/><E73/><V21/><F10/><N who="3" m="3595" /><G35/><T17/><D115/><N who="1" m="44075" /><E24/><V84/><F1/><W106/><G106/><T83/><D134/><U62/><E30/><V113/><F113/><W82/><G2/><T92/><D37/><U97/><E62/><V6/><F6/><W65/><G82/><T104/><D36/><U23/><E124/><V66/><REACH who="2" step="1"/><F87/><REACH who="2" ten="210,170,210,400" step="2"/><W121/><G121/><T0/><D104/><U89/><E96/><V132/><F132/><W77/><G98/><N who="0" m="59591" /><D0/><U60/><E60/><V20/><F20/><W126/><G126/><T54/><D54/><AGARI ba="0,1" hai="14,18,23,45,51,54,81,86,89,97,99" m="44075" machi="54" ten="30,2000,0" yaku="15,1,11,1" doraHai="61" who="1" fromWho="0" sc="210,-20,170,30,210,0,400,0" /><INIT seed="5,0,0,1,0,25" ten="190,200,210,400" oya="1" hai0="90,64,56,115,23,86,41,3,97,28,101,22,14" hai1="72,9,120,100,5,35,125,104,99,124,42,46,134" hai2="105,4,43,47,50,53,11,21,51,95,54,77,79" hai3="36,107,132,110,15,60,75,62,1,116,34,45,70"/><U89/><E120/><V31/><F105/><W19/><RYUUKYOKU type="yao9" ba="0,0" sc="190,0,200,0,210,0,400,0" hai3="1,15,19,34,36,45,60,62,70,75,107,110,116,132" /><INIT seed="5,1,0,0,5,109" ten="190,200,210,400" oya="1" hai0="89,106,21,12,19,118,57,53,65,102,43,62,10" hai1="9,64,50,71,55,26,73,134,83,77,132,49,52" hai2="67,0,107,41,123,16,120,114,125,92,3,7,61" hai3="63,88,11,104,27,60,116,129,122,68,105,128,115"/><U90/><E71/><V86/><F107/><W94/><G115/><T23/><D118/><U6/><E64/><V85/><F125/><W133/><G122/><T84/><D43/><U117/><E117/><V35/><F35/><W4/><G133/><T48/><D102/><U99/><E26/><V24/><F41/><W8/><G27/><T98/><D98/><U38/><E38/><V80/><F114/><W101/><G101/><T127/><D106/><U31/><E31/><V59/><F92/><W75/><G75/><T54/><D127/><U2/><E90/><V72/><F72/><W100/><G100/><T119/><D119/><U135/><E99/><V74/><F74/><W78/><G78/><T91/><D91/><U18/><E18/><V113/><F86/><N who="3" m="52503" /><G11/><T126/><D126/><U20/><E20/><V124/><F113/><W96/><G96/><T29/><D29/><U42/><REACH who="1" step="1"/><E50/><REACH who="1" ten="190,190,210,400" step="2"/><V97/><F97/><W103/><G116/><T112/><D112/><U39/><E39/><V28/><F124/><W47/><G68/><T51/><D51/><U110/><E110/><V22/><F28/><W30/><G30/><T1/><D1/><U45/><AGARI ba="1,1" hai="2,6,9,42,45,49,52,55,73,77,83,132,134,135" machi="45" ten="40,12000,1" yaku="1,1,0,1,20,1,54,1,53,1" doraHai="109" doraHaiUra="37" who="1" fromWho="1" sc="190,-41,190,133,210,-41,400,-41" /><INIT seed="5,2,0,2,5,8" ten="149,323,169,359" oya="1" hai0="18,76,7,51,66,81,106,118,115,97,67,83,129" hai1="36,0,40,134,60,114,56,112,19,87,78,77,6" hai2="46,122,10,74,126,59,124,79,54,61,105,16,50" hai3="123,109,38,55,84,3,101,102,89,64,28,121,119"/><U33/><E33/><V12/><F105/><W93/><G109/><T73/><D118/><U69/><E69/><V13/><F122/><W90/><G38/><T85/><D115/><N who="1" m="44075" /><E134/><V53/><F79/><W4/><G119/><T65/><D129/><U133/><E133/><V132/><F132/><W57/><G28/><T100/><D7/><U27/><E87/><V37/><F74/><W52/><G64/><T99/><D99/><U58/><E0/><V68/><F68/><W98/><G55/><T63/><D51/><U103/><E103/><V14/><REACH who="2" step="1"/><F37/><REACH who="2" ten="149,323,159,359" step="2"/><W125/><G121/><T1/><D1/><U110/><E77/><V113/><F113/><W48/><G123/><T31/><D31/><U41/><E78/><V91/><F91/><W49/><G90/><T11/><D73/><U44/><E36/><V96/><F96/><W45/><G98/><T43/><D83/><U39/><E39/><V2/><F2/><W30/><G3/><T25/><D43/><U35/><E41/><V20/><F20/><W94/><G89/><T9/><REACH who="0" step="1"/><D63/><REACH who="0" ten="139,323,159,359" step="2"/><U120/><E60/><V95/><F95/><W17/><G94/><T21/><AGARI ba="2,2" hai="9,11,18,21,25,65,66,67,76,81,85,97,100,106" machi="21" ten="30,4000,0" yaku="1,1,2,1,0,1,53,0" doraHai="8" doraHaiUra="71" who="0" fromWho="0" sc="139,66,323,-22,159,-12,359,-12" /><INIT seed="6,0,0,5,5,101" ten="205,301,147,347" oya="2" hai0="128,7,95,22,53,57,97,109,29,3,9,76,51" hai1="55,11,31,12,49,30,75,112,124,99,19,90,72" hai2="10,132,77,89,4,118,133,58,85,41,18,92,52" hai3="129,1,88,27,44,108,47,106,66,32,61,68,21"/><V110/><F118/><W122/><G108/><T46/><D109/><U94/><E112/><V131/><F110/><W100/><G1/><T125/><D128/><U111/><E111/><V93/><F131/><W39/><G122/><T96/><D125/><U24/><E124/><V134/><F41/><W16/><G129/><T14/><D76/><U74/><REACH who="1" step="1"/><E24/><REACH who="1" ten="205,291,147,347" step="2"/><V38/><F38/><W20/><G39/><T82/><D3/><U116/><E116/><V56/><F77/><W35/><G35/><T63/><D82/><U105/><E105/><V65/><F92/><W87/><G32/><T45/><D95/><U127/><E127/><V84/><F18/><W104/><G21/><T135/><D135/><U114/><E114/><V43/><F43/><W69/><G69/><T13/><D29/><U121/><E121/><V113/><F113/><W50/><G106/><T25/><D25/><U5/><E5/><V42/><F42/><W64/><G104/><T80/><D80/><U73/><N who="1" m="18432" /><DORA hai="0" /><U117/><E117/><V26/><F26/><W83/><G68/><T71/><D71/><U102/><E102/><V103/><F103/><W36/><G100/><T119/><D119/><U17/><E17/><V34/><F34/><W126/><G126/><T67/><D14/><U15/><E15/><N who="2" m="5575" /><F93/><W78/><G27/><T130/><D22/><U59/><AGARI ba="0,1" hai="11,12,19,30,31,49,55,59,90,94,99" m="18432" machi="59" ten="60,8000,1" yaku="1,1,0,1,53,2" doraHai="101,0" doraHaiUra="86,48" who="1" fromWho="1" sc="205,-20,291,90,147,-40,347,-20" /><INIT seed="7,0,0,4,3,112" ten="185,381,107,327" oya="3" hai0="91,128,92,129,15,133,59,8,69,0,78,70,43" hai1="98,117,22,95,46,122,134,116,85,111,67,104,100" hai2="6,97,23,90,32,41,96,16,35,120,80,62,130" hai3="9,14,74,27,54,52,114,101,87,66,89,93,63"/><W127/><G114/><T40/><D0/><U57/><E111/><V99/><F130/><N who="0" m="50282" /><D78/><U42/><E122/><V13/><F120/><W11/><G74/><T68/><D59/><U3/><E3/><V38/><F6/><W29/><G127/><T4/><D133/><U50/><E134/><V58/><F41/><W73/><G73/><T119/><D119/><N who="1" m="45643" /><E22/><V121/><F38/><W5/><G9/><T37/><D37/><U30/><E30/><V109/><F109/><W88/><G101/><T2/><D2/><U17/><E17/><V7/><F121/><W39/><G39/><T123/><D123/><U33/><E33/><V94/><F80/><W19/><G89/><T132/><D132/><U71/><E71/><V12/><F35/><W53/><G5/><T34/><D34/><U72/><E72/><V45/><F45/><W75/><G75/><T36/><D36/><U21/><E21/><V18/><F32/><W110/><G110/><T65/><D65/><U124/><E124/><V82/><F82/><W10/><G10/><T81/><D81/><U61/><E85/><AGARI ba="0,0" hai="4,8,15,40,43,68,69,70,85,91,92" m="50282" machi="85" ten="40,1300,0" yaku="19,1" doraHai="112" who="0" fromWho="1" sc="185,13,381,-13,107,0,327,0" owari="198,-20.2,368,46.8,107,-39.3,327,12.7" /></mjloggm>