<mjloggm ver="2.3"><GO type="225" lobby="0"/><UN n0="%E3%81%BF%E3%81%BF%E3%81%9A" n1="%E3%83%96%E3%83%83%E3%83%91%E3%82%AA%E3%83%96%E3%83%81%E3%82%AD%E3%83%B3" n2="%E5%8C%97%E6%AC%A7%E3%81%AE%E3%82%82%E3%81%93%E3%81%86" n3="%E3%82%BC%E3%83%AB%E3%83%80%E3%81%AE%E4%BC%9D%E8%AA%AC" dan="17,16,16,17" rate="2252.93,2135.69,2126.82,2111.19" sx="M,M,M,M"/><TAIKYOKU oya="0"/><INIT seed="0,0,0,5,2,98" ten="250,250,250,250" oya="0" hai0="81,86,15,70,66,48,117,9,133,67,77,57,61" hai1="125,110,63,58,106,25,28,42,40,34,36,6,111" hai2="73,76,100,56,24,96,37,121,78,7,104,3,14" hai3="93,85,55,90,1,26,30,49,79,23,71,31,32"/><T4/><D117/><U134/><E134/><V123/><F14/><W91/><G71/><T50/><D133/><U114/><E125/><V80/><F56/><W103/><G1/><T20/><D70/><U135/><E135/><V18/><F18/><W54/><G32/><T82/><D67/><U74/><E74/><V92/><F76/><W68/><G68/><T2/><D2/><U46/><E114/><V97/><F24/><W72/><G72/><T41/><D81/><U45/><E6/><V75/><F37/><W119/><G31/><T115/><D115/><U11/><E11/><V19/><F19/><W59/><G119/><T64/><D64/><U35/><E106/><V108/><F108/><W101/><G79/><T22/><D50/><U38/><REACH who="1" step="1"/><E35/><REACH who="1" ten="250,240,250,250" step="2"/><V112/><F112/><W116/><G116/><T128/><D128/><U132/><E132/><V120/><F7/><W118/><G118/><T16/><REACH who="0" step="1"/><D4/><REACH who="0" ten="240,240,250,250" step="2"/><U60/><E60/><V88/><F3/><W47/><REACH who="3" step="1"/><G91/><REACH who="3" ten="240,240,250,240" step="2"/><T13/><D13/><U69/><E69/><V12/><F12/><W95/><G95/><T131/><D131/><U62/><E62/><AGARI ba="0,3" hai="23,26,30,47,49,54,55,59,62,85,90,93,101,103" machi="62" ten="30,12000,2" yaku="1,1,7,1,8,1,52,2,53,2" doraHai="98" doraHaiUra="99" who="3" fromWho="1" sc="240,0,240,-120,250,0,240,150" /><INIT seed="1,0,0,3,4,75" ten="240,120,250,390" oya="1" hai0="121,91,76,55,80,63,112,61,134,92,42,107,113" hai1="96,48,70,68,37,36,59,30,104,114,78,6,3" hai2="15,72,132,13,116,44,28,84,57,126,122,71,26" hai3="7,110,133,120,21,85,50,95,18,106,34,82,27"/><U35/><E114/><V123/><F71/><N who="1" m="27177" /><E59/><V16/><F72/><W11/><G120/><T88/><D121/><U51/><E51/><V115/><F116/><W118/><G106/><T119/><D119/><U81/><E48/><V83/><F115/><W125/><G118/><T39/><D107/><U20/><E20/><V64/><F13/><W31/><G95/><T127/><D55/><U46/><E46/><V86/><F86/><W66/><G66/><T12/><D12/><U102/><E30/><V128/><F44/><W100/><G100/><T14/><D14/><U29/><E29/><V130/><F123/><W25/><G50/><T117/><D117/><U2/><E35/><V0/><F122/><W97/><G97/><T47/><D92/><U105/><E105/><V32/><F64/><W49/><G49/><T90/><D113/><U33/><E33/><V101/><F57/><W69/><G69/><T89/><D112/><U53/><E53/><V58/><F58/><W4/><G25/><T109/><D47/><U17/><E17/><V67/><F67/><W62/><G18/><T77/><D61/><U79/><E79/><V135/><F101/><W99/><G62/><T45/><D76/><U129/><E129/><N who="2" m="49771" /><F0/><N who="1" m="41" /><E6/><V41/><F41/><W108/><G7/><T10/><D77/><U1/><N who="1" m="49" /><U54/><DORA hai="111" /><E54/><V22/><F126/><W23/><G125/><T60/><D127/><U124/><E124/><V103/><F103/><W94/><G4/><T93/><D45/><U19/><E19/><V73/><F73/><AGARI ba="0,0" hai="36,37,73,78,81,96,102,104" m="49,27177" machi="73" ten="40,7700,0" yaku="33,2,52,1" doraHai="75,111" who="1" fromWho="2" sc="240,0,120,77,250,-77,390,0" /><INIT seed="1,1,0,1,0,102" ten="240,197,173,390" oya="1" hai0="64,42,131,36,35,130,77,8,88,61,53,20,46" hai1="107,25,7,38,54,95,89,50,60,23,80,84,47" hai2="52,129,74,33,68,108,32,40,73,97,6,62,16" hai3="127,41,9,90,27,91,76,67,49,85,22,71,21"/><U118/><E118/><V125/><F108/><W19/><G71/><T135/><D35/><U39/><E7/><V17/><F40/><W45/><G127/><T115/><D115/><U109/><E109/><V79/><F125/><W13/><G67/><T18/><D77/><U65/><E95/><V132/><F6/><N who="3" m="3255" /><G22/><T2/><D135/><U111/><E111/><V57/><F132/><W98/><G98/><T82/><D53/><U15/><E15/><V59/><F68/><W86/><G86/><N who="0" m="50263" /><D8/><U81/><E81/><AGARI ba="1,0" hai="19,21,27,41,45,49,76,81,85,90,91" m="3255" machi="81" ten="30,2000,0" yaku="25,1,8,1" doraHai="102" who="3" fromWho="1" sc="240,0,197,-23,173,0,390,23" /><INIT seed="2,0,0,1,2,115" ten="240,174,173,413" oya="2" hai0="93,114,72,122,96,118,11,7,63,123,52,13,105" hai1="113,94,44,6,134,15,82,16,88,81,36,64,53" hai2="131,80,89,33,125,60,75,46,40,92,126,85,121" hai3="74,12,102,38,47,48,78,69,35,129,42,109,112"/><V9/><F121/><W97/><G69/><T103/><D114/><U120/><E113/><V90/><F33/><W8/><G112/><T117/><D72/><U37/><E134/><V45/><F131/><W107/><G35/><T19/><D105/><U32/><E32/><V77/><F60/><W49/><G129/><T116/><D7/><U132/><E132/><V51/><F90/><W110/><G78/><T28/><D28/><U4/><E120/><V119/><F119/><W26/><G26/><T104/><D104/><U128/><E64/><V54/><REACH who="2" step="1"/><F9/><REACH who="2" ten="240,174,163,413" step="2"/><W70/><G8/><T99/><D99/><N who="1" m="57799" /><E128/><V0/><F0/><W130/><G97/><T59/><AGARI ba="0,1" hai="11,13,19,52,59,63,93,96,103,116,117,118,122,123" machi="59" ten="40,12000,2" yaku="0,1,12,1,52,3,54,1" doraHai="115" who="0" fromWho="0" sc="240,130,174,-30,163,-60,413,-30" /><INIT seed="3,0,0,4,3,49" ten="370,144,103,383" oya="3" hai0="20,111,59,82,60,14,77,103,79,63,72,55,89" hai1="134,7,118,5,131,87,99,109,88,57,102,64,35" hai2="67,19,104,126,21,42,78,1,80,97,75,135,38" hai3="34,65,6,94,84,116,50,69,73,96,120,121,24"/><W117/><G84/><N who="0" m="50327" /><D72/><U25/><E109/><V125/><F67/><W128/><G50/><N who="0" m="31223" /><D111/><U105/><E131/><V129/><F1/><W23/><G128/><T133/><D133/><U112/><E112/><V29/><F129/><W48/><G48/><T18/><D103/><U95/><E118/><N who="3" m="45674" /><G6/><T51/><D51/><U9/><E134/><V127/><F135/><W123/><G73/><T61/><AGARI ba="0,0" hai="14,18,20,60,61,63,77,79" m="31223,50327" machi="61" ten="30,2000,0" yaku="8,1,52,1" doraHai="49" who="0" fromWho="0" sc="370,20,144,-5,103,-5,383,-10" owari="390,49.0,139,-26.1,98,-40.2,373,17.3" /></mjloggm>