<mjloggm ver="2.3"><GO type="169" lobby="0"/><UN n0="%E3%81%9B%E3%81%A9%E3%81%AA%E3%82%8A%E3%81%82%E3%82%93" n1="%E5%BA%84%E5%8F%B8%E5%81%A5%E5%A4%AA%E6%9C%97" n2="%E5%A4%A9%E7%A9%BA%E3%81%AE%E6%8A%80" n3="%E5%A7%AB%E7%95%99" dan="17,16,16,16" rate="2198.75,2052.22,2133.97,2118.42" sx="F,M,M,M"/><TAIKYOKU oya="0"/><INIT seed="0,0,0,3,2,7" ten="250,250,250,250" oya="0" hai0="13,50,9,100,72,95,90,65,1,88,57,133,131" hai1="66,20,76,34,58,28,18,99,98,83,40,21,29" hai2="73,56,69,91,102,96,81,42,33,85,17,0,38" hai3="119,11,132,93,5,89,2,106,36,74,32,127,123"/><T94/><D72/><U43/><E34/><V115/><F69/><W92/><RYUUKYOKU type="yao9" ba="0,0" sc="250,0,250,0,250,0,250,0" hai3="2,5,11,32,36,74,89,92,93,106,119,123,127,132" /><INIT seed="0,1,0,3,4,97" ten="250,250,250,250" oya="0" hai0="113,29,132,100,43,106,72,122,58,126,55,87,31" hai1="26,9,110,23,131,28,57,66,111,5,8,40,129" hai2="94,1,56,134,14,68,17,98,48,46,63,90,119" hai3="0,101,6,81,65,118,103,70,32,15,30,2,35"/><T73/><D113/><U53/><E66/><V47/><F134/><W133/><G118/><T82/><D122/><U89/><E40/><V108/><F1/><W88/><G133/><T38/><D132/><U102/><E89/><V124/><F108/><N who="1" m="41513" /><E102/><V104/><F124/><W123/><G123/><T91/><D126/><U36/><E36/><V120/><F68/><W84/><G15/><T42/><D73/><U80/><E80/><V59/><F119/><W96/><G103/><T19/><D72/><U99/><E99/><V41/><F104/><N who="3" m="63527" /><G6/><T7/><D7/><U21/><E21/><V3/><F3/><W116/><G35/><T13/><D100/><U11/><E5/><V25/><F25/><N who="3" m="18511" /><G116/><T107/><D107/><U67/><E67/><V54/><F120/><W64/><G64/><T109/><D109/><U52/><E53/><V76/><F76/><W49/><G49/><AGARI ba="1,0" hai="8,9,11,23,26,28,49,52,57,129,131" m="41513" machi="49" ten="30,2000,0" yaku="14,1,54,1" doraHai="97" who="1" fromWho="3" sc="250,0,250,23,250,0,250,-23" /><INIT seed="1,0,0,0,3,126" ten="250,273,250,227" oya="1" hai0="47,20,46,30,37,23,32,53,109,98,116,87,111" hai1="86,115,99,131,135,112,106,73,69,17,118,22,14" hai2="49,75,13,121,102,97,45,36,29,80,62,129,77" hai3="16,51,84,125,5,113,92,52,74,7,132,54,65"/><U3/><E118/><V21/><F121/><W70/><G74/><T56/><D116/><U55/><E73/><V33/><F33/><W71/><G113/><T60/><D87/><U134/><E3/><V67/><F36/><W108/><G125/><T59/><D32/><U50/><E69/><V64/><F62/><W1/><G108/><T88/><D59/><N who="1" m="33271" /><E86/><V31/><F31/><W57/><G132/><N who="1" m="50730" /><E131/><V122/><F122/><W26/><G1/><T127/><D127/><U0/><E0/><V95/><F129/><W35/><G70/><T28/><D37/><U18/><E18/><V78/><F78/><W105/><G71/><T68/><D68/><U114/><E99/><V12/><F29/><N who="0" m="11370" /><D109/><U27/><E106/><V24/><F24/><AGARI ba="0,0" hai="14,17,22,24,27,112,114,115" m="50730,33271" machi="24" ten="40,2000,0" yaku="20,1" doraHai="126" who="1" fromWho="2" sc="250,0,273,20,250,-20,227,0" /><INIT seed="1,1,0,0,0,58" ten="250,293,230,227" oya="1" hai0="92,112,132,102,68,106,99,91,82,57,63,69,108" hai1="65,80,123,78,14,94,107,113,90,124,51,135,85" hai2="97,28,128,32,109,18,61,105,116,104,133,21,88" hai3="72,134,43,0,38,46,40,19,70,120,66,17,67"/><U121/><E113/><V110/><F116/><W20/><G120/><T74/><D112/><U54/><E124/><V25/><F128/><W22/><G72/><T1/><D1/><U73/><E135/><V5/><F5/><W12/><G134/><T35/><D35/><U9/><E107/><V36/><F36/><W55/><G0/><T2/><D2/><U75/><E75/><V56/><F133/><W100/><G100/><T77/><D108/><N who="2" m="41578" /><F28/><W96/><G96/><T49/><D49/><U44/><REACH who="1" step="1"/><E65/><REACH who="1" ten="250,283,230,227" step="2"/><N who="2" m="39079" /><F105/><W101/><G66/><T48/><D132/><U45/><E45/><V42/><F104/><W125/><G125/><T89/><D48/><U39/><E39/><V71/><F71/><W34/><G67/><T41/><D68/><U81/><E81/><V129/><F129/><W122/><G70/><T117/><D69/><U26/><E26/><V95/><F42/><W118/><G40/><T47/><D41/><U3/><E3/><V111/><F111/><W33/><G43/><T10/><D47/><U87/><E87/><V79/><F79/><W16/><G46/><T114/><D114/><U76/><E76/><V11/><F25/><W115/><G115/><T103/><D106/><U59/><E59/><V6/><F95/><W130/><G38/><T8/><D77/><U27/><E27/><V127/><F127/><W53/><G130/><T4/><D74/><U13/><E13/><V60/><F97/><W52/><G12/><T62/><D99/><U93/><E93/><V31/><F31/><W23/><G118/><T37/><D117/><U98/><E98/><RYUUKYOKU ba="1,1" sc="250,-10,283,30,230,-10,227,-10" hai1="9,14,44,51,54,73,78,80,85,90,94,121,123" /><INIT seed="1,2,1,5,3,30" ten="240,313,220,217" oya="1" hai0="91,101,92,131,82,66,106,11,88,47,134,19,39" hai1="14,52,68,42,2,8,58,17,123,46,72,21,53" hai2="56,33,50,59,122,112,12,0,34,36,76,103,100" hai3="3,37,41,118,113,29,124,16,117,80,1,132,79"/><U104/><E123/><V20/><F0/><W97/><G113/><T69/><D106/><U84/><E72/><V126/><F36/><W10/><G132/><T64/><D134/><U28/><E68/><V51/><F76/><W83/><G124/><T133/><D133/><U24/><E104/><V26/><F12/><N who="3" m="7191" /><G97/><T74/><D131/><U128/><E128/><V98/><F122/><W57/><G57/><T6/><D19/><U93/><E58/><V18/><F112/><W89/><G89/><T125/><D101/><U48/><E2/><N who="3" m="522" /><G79/><T43/><D125/><U71/><E71/><V25/><F126/><W55/><G55/><T4/><D11/><U63/><E63/><V121/><F121/><W111/><G111/><T114/><D114/><U99/><REACH who="1" step="1"/><E84/><REACH who="1" ten="240,303,220,217" step="2"/><V35/><F59/><W85/><G85/><T45/><D74/><U62/><E62/><V60/><F56/><W7/><G118/><T115/><D115/><U22/><E22/><V13/><F60/><W15/><G117/><T108/><D69/><U32/><E32/><V40/><F34/><W67/><G67/><T31/><D64/><U38/><E38/><V78/><F35/><W109/><G37/><T75/><D66/><U44/><E44/><V77/><F33/><W116/><G116/><T135/><D45/><U96/><E96/><V94/><F98/><W9/><G109/><T81/><D108/><U61/><E61/><V110/><F110/><W54/><G9/><T86/><D135/><U102/><AGARI ba="2,2" hai="8,14,17,21,24,28,42,46,48,52,53,93,99,102" machi="102" ten="20,18000,2" yaku="1,1,0,1,7,1,8,1,54,1,53,1" doraHai="30" doraHaiUra="90" who="1" fromWho="1" sc="240,-62,303,206,220,-62,217,-62" /><BYE who="3" /><UN n3="%E5%A7%AB%E7%95%99" /><INIT seed="1,3,0,5,2,84" ten="178,509,158,155" oya="1" hai0="29,56,22,45,3,25,32,71,18,82,52,117,33" hai1="47,95,119,107,111,113,96,103,115,83,106,34,63" hai2="40,50,11,77,85,131,43,1,129,42,49,27,28" hai3="68,39,60,62,114,73,109,58,91,0,21,15,44"/><U2/><E2/><V105/><F105/><W92/><G0/><T130/><D117/><U65/><E119/><V116/><F116/><W19/><G114/><T123/><D71/><U37/><E106/><V90/><F77/><W20/><G73/><T66/><D130/><N who="2" m="49674" /><F11/><W67/><G109/><T23/><D123/><U75/><E34/><N who="2" m="20767" /><F1/><W26/><G44/><T94/><D66/><U16/><E111/><V54/><F54/><W99/><G39/><T97/><D82/><AGARI ba="3,0" hai="40,42,43,49,50,82,85,90" m="20767,49674" machi="82" ten="30,2000,0" yaku="19,1,52,1" doraHai="84" who="2" fromWho="0" sc="178,-29,509,0,158,29,155,0" /><INIT seed="2,0,0,5,2,61" ten="149,509,187,155" oya="2" hai0="71,41,119,38,10,19,131,49,2,60,116,107,65" hai1="54,52,128,87,7,100,89,135,22,68,50,122,85" hai2="14,64,115,110,83,59,120,48,58,27,70,74,127" hai3="11,5,106,20,34,23,24,118,130,79,3,73,16"/><V56/><F115/><W18/><G106/><T1/><D107/><U80/><E68/><V91/><F120/><W66/><G73/><T12/><D38/><U44/><E100/><V105/><F105/><W25/><G79/><T13/><D131/><U8/><E135/><V86/><F127/><W102/><G102/><T28/><D28/><U26/><E128/><V69/><F74/><W0/><G130/><T36/><D36/><U93/><E54/><V17/><F27/><N who="3" m="14743" /><G66/><T40/><D13/><U39/><E39/><V129/><F129/><W6/><G118/><N who="0" m="45099" /><D49/><U94/><E87/><V53/><F110/><W84/><G84/><T75/><D75/><U29/><REACH who="1" step="1"/><E122/><REACH who="1" ten="149,499,187,155" step="2"/><V77/><F70/><W51/><G51/><T88/><D41/><U55/><E55/><V99/><F77/><W81/><G81/><T108/><D40/><U112/><E112/><V76/><F76/><W35/><G25/><T126/><D108/><U4/><E4/><V109/><F109/><W62/><G62/><T31/><D60/><U101/><E101/><V37/><F37/><W132/><G132/><T92/><D71/><U90/><E90/><V43/><F43/><W95/><G95/><T15/><D88/><U121/><E121/><V117/><F69/><W30/><G6/><T57/><D92/><U104/><E104/><V98/><F117/><W134/><G134/><T46/><D126/><U113/><E113/><V67/><F53/><W9/><G5/><T42/><D42/><U97/><E97/><N who="2" m="36875" /><F48/><W21/><G0/><AGARI ba="0,1" hai="0,7,8,22,26,29,44,50,52,80,85,89,93,94" machi="0" ten="30,3900,0" yaku="1,1,7,1,54,1,53,0" doraHai="61" doraHaiUra="123" who="1" fromWho="3" sc="149,0,499,49,187,0,155,-39" /><INIT seed="3,0,0,0,2,66" ten="149,548,187,116" oya="3" hai0="16,119,98,30,113,128,123,49,13,59,69,9,43" hai1="120,46,131,65,107,67,87,105,89,31,7,130,117" hai2="94,91,8,80,125,17,48,27,33,111,110,26,11" hai3="51,42,97,126,47,129,55,95,103,135,38,116,124"/><W101/><G116/><T118/><D123/><U115/><E120/><V32/><F80/><W104/><G135/><T3/><D30/><U99/><E115/><V53/><F125/><N who="3" m="48235" /><G129/><T81/><D128/><U102/><E107/><V68/><F17/><W82/><G82/><T74/><D113/><U54/><E117/><V92/><F91/><N who="3" m="55551" /><G104/><T4/><D98/><U50/><E31/><V78/><F78/><W70/><G70/><T75/><D69/><U86/><E131/><V44/><F68/><W5/><G5/><T29/><D29/><U14/><E130/><V100/><F94/><W132/><G132/><T19/><D19/><U73/><E73/><V63/><F92/><W37/><G37/><T39/><D74/><U114/><E114/><V60/><F100/><W57/><AGARI ba="0,0" hai="38,42,47,51,55,57,101,103" m="55551,48235" machi="57" ten="30,1500,0" yaku="18,1" doraHai="66" who="3" fromWho="3" sc="149,-5,548,-5,187,-5,116,15" /><INIT seed="3,1,0,1,5,21" ten="144,543,182,131" oya="3" hai0="2,127,40,5,133,92,74,82,15,71,44,106,122" hai1="119,20,37,134,98,120,80,67,63,87,115,34,84" hai2="47,114,132,0,130,64,10,31,73,90,49,86,27" hai3="91,16,12,60,129,131,13,65,95,62,88,3,35"/><W59/><G3/><T117/><D15/><U33/><E115/><V8/><F130/><N who="3" m="49675" /><G35/><T48/><D106/><U118/><E120/><V108/><F108/><W11/><G95/><T52/><D71/><U76/><E37/><V4/><F132/><W53/><G13/><T99/><D117/><N who="1" m="44555" /><E134/><V79/><F10/><W29/><G29/><T54/><D127/><U61/><E61/><V42/><F114/><W97/><G97/><T14/><D2/><U93/><E20/><V25/><F79/><W68/><AGARI ba="1,0" hai="11,12,16,53,59,60,62,65,68,88,91" m="49675" machi="68" ten="30,6000,0" yaku="19,1,54,2" doraHai="21" who="3" fromWho="3" sc="144,-21,543,-21,182,-21,131,63" /><INIT seed="3,2,0,4,1,114" ten="123,522,161,194" oya="3" hai0="18,47,97,81,116,71,44,108,9,19,52,29,26" hai1="20,32,83,15,104,72,13,10,124,48,119,103,109" hai2="45,126,8,24,98,131,86,4,66,120,5,94,85" hai3="96,77,56,135,22,133,69,51,82,42,128,121,63"/><W33/><G121/><T58/><D71/><U53/><E32/><V99/><F131/><W91/><G33/><T27/><D108/><U39/><E39/><V100/><F126/><W70/><G22/><T107/><D116/><U73/><E109/><V14/><F66/><W127/><G128/><T134/><D134/><N who="3" m="51209" /><G127/><T102/><D81/><U16/><E119/><V34/><F34/><W75/><G42/><T95/><D107/><U129/><E83/><V0/><F24/><N who="0" m="9258" /><D29/><U80/><E80/><V36/><F120/><W106/><G51/><T30/><D30/><U111/><E111/><V25/><F25/><W110/><G110/><T55/><D9/><U28/><E28/><V89/><F4/><W130/><G130/><T65/><D65/><U64/><E64/><V37/><F0/><W93/><G106/><T117/><D117/><U74/><E129/><V50/><F37/><W123/><G123/><T113/><D113/><U87/><E124/><V92/><REACH who="2" step="1"/><F36/><REACH who="2" ten="123,522,151,194" step="2"/><W31/><G31/><T6/><D6/><U12/><E12/><V67/><F67/><AGARI ba="2,1" hai="56,63,67,69,70,75,77,82,91,93,96" m="51209" machi="67" ten="30,1500,0" yaku="20,1" doraHai="114" who="3" fromWho="2" sc="123,0,522,0,151,-21,194,31" /><INIT seed="3,3,0,2,5,120" ten="123,522,130,225" oya="3" hai0="90,26,11,42,48,104,123,64,134,27,44,130,111" hai1="63,114,17,88,124,87,118,58,8,10,50,47,117" hai2="115,73,2,131,15,33,6,92,94,99,49,41,62" hai3="36,107,86,105,74,121,43,67,31,51,55,96,68"/><W7/><G121/><T24/><D123/><U35/><E114/><V23/><F73/><W110/><G74/><T40/><D104/><U72/><E35/><V91/><F131/><W93/><G86/><T12/><D130/><U57/><E72/><V4/><F33/><W135/><G135/><T113/><D134/><U83/><E58/><V82/><F2/><W22/><G7/><T46/><D113/><U98/><E124/><V3/><F3/><W80/><G80/><T85/><D64/><N who="1" m="39023" /><E17/><V78/><F62/><N who="3" m="40055" /><G43/><T65/><D65/><U59/><E59/><V106/><F106/><W133/><G22/><T53/><D111/><U109/><E98/><V5/><F115/><W119/><G31/><T54/><D54/><N who="1" m="30047" /><E109/><V29/><F29/><W95/><G110/><T38/><D38/><U14/><E14/><V129/><F129/><W102/><G36/><T32/><D32/><U79/><E79/><V45/><F92/><N who="3" m="35403" /><G133/><T56/><D56/><U70/><E70/><V39/><F39/><W52/><G107/><T34/><D34/><U81/><E83/><V108/><F108/><W127/><G127/><T132/><D44/><U25/><E25/><V84/><REACH who="2" step="1"/><F23/><REACH who="2" ten="123,522,120,225" step="2"/><W76/><G105/><T116/><D132/><U103/><E103/><V9/><AGARI ba="3,1" hai="4,5,6,9,15,41,45,49,78,82,84,91,94,99" machi="9" ten="30,16000,3" yaku="1,1,2,1,0,1,25,2,8,1,53,3" doraHai="120" doraHaiUra="0" who="2" fromWho="2" sc="123,-43,522,-43,120,179,225,-83" /><INIT seed="4,0,0,0,1,107" ten="80,479,299,142" oya="0" hai0="128,101,2,1,125,104,122,33,110,47,115,40,98" hai1="103,50,11,121,49,42,135,57,134,94,65,5,113" hai2="130,102,117,77,63,95,26,75,74,119,116,62,25" hai3="88,13,133,96,8,7,54,21,132,66,6,84,39"/><T24/><D122/><U35/><E35/><V53/><F77/><W112/><G39/><T38/><D115/><U55/><E121/><V81/><F81/><W123/><G123/><T82/><D125/><U27/><E113/><V22/><F130/><W127/><G127/><T111/><D128/><U59/><E27/><N who="2" m="10251" /><F22/><W129/><G21/><T18/><D18/><U93/><E65/><V58/><F63/><W90/><G112/><T131/><D131/><U34/><E34/><V36/><F36/><W80/><G66/><T92/><D92/><U72/><E72/><N who="2" m="27691" /><F95/><N who="3" m="56439" /><G54/><T60/><D60/><U32/><E32/><V109/><F102/><W87/><G129/><T70/><D70/><U120/><E120/><V12/><F12/><W108/><G13/><T31/><REACH who="0" step="1"/><D82/><REACH who="0" ten="70,479,299,142" step="2"/><U114/><E94/><V43/><F62/><W52/><G80/><T79/><D79/><U14/><E114/><V73/><F119/><W9/><G6/><T76/><D76/><U126/><E126/><V30/><F117/><W86/><G7/><T29/><D29/><U3/><E93/><V41/><F30/><W51/><G132/><T61/><D61/><U67/><E103/><V91/><F116/><W69/><G133/><T19/><D19/><N who="1" m="8671" /><E67/><V48/><F91/><W89/><G69/><T23/><D23/><U78/><E78/><V68/><F68/><W44/><G89/><T124/><D124/><U46/><E135/><V16/><F73/><W28/><G88/><T15/><D15/><U100/><E134/><V64/><F64/><W71/><G71/><T0/><AGARI ba="0,1" hai="0,1,2,24,31,33,38,40,47,98,101,104,110,111" machi="0" ten="40,12000,1" yaku="1,1,0,1,23,2,53,1" doraHai="107" doraHaiUra="97" who="0" fromWho="0" sc="70,130,479,-40,299,-40,142,-40" /><INIT seed="4,1,0,2,4,48" ten="200,439,259,102" oya="0" hai0="104,47,3,29,117,91,24,52,58,77,14,33,135" hai1="20,73,63,39,5,112,68,123,60,80,75,35,9" hai2="55,94,31,27,84,122,119,40,69,71,66,62,21" hai3="118,113,108,18,15,134,107,43,89,78,12,99,132"/><T133/><D117/><U4/><E35/><V82/><F122/><W67/><G108/><T95/><D3/><U74/><E39/><V81/><F40/><W0/><G0/><T90/><D104/><U106/><E106/><V79/><F94/><W64/><G118/><T42/><D77/><U93/><E123/><V25/><F82/><W85/><G113/><T115/><D14/><U105/><E105/><V121/><F121/><W28/><G28/><T26/><D26/><U37/><E37/><V109/><F109/><W76/><G43/><T59/><D59/><U116/><E5/><V127/><F27/><W7/><G7/><T130/><D130/><U44/><E44/><V38/><F38/><W45/><G45/><T88/><D115/><U8/><E8/><V131/><F131/><W110/><G110/><T61/><REACH who="0" step="1"/><D95/><REACH who="0" ten="190,439,259,102" step="2"/><U96/><E112/><V56/><F119/><W11/><G12/><T120/><D120/><U57/><E116/><V86/><F79/><W114/><G114/><T124/><D124/><U10/><E57/><V49/><F127/><W102/><G78/><T65/><D65/><U53/><E93/><V92/><F92/><N who="3" m="54319" /><G76/><T23/><D23/><U32/><E20/><V100/><F21/><W16/><G67/><T129/><D129/><U51/><E32/><V111/><F66/><W50/><G64/><T34/><D34/><U125/><E125/><V30/><F25/><W36/><G107/><T6/><D6/><U19/><E4/><V70/><F111/><W17/><G15/><T98/><D98/><U46/><E96/><V101/><F71/><RYUUKYOKU ba="1,1" sc="190,30,439,-10,259,-10,102,-10" hai0="24,29,33,42,47,52,58,61,88,90,91,133,135" /><INIT seed="4,2,1,2,1,50" ten="220,429,249,92" oya="0" hai0="104,127,47,6,11,79,16,30,20,113,119,43,3" hai1="70,37,71,118,14,49,90,36,134,7,107,75,24" hai2="66,73,74,112,42,64,110,2,31,116,29,8,62" hai3="84,96,46,32,27,108,54,95,72,101,131,38,109"/><T105/><D119/><U67/><E14/><V55/><F110/><W114/><G72/><T100/><D113/><U52/><E24/><V82/><F42/><W44/><G114/><T5/><D5/><U92/><E7/><V120/><F120/><W122/><G122/><T25/><D127/><U126/><E107/><V132/><F112/><W15/><G131/><T99/><D79/><U0/><E0/><V135/><F116/><W61/><G15/><T4/><D4/><U97/><E75/><V35/><F8/><W89/><G38/><T78/><D78/><U94/><E118/><V23/><F2/><W77/><G77/><T22/><D105/><U9/><E9/><V128/><F82/><W80/><G108/><T76/><D76/><U34/><E34/><V33/><F128/><W40/><G40/><T63/><D63/><N who="1" m="40319" /><E71/><V123/><F123/><W81/><G80/><T18/><REACH who="0" step="1"/><D22/><REACH who="0" ten="210,429,249,92" step="2"/><U85/><E126/><V133/><F23/><W111/><G111/><T19/><D19/><U68/><E134/><V12/><F74/><W58/><REACH who="3" step="1"/><G109/><REACH who="3" ten="210,429,249,82" step="2"/><T98/><D98/><U48/><E97/><V125/><F73/><W87/><G87/><T65/><D65/><U26/><E85/><V121/><F66/><W103/><G103/><T56/><D56/><U83/><E68/><V1/><F64/><W117/><G117/><T10/><D10/><U88/><E90/><V45/><F132/><W41/><G41/><T86/><D86/><U57/><E57/><V51/><F135/><W106/><G106/><T13/><D13/><U130/><E88/><V21/><F133/><RYUUKYOKU ba="2,3" sc="210,15,429,-15,249,-15,82,15" hai0="3,6,11,16,18,20,25,30,43,47,99,100,104" hai3="27,32,44,46,54,58,61,81,84,89,95,96,101" /><INIT seed="4,3,3,0,4,117" ten="225,414,234,97" oya="0" hai0="16,21,74,103,32,11,25,47,44,98,63,77,0" hai1="48,101,99,29,75,127,8,124,112,20,42,2,58" hai2="133,4,67,54,17,119,7,76,79,94,40,106,36" hai3="97,38,85,134,111,83,89,59,93,9,43,69,135"/><T49/><D32/><U50/><E75/><V116/><F106/><W46/><G69/><T18/><D74/><U51/><E112/><V107/><F107/><W104/><G111/><T81/><D63/><U5/><E29/><V45/><F67/><W30/><G30/><T105/><D49/><U39/><E20/><V41/><F133/><W86/><G104/><T122/><D122/><U131/><E131/><V130/><F130/><W120/><G120/><T14/><REACH who="0" step="1"/><D0/><REACH who="0" ten="215,414,234,97" step="2"/><U24/><E51/><N who="2" m="29039" /><F36/><W60/><G9/><T27/><D27/><U88/><E24/><V62/><F62/><W115/><G115/><T113/><D113/><U10/><E39/><V114/><F114/><W92/><G97/><T3/><D3/><U82/><E42/><V72/><F41/><W57/><G60/><T6/><D6/><U61/><E2/><V68/><F40/><W84/><G84/><T95/><D95/><N who="3" m="36425" /><G86/><T31/><D31/><U109/><E5/><V80/><F7/><W55/><G55/><T118/><D118/><U73/><E73/><V13/><F4/><W34/><G34/><T1/><D1/><U19/><E50/><V56/><F72/><W96/><G96/><T91/><D91/><U78/><E48/><V121/><F121/><W100/><G100/><T33/><D33/><U128/><E101/><V125/><F119/><W64/><G64/><T52/><D52/><U132/><E99/><V22/><F116/><W53/><G53/><T71/><D71/><U35/><E88/><V28/><F68/><W65/><G65/><T23/><D23/><U15/><E35/><RYUUKYOKU ba="3,4" sc="215,15,414,-15,234,-15,97,15" hai0="11,14,16,18,21,25,44,47,77,81,98,103,105" hai3="38,43,46,57,59,83,85,89,134,135" /><INIT seed="4,4,4,5,3,13" ten="230,399,219,112" oya="0" hai0="90,83,27,4,113,17,102,111,92,130,31,32,120" hai1="8,125,64,43,116,94,68,58,82,117,40,45,118" hai2="128,3,42,46,5,26,48,20,93,110,84,53,67" hai3="86,9,127,88,7,135,87,98,37,44,134,74,61"/><T108/><D120/><U66/><E94/><V63/><F110/><N who="0" m="42026" /><D113/><U124/><E82/><V33/><F128/><W70/><G74/><T36/><D36/><U34/><E34/><V112/><F33/><W39/><G127/><N who="1" m="48714" /><E8/><V80/><F112/><W55/><G98/><N who="0" m="59719" /><D4/><U16/><E16/><N who="2" m="12551" /><F3/><N who="3" m="255" /><G87/><N who="0" m="50559" /><D17/><U30/><E30/><V15/><F93/><N who="3" m="54423" /><G70/><T29/><D29/><U25/><E68/><V121/><F121/><W100/><G100/><T85/><D85/><U0/><E116/><V71/><F71/><W103/><G103/><T76/><D76/><U60/><E118/><V126/><F126/><W78/><G78/><T14/><D14/><U75/><E0/><V51/><F15/><W23/><G23/><T119/><D119/><U109/><E75/><V95/><F84/><W54/><G39/><T57/><D57/><U114/><E117/><V81/><F5/><W99/><G99/><T19/><D19/><U97/><E97/><V91/><F80/><W131/><G131/><AGARI ba="4,4" hai="27,31,32,130,131" m="50559,59719,42026" machi="131" ten="30,1500,0" yaku="10,1" doraHai="13" who="0" fromWho="3" sc="230,67,399,0,219,0,112,-27" /><INIT seed="4,5,0,2,3,3" ten="297,399,219,85" oya="0" hai0="66,16,63,35,119,27,117,56,127,69,103,0,51" hai1="120,108,9,38,10,85,52,112,67,132,41,133,55" hai2="118,23,104,77,11,97,129,14,90,42,75,58,54" hai3="28,15,92,19,21,111,31,122,81,64,45,46,18"/><T44/><D127/><U7/><E108/><V123/><F123/><W83/><G111/><T34/><D0/><N who="1" m="231" /><E120/><V95/><F129/><W33/><G122/><T121/><D121/><U109/><E109/><V113/><F113/><W79/><G33/><T40/><D103/><U107/><E107/><V6/><F104/><W94/><G64/><T96/><D96/><U125/><E125/><V93/><F42/><W65/><G65/><T130/><D130/><U20/><E20/><V124/><F124/><W131/><G131/><T110/><D110/><U128/><E67/><V101/><F118/><W13/><REACH who="3" step="1"/><G21/><REACH who="3" ten="297,399,219,75" step="2"/><T62/><D35/><U102/><E128/><V22/><F22/><W47/><G47/><T24/><D34/><U30/><E112/><V73/><F23/><W114/><G114/><T48/><D27/><U134/><E134/><V87/><REACH who="2" step="1"/><F77/><AGARI ba="5,1" hai="13,15,18,19,28,31,45,46,77,79,81,83,92,94" machi="77" ten="25,6400,0" yaku="1,1,22,2,8,1,53,0" doraHai="3" doraHaiUra="70" who="3" fromWho="2" sc="297,0,399,0,219,-79,75,89" /><INIT seed="5,0,0,3,4,17" ten="297,399,140,164" oya="1" hai0="49,44,37,63,7,107,114,86,111,32,74,91,75" hai1="124,100,128,41,112,85,1,40,92,54,67,125,43" hai2="36,42,104,101,82,33,38,95,117,81,6,66,96" hai3="29,9,119,35,47,98,123,109,59,99,97,113,64"/><U69/><E1/><V79/><F33/><W13/><G109/><T28/><D111/><U72/><E72/><V108/><F117/><W23/><G119/><T132/><D37/><U60/><E112/><V110/><F82/><W76/><G123/><T56/><D107/><U94/><E100/><V120/><F120/><W71/><G71/><T39/><D39/><U127/><E128/><V45/><F38/><W121/><G121/><T135/><D7/><U118/><E118/><V84/><F66/><W73/><G113/><T2/><D2/><U116/><E116/><V24/><F24/><N who="3" m="16543" /><G35/><T105/><D105/><U18/><E54/><V103/><F103/><W129/><G129/><T30/><D30/><U126/><E126/><V12/><REACH who="2" step="1"/><F104/><REACH who="2" ten="297,399,130,164" step="2"/><W68/><G64/><T48/><D32/><U51/><E94/><V80/><F80/><W89/><G73/><T131/><D75/><U19/><E92/><V134/><F134/><W20/><G76/><T90/><D74/><U78/><E78/><V122/><F122/><W10/><G89/><T21/><D90/><U55/><E85/><V53/><F53/><W102/><G102/><T11/><D91/><U22/><E55/><V15/><F15/><W62/><G13/><T14/><D86/><U27/><E51/><V31/><F31/><AGARI ba="0,1" hai="18,19,22,27,31,40,41,43,60,67,69,124,125,127" machi="31" ten="50,4800,0" yaku="18,1,52,1" doraHai="17" who="1" fromWho="2" sc="297,0,399,58,130,-48,164,0" /><INIT seed="5,1,0,1,0,33" ten="297,457,82,164" oya="1" hai0="6,14,39,12,89,75,2,35,131,119,19,24,91" hai1="30,95,48,37,69,129,50,94,133,32,71,92,66" hai2="122,70,28,3,58,77,79,8,17,1,67,126,53" hai3="44,110,56,124,27,130,108,116,74,42,104,84,113"/><U78/><E37/><V101/><F122/><W46/><G74/><T63/><D75/><U112/><E78/><V29/><F101/><W47/><G104/><T4/><D39/><U31/><E32/><V40/><F40/><W99/><G84/><T81/><D63/><U107/><E107/><V96/><F96/><W121/><G27/><T54/><D54/><U100/><E100/><V22/><F126/><W38/><G99/><T134/><D81/><U34/><E34/><V20/><F8/><W132/><G121/><T62/><D62/><U5/><E5/><V103/><F103/><W128/><G124/><T120/><D120/><U55/><E55/><V118/><F53/><W127/><G127/><T102/><D131/><N who="3" m="50217" /><G113/><T76/><D76/><U123/><E112/><V97/><F97/><W11/><G116/><T26/><D35/><U0/><E94/><V16/><F58/><W51/><G132/><T68/><D102/><U59/><E95/><V60/><F60/><W125/><G125/><T57/><D57/><U41/><E59/><V15/><F15/><W109/><G11/><T43/><D134/><U64/><E92/><V65/><F70/><W21/><G21/><T106/><D68/><U90/><E133/><V49/><F49/><N who="1" m="19049" /><E41/><V98/><F98/><W85/><G85/><T80/><D43/><U7/><E71/><V135/><F135/><W83/><G83/><T18/><D80/><U93/><E129/><V111/><F118/><W13/><G13/><T72/><D106/><U88/><E123/><V86/><F86/><W114/><G114/><T87/><D119/><RYUUKYOKU ba="1,0" sc="297,-15,457,-15,82,15,164,15" hai2="1,3,16,17,20,22,28,29,65,67,77,79,111" hai3="38,42,44,46,47,51,56,108,109,110" /><INIT seed="6,2,0,5,0,116" ten="282,442,97,179" oya="2" hai0="17,55,129,28,132,131,38,33,126,87,113,106,103" hai1="72,26,91,35,40,62,54,107,12,53,15,111,76" hai2="42,48,125,130,75,43,71,89,93,34,128,68,36" hai3="51,134,60,101,49,81,14,94,63,105,80,127,9"/><V59/><F34/><W73/><G105/><T47/><D113/><U119/><E107/><V92/><F75/><W104/><G104/><T18/><D126/><U39/><E76/><V30/><F30/><W124/><G134/><T67/><D67/><U102/><E102/><V99/><F125/><N who="3" m="48203" /><G73/><T0/><D0/><U19/><E111/><V1/><F1/><W95/><G51/><N who="0" m="29183" /><D87/><U88/><E40/><V32/><F32/><W122/><G49/><T52/><D52/><U7/><E39/><V78/><F78/><W57/><G122/><T37/><D37/><U27/><E19/><V79/><F79/><W22/><G22/><T85/><D85/><U45/><E62/><N who="3" m="23594" /><G57/><T70/><D70/><U41/><E7/><V5/><F5/><N who="3" m="3375" /><G95/><T109/><D38/><U46/><E91/><V6/><F36/><W29/><G29/><T112/><D109/><U4/><E35/><V84/><F6/><W69/><G69/><N who="2" m="26697" /><F59/><W110/><G110/><T117/><D28/><U56/><E27/><V10/><F48/><W118/><G118/><T31/><BYE who="3" /><D117/><U90/><E119/><V114/><F10/><W64/><G64/><T11/><D11/><UN n3="%E5%A7%AB%E7%95%99" /><U121/><E72/><V133/><F133/><W23/><G23/><T24/><D132/><U96/><E96/><AGARI ba="2,0" hai="80,81,94,96,101" m="3375,23594,48203" machi="96" ten="30,1000,0" yaku="18,1" doraHai="116" who="3" fromWho="1" sc="282,0,442,-16,97,0,179,16" /><INIT seed="7,0,0,5,0,117" ten="282,426,97,195" oya="3" hai0="34,76,81,101,133,14,59,0,67,131,73,110,72" hai1="68,91,53,126,60,61,13,97,78,57,35,122,83" hai2="129,52,38,132,27,16,114,125,128,32,93,15,113" hai3="47,5,70,42,30,45,18,31,29,37,56,116,108"/><W64/><G70/><T20/><D110/><U62/><E122/><V9/><F38/><W84/><G108/><T103/><D34/><U7/><E35/><V65/><F65/><W121/><G116/><T41/><D0/><U2/><E2/><V134/><F52/><W54/><G5/><T39/><D73/><U75/><E126/><V135/><F93/><W71/><G47/><T80/><D80/><U3/><E3/><V11/><F11/><W98/><G84/><T94/><D131/><N who="2" m="50250" /><F125/><W107/><G121/><T100/><D133/><N who="2" m="34050" /><V105/><DORA hai="95" /><F105/><W88/><G71/><T1/><D94/><N who="1" m="56543" /><E68/><V49/><F49/><W106/><G64/><T111/><D67/><U85/><E75/><V74/><F74/><W120/><G54/><T10/><D10/><AGARI ba="0,0" hai="7,10,13,53,57,60,61,62,78,83,85" m="56543" machi="10" ten="30,2000,0" yaku="8,1,52,1" doraHai="117,95" who="1" fromWho="0" sc="282,-20,426,20,97,0,195,0" owari="262,6.2,446,54.6,97,-40.3,195,-20.5" /></mjloggm>