<mjloggm ver="2.3"><GO type="225" lobby="0"/><UN n0="%E3%83%A9%E3%82%B9%E7%8E%87%EF%BC%93%E5%89%B2" n1="%33%74%72%65%65" n2="%E3%81%BF%E3%81%BF%E3%81%9A" n3="%E3%81%8B%E3%82%8F%E3%81%A1%E3%82%83%E3%82%93%35%38" dan="17,17,17,16" rate="2197.58,2153.15,2250.04,2125.62" sx="F,F,M,M"/><TAIKYOKU oya="0"/><INIT seed="0,0,0,2,4,46" ten="250,250,250,250" oya="0" hai0="100,33,52,112,88,108,78,25,6,15,123,98,89" hai1="76,31,96,74,0,117,58,22,81,124,80,104,70" hai2="20,106,1,132,135,103,41,17,50,43,91,67,24" hai3="122,30,38,42,86,125,92,79,19,49,109,93,37"/><T131/><D112/><U12/><E117/><V13/><F1/><W65/><G109/><T111/><D123/><U85/><E0/><V75/><F75/><W116/><G116/><T128/><D78/><U55/><E70/><V118/><F118/><W2/><G125/><T27/><D6/><U99/><E124/><V63/><F91/><N who="0" m="34890" /><D15/><U18/><E104/><V7/><F103/><W36/><G122/><T119/><D119/><U107/><E107/><V77/><F77/><W126/><G37/><T60/><D27/><N who="1" m="16887" /><E81/><V14/><F106/><W35/><G36/><T23/><D33/><U62/><E74/><V90/><F90/><W10/><G38/><T94/><D23/><AGARI ba="0,0" hai="12,18,23,55,58,62,76,80,85,96,99" m="16887" machi="23" ten="30,1000,0" yaku="8,1" doraHai="46" who="1" fromWho="0" sc="250,-10,250,10,250,0,250,0" /><INIT seed="1,0,0,0,3,87" ten="240,260,250,250" oya="1" hai0="2,96,115,88,118,98,34,31,46,8,104,38,117" hai1="92,44,113,97,103,17,14,127,71,114,80,56,24" hai2="6,59,21,77,63,70,102,68,49,54,65,4,50" hai3="25,131,109,47,91,99,100,11,85,20,42,90,22"/><U58/><E71/><V0/><F77/><W13/><G109/><T51/><D38/><U36/><E127/><V33/><F33/><W15/><G131/><T16/><D115/><U29/><E113/><V130/><F130/><W55/><G55/><T19/><D34/><U75/><E114/><V27/><F102/><W81/><G20/><T37/><D37/><U120/><E120/><V126/><F126/><W105/><G11/><T86/><D31/><U35/><E75/><V112/><F112/><W74/><G74/><T111/><D111/><U9/><REACH who="1" step="1"/><E80/><REACH who="1" ten="240,250,250,250" step="2"/><V134/><F70/><W78/><G13/><N who="0" m="7207" /><D118/><U101/><E101/><V82/><F82/><W39/><REACH who="3" step="1"/><G15/><REACH who="3" ten="240,250,250,240" step="2"/><T122/><D117/><U62/><E62/><V12/><F12/><W52/><G52/><N who="0" m="29815" /><D122/><U30/><E30/><AGARI ba="0,2" hai="22,25,30,39,42,47,78,81,85,90,91,99,100,105" machi="30" ten="30,8000,1" yaku="1,1,7,1,52,2,53,1" doraHai="87" doraHaiUra="94" who="3" fromWho="1" sc="240,0,250,-80,250,0,240,100" /><INIT seed="2,0,0,4,1,57" ten="240,170,250,340" oya="2" hai0="71,110,1,63,43,135,6,21,45,89,106,117,102" hai1="34,59,54,23,76,25,124,62,122,17,61,12,3" hai2="80,36,22,91,31,9,65,74,82,33,49,129,78" hai3="88,116,5,47,113,79,99,90,16,85,24,111,134"/><V77/><F36/><W72/><G116/><T128/><D89/><U86/><E124/><V19/><F129/><W87/><G72/><T42/><D21/><U40/><E3/><V81/><F9/><W125/><G5/><T83/><D83/><N who="1" m="47463" /><E34/><V52/><F65/><W27/><G99/><T67/><D1/><U96/><E122/><V41/><F41/><W20/><G79/><T8/><D106/><U14/><E40/><V126/><F126/><W30/><G125/><T132/><D43/><U121/><E121/><V39/><F39/><W100/><G100/><T101/><D102/><U64/><E96/><V66/><F66/><W94/><G111/><T107/><D101/><U95/><E95/><V98/><F31/><W28/><G134/><T103/><D107/><U123/><E123/><V26/><F33/><W18/><G47/><T48/><D103/><U13/><E64/><V93/><F74/><W55/><G55/><T114/><D110/><U133/><E133/><V130/><F130/><W97/><G113/><T10/><D114/><U50/><AGARI ba="0,0" hai="12,13,14,17,23,25,50,54,59,61,62" m="47463" machi="50" ten="30,4000,0" yaku="8,1,52,2" doraHai="57" who="1" fromWho="1" sc="240,-10,170,40,250,-20,340,-10" /><INIT seed="3,0,0,3,3,58" ten="230,210,230,330" oya="3" hai0="36,32,107,9,29,69,49,46,4,119,17,61,59" hai1="64,1,99,22,33,103,2,25,110,39,70,124,92" hai2="77,66,47,20,135,120,109,116,72,94,97,8,118" hai3="83,76,127,12,41,57,42,133,52,105,106,113,132"/><W56/><G12/><T102/><D119/><U71/><E110/><V115/><F115/><W79/><G52/><T14/><D32/><U45/><E124/><V89/><F109/><W50/><G50/><T7/><D29/><U111/><E111/><V130/><F130/><W81/><G127/><T68/><D68/><U24/><E33/><V23/><F66/><W40/><G40/><T53/><D102/><U95/><E95/><V62/><F62/><W134/><G134/><T108/><D107/><U63/><E71/><V21/><F135/><W37/><G37/><T91/><D91/><U38/><E25/><V82/><F120/><W15/><G15/><T13/><D13/><U54/><E39/><V90/><F8/><W0/><G0/><T34/><D34/><U122/><E122/><V114/><F114/><AGARI ba="0,0" hai="41,42,56,57,76,79,81,83,105,106,113,114,132,133" machi="114" ten="25,2400,0" yaku="22,2" doraHai="58" who="3" fromWho="2" sc="230,0,210,0,230,-24,330,24" owari="230,3.0,210,-19.0,206,-29.4,354,45.4" /></mjloggm>