<mjloggm ver="2.3"><GO type="169" lobby="0"/><UN n0="%E3%83%94%E3%83%B3%E3%82%B5%E3%83%AD%E5%BA%97%E5%93%A1" n1="%E3%82%AB%E3%83%A9%E6%9D%BE" n2="%E3%81%AF%E3%81%BE%E3%81%A1%E3%83%AA%E3%83%BC%E3%82%B0" n3="%E6%AD%A3%E9%96%80%E3%81%AE%E3%83%A1%E3%82%A4%E3%81%A1%E3%82%83%E3%82%93" dan="17,17,17,17" rate="2200.63,2157.99,2148.91,2176.82" sx="M,M,M,M"/><TAIKYOKU oya="0"/><INIT seed="0,0,0,3,5,73" ten="250,250,250,250" oya="0" hai0="101,56,45,76,0,111,79,93,124,69,134,54,67" hai1="89,123,19,22,41,61,82,11,129,81,103,70,63" hai2="10,96,133,99,58,5,131,38,71,46,30,110,94" hai3="130,29,104,15,115,62,31,27,102,53,135,80,75"/><T74/><D0/><U43/><E123/><V33/><F71/><W39/><G39/><T105/><D74/><U42/><E129/><V84/><F131/><W64/><G115/><T12/><D105/><U68/><E11/><V100/><F110/><W35/><G130/><T126/><D134/><U26/><E103/><V108/><F108/><W116/><G53/><T85/><D111/><U90/><E68/><V49/><F84/><W57/><G116/><T132/><D132/><U2/><E2/><V4/><F38/><W9/><G31/><T17/><D45/><U122/><E122/><V25/><F58/><W24/><G24/><T32/><D32/><U113/><E70/><V23/><F133/><W107/><G102/><T1/><D1/><U88/><REACH who="1" step="1"/><E113/><REACH who="1" ten="250,240,250,250" step="2"/><V98/><F4/><W14/><G135/><T47/><D69/><U106/><E106/><V50/><F33/><W92/><G9/><T28/><D101/><U52/><E52/><V112/><F112/><W18/><G107/><T59/><D54/><U109/><E109/><V3/><F49/><W125/><G104/><T13/><D126/><U60/><AGARI ba="0,1" hai="19,22,26,41,42,43,60,61,63,81,82,88,89,90" machi="60" ten="40,12000,2" yaku="1,1,0,1,29,2,8,1,54,1,53,0" doraHai="73" doraHaiUra="120" who="1" fromWho="1" sc="250,-60,240,130,250,-30,250,-30" /><INIT seed="1,0,0,3,4,49" ten="190,370,220,220" oya="1" hai0="94,8,107,124,115,16,64,67,65,130,21,38,117" hai1="77,1,86,127,108,85,31,79,78,2,81,93,48" hai2="84,69,9,23,13,27,39,88,6,33,52,62,30" hai3="95,37,73,92,29,44,66,129,83,121,99,54,135"/><U45/><E127/><V32/><F39/><W19/><G121/><T4/><D115/><U20/><E108/><V41/><F41/><W68/><G129/><T3/><D117/><U11/><E2/><V98/><F98/><W58/><G29/><T97/><D130/><U105/><E105/><V72/><F72/><W50/><G135/><T46/><D124/><U102/><E1/><V96/><F96/><W100/><G19/><T47/><D107/><U55/><E11/><V109/><F109/><W87/><G73/><T122/><D38/><U71/><E71/><V25/><F25/><W57/><G92/><T128/><D122/><U10/><E10/><V82/><REACH who="2" step="1"/><F69/><REACH who="2" ten="190,370,210,220" step="2"/><W5/><G37/><T123/><D123/><U120/><E120/><V18/><F18/><W125/><G125/><T132/><D128/><U53/><E86/><V118/><F118/><W104/><G68/><T90/><REACH who="0" step="1"/><D132/><REACH who="0" ten="180,370,210,220" step="2"/><U70/><E70/><V34/><F34/><W42/><G104/><T28/><D28/><U14/><E31/><V35/><F35/><W113/><G113/><T61/><D61/><U80/><E85/><V133/><F133/><W59/><G87/><T89/><D89/><U76/><E76/><V134/><F134/><W17/><G100/><T40/><D40/><U63/><E102/><V36/><F36/><W43/><G42/><T114/><D114/><U116/><E116/><V75/><F75/><W111/><G43/><T0/><D0/><U126/><E126/><V60/><F60/><W91/><G91/><T12/><AGARI ba="0,2" hai="3,4,8,12,16,21,46,47,64,65,67,90,94,97" machi="12" ten="30,4000,0" yaku="1,1,0,1,54,1,53,0" doraHai="49" doraHaiUra="56" who="0" fromWho="0" sc="180,60,370,-20,210,-10,220,-10" /><INIT seed="2,0,0,4,2,58" ten="240,350,200,210" oya="2" hai0="7,104,53,26,21,13,3,61,121,112,95,62,52" hai1="17,82,8,18,24,5,57,9,59,114,103,131,34" hai2="125,92,124,76,90,43,78,119,11,105,89,122,88" hai3="39,47,83,87,46,23,72,115,109,55,40,102,1"/><V2/><F119/><W91/><G109/><T41/><D121/><U29/><E114/><V48/><F122/><W65/><G115/><T111/><D104/><U67/><E131/><V70/><F105/><W60/><G1/><T16/><D112/><U56/><E103/><V134/><F134/><W14/><G102/><T120/><D120/><U37/><E37/><V30/><F30/><W63/><G72/><T116/><D111/><U84/><E67/><V80/><F70/><W94/><G65/><T51/><D3/><U132/><E132/><V127/><F92/><W28/><G94/><T20/><D116/><U126/><E126/><V68/><F68/><W107/><G107/><T45/><D95/><U96/><E96/><V97/><F97/><W100/><G100/><T44/><D7/><U33/><E34/><V19/><F80/><W25/><REACH who="3" step="1"/><G14/><REACH who="3" ten="240,350,200,200" step="2"/><T86/><D86/><U77/><E84/><V113/><F113/><W32/><G32/><T42/><D42/><U49/><E33/><V66/><F66/><W85/><G85/><T4/><D53/><U22/><E82/><V118/><F118/><W99/><G99/><T36/><REACH who="0" step="1"/><D4/><REACH who="0" ten="230,350,200,200" step="2"/><U50/><E5/><V6/><F43/><W0/><G0/><T71/><D71/><U79/><E79/><V98/><F98/><W106/><G106/><T74/><D74/><U12/><E77/><V129/><F78/><W27/><G27/><T64/><D64/><U93/><E93/><V81/><F76/><W130/><G130/><T123/><D123/><U38/><E24/><V35/><F129/><W117/><G117/><RYUUKYOKU ba="0,2" sc="230,15,350,-15,200,-15,200,15" hai0="13,16,20,21,26,36,41,44,45,51,52,61,62" hai3="23,25,28,39,40,46,47,55,60,63,83,87,91" /><INIT seed="3,1,2,3,3,9" ten="245,335,185,215" oya="3" hai0="19,61,75,107,132,20,110,30,103,50,82,90,71" hai1="87,111,112,46,73,38,28,35,69,53,81,80,27" hai2="2,51,15,120,118,60,43,113,128,16,83,24,22" hai3="37,95,64,108,97,65,119,11,115,45,106,98,127"/><W12/><G115/><T7/><D110/><U122/><E112/><V131/><F113/><W62/><G119/><T124/><D132/><U52/><E122/><V105/><F118/><W78/><G108/><T74/><D30/><U129/><E111/><V67/><F2/><W29/><G127/><T55/><D7/><U33/><E69/><V109/><F109/><W125/><G125/><T18/><D124/><U104/><E104/><V72/><F105/><W114/><G114/><T48/><D103/><U21/><E73/><V1/><F1/><W101/><G78/><T117/><D107/><U123/><E123/><V66/><F120/><W49/><G37/><T70/><D90/><U85/><E129/><N who="2" m="49739" /><F60/><W102/><G29/><T58/><D18/><U42/><E35/><V10/><F43/><W40/><REACH who="3" step="1"/><G62/><REACH who="3" ten="245,335,185,205" step="2"/><T130/><D61/><U91/><E33/><V133/><F133/><W3/><G3/><T92/><D117/><U4/><E4/><AGARI ba="1,3" hai="4,11,12,40,45,49,64,65,95,97,98,101,102,106" machi="4" ten="30,5800,0" yaku="1,1,7,1,52,1,53,0" doraHai="9" doraHaiUra="26" who="3" fromWho="1" sc="245,0,335,-61,185,0,205,91" /><INIT seed="3,2,0,0,2,100" ten="245,274,185,296" oya="3" hai0="94,40,78,124,14,83,53,29,130,123,106,18,86" hai1="44,50,88,38,120,81,17,47,25,46,23,128,57" hai2="117,68,102,34,70,104,103,26,122,30,24,27,115" hai3="1,105,31,37,89,101,59,7,54,16,6,61,133"/><W108/><G37/><T96/><D123/><U99/><E120/><V33/><F117/><W110/><G133/><T5/><D130/><U116/><E128/><V93/><F122/><W90/><G31/><T2/><D124/><U76/><E116/><V134/><F134/><W10/><G6/><T74/><D40/><U91/><E38/><V84/><F115/><W22/><G101/><T19/><D29/><U20/><E99/><V45/><F45/><W79/><G79/><T131/><D131/><U35/><E35/><V32/><F30/><W3/><G105/><T9/><D106/><U132/><E132/><V92/><F84/><W8/><G8/><T82/><D53/><N who="1" m="31927" /><E23/><V55/><F55/><W121/><G1/><T52/><D2/><U97/><E97/><V113/><F113/><W98/><G121/><T12/><D12/><U41/><E41/><V0/><F0/><W69/><G69/><N who="2" m="26729" /><F104/><W125/><G125/><T87/><D52/><U13/><E13/><V126/><F126/><W39/><G39/><T28/><D28/><U65/><E65/><V62/><F62/><W60/><G61/><T80/><D74/><U109/><E47/><V21/><F21/><W77/><G77/><N who="0" m="46351" /><D83/><U129/><E81/><V112/><F112/><W67/><G67/><T42/><D42/><U107/><E76/><V85/><F85/><W75/><G75/><T49/><D49/><U63/><E107/><V72/><F72/><W127/><G127/><T64/><D64/><U95/><E129/><V73/><F73/><W48/><G60/><T43/><D43/><U135/><E63/><RYUUKYOKU ba="2,0" sc="245,15,274,-15,185,15,296,-15" hai0="5,9,14,18,19,78,82,87,94,96" hai2="24,26,27,32,33,34,92,93,102,103" /><INIT seed="4,3,0,5,5,81" ten="260,259,200,281" oya="0" hai0="55,72,120,8,87,62,100,94,74,28,29,80,20" hai1="102,16,45,18,132,37,109,21,31,23,128,50,111" hai2="89,73,85,39,41,70,13,95,105,15,49,75,34" hai3="0,32,82,2,52,124,35,110,19,24,10,38,90"/><T33/><D120/><U30/><E37/><V69/><F39/><W121/><G38/><T44/><D33/><U48/><E102/><V99/><F34/><W122/><G110/><T58/><D8/><U9/><E9/><V96/><F105/><W3/><G124/><T25/><D29/><U61/><E61/><V5/><F41/><W135/><G135/><T113/><D113/><U11/><E11/><V107/><F49/><W125/><G125/><T67/><D94/><U36/><E36/><V26/><F26/><W64/><G64/><T51/><REACH who="0" step="1"/><D100/><REACH who="0" ten="250,259,200,281" step="2"/><U84/><E132/><V104/><F104/><W129/><G35/><T65/><D65/><U22/><E111/><V12/><F107/><W42/><G32/><T1/><D1/><U54/><E109/><V46/><F5/><W134/><G134/><T86/><D86/><U127/><E127/><V56/><F99/><W78/><G121/><T101/><D101/><U123/><E123/><V47/><F96/><W117/><G122/><T71/><D71/><U57/><E31/><V116/><F70/><W112/><G112/><T63/><D63/><U79/><E30/><V133/><F69/><W126/><G126/><T76/><AGARI ba="3,1" hai="20,25,28,44,51,55,58,62,67,72,74,76,80,87" machi="76" ten="20,7800,0" yaku="1,1,0,1,7,1,52,1,53,0" doraHai="81" doraHaiUra="98" who="0" fromWho="0" sc="250,97,259,-29,200,-29,281,-29" /><INIT seed="4,4,0,0,4,39" ten="347,230,171,252" oya="0" hai0="8,127,131,27,38,4,58,135,112,94,103,23,34" hai1="24,26,132,11,109,6,19,45,133,17,118,15,3" hai2="73,116,0,79,101,89,65,21,115,44,42,81,66" hai3="33,134,86,25,71,129,99,31,36,63,97,28,106"/><T41/><D112/><U128/><E45/><V96/><F115/><W88/><G129/><T56/><D34/><U59/><E59/><V93/><F116/><W10/><G134/><N who="1" m="51818" /><E118/><V1/><F21/><W104/><G36/><T83/><D135/><U126/><E109/><V75/><F73/><W16/><G31/><T49/><D38/><U47/><E47/><V52/><F52/><W57/><G71/><T82/><D131/><U12/><E126/><V18/><F18/><N who="1" m="6665" /><E128/><V2/><REACH who="2" step="1"/><F101/><REACH who="2" ten="347,230,161,252" step="2"/><W40/><G16/><T92/><D103/><U84/><E84/><V121/><F121/><W62/><G86/><T100/><D100/><U108/><E108/><V9/><F9/><W113/><G10/><T124/><D8/><U120/><E120/><V76/><F76/><W7/><G113/><T60/><D127/><U61/><E61/><V64/><F64/><W117/><G62/><T95/><D124/><U46/><E46/><V50/><AGARI ba="4,1" hai="0,1,2,42,44,50,65,66,75,79,81,89,93,96" machi="50" ten="30,7900,0" yaku="1,1,0,1,52,1,53,1" doraHai="39" doraHaiUra="85" who="2" fromWho="2" sc="347,-43,230,-24,161,101,252,-24" /><INIT seed="5,0,0,1,0,116" ten="304,206,262,228" oya="1" hai0="40,111,53,10,26,132,121,37,63,20,118,123,12" hai1="48,128,51,83,70,36,27,73,23,94,124,77,99" hai2="57,90,2,1,13,75,56,78,3,49,80,71,44" hai3="21,24,62,122,9,38,110,66,102,60,115,7,117"/><U50/><E36/><V86/><F71/><W19/><G110/><T106/><D111/><U134/><E128/><V43/><REACH who="2" step="1"/><F13/><REACH who="2" ten="304,206,252,228" step="2"/><W67/><G117/><T131/><D118/><U5/><E70/><V61/><F61/><W64/><G60/><T59/><D131/><U84/><E124/><V87/><F87/><W79/><G62/><T29/><D132/><U76/><E134/><V97/><F97/><W96/><G96/><T82/><D106/><U47/><E73/><V74/><F74/><W28/><G66/><T6/><REACH who="0" step="1"/><D82/><AGARI ba="0,1" hai="1,2,3,43,44,49,56,57,75,78,80,82,86,90" machi="82" ten="40,5200,0" yaku="1,1,53,2" doraHai="116" doraHaiUra="54" who="2" fromWho="0" sc="304,-52,206,0,252,62,228,0" /><INIT seed="6,0,0,2,2,71" ten="252,206,314,228" oya="2" hai0="83,134,99,56,10,37,57,113,85,73,54,76,114" hai1="72,62,39,95,14,70,115,108,3,45,26,47,84" hai2="126,35,19,97,33,15,64,77,53,105,20,12,21" hai3="86,6,135,52,28,130,50,27,67,44,58,23,112"/><V109/><F126/><W128/><G135/><T74/><D134/><U30/><E3/><V7/><F109/><W103/><G112/><N who="0" m="43115" /><D37/><U11/><E115/><V36/><F36/><W79/><G6/><T49/><D99/><U13/><E72/><N who="0" m="27753" /><D10/><U117/><E108/><V81/><F64/><W89/><G79/><T46/><AGARI ba="0,0" hai="46,49,54,56,57,76,83,85" m="27753,43115" machi="46" ten="30,1100,0" yaku="15,1" doraHai="71" who="0" fromWho="0" sc="252,11,206,-3,314,-5,228,-3" /><INIT seed="7,0,0,1,5,57" ten="263,203,309,225" oya="3" hai0="118,63,53,101,29,120,8,71,125,46,103,135,85" hai1="88,75,119,35,55,44,52,16,106,2,84,102,48" hai2="82,105,31,115,65,3,111,113,49,45,10,33,0" hai3="62,96,60,6,77,72,81,93,130,128,129,127,7"/><W11/><G127/><T18/><D118/><U69/><E75/><V117/><F111/><W14/><REACH who="3" step="1"/><G6/><REACH who="3" ten="263,203,309,215" step="2"/><T36/><D125/><U74/><E119/><V23/><F117/><W13/><G13/><T40/><D120/><U25/><E2/><V50/><F0/><W15/><G15/><T56/><D56/><U108/><E69/><V91/><F3/><W124/><G124/><T67/><D71/><U79/><E108/><V30/><F115/><W28/><G28/><T51/><D29/><U114/><E114/><V47/><F113/><W12/><G12/><T95/><D18/><U98/><E16/><V90/><F30/><W112/><G112/><T5/><D5/><U100/><E25/><V97/><F31/><W83/><G83/><T32/><D32/><U66/><E35/><V87/><F33/><W61/><G61/><T24/><D63/><U22/><E22/><V94/><F23/><W116/><G116/><T68/><D24/><U27/><E27/><V26/><F26/><W73/><G73/><T41/><D68/><U110/><E110/><V59/><F59/><W78/><G78/><T64/><D8/><U76/><E74/><V58/><F10/><W134/><G134/><T133/><D133/><U131/><E79/><V70/><F70/><W109/><G109/><T20/><D135/><U126/><E76/><V43/><F82/><W123/><G123/><T39/><D20/><U89/><E126/><V92/><F58/><W86/><G86/><T4/><D85/><U107/><E84/><V38/><F87/><W99/><G99/><T9/><D9/><RYUUKYOKU ba="0,1" sc="263,-10,203,-10,309,-10,215,30" hai3="7,11,14,60,62,72,77,81,93,96,128,129,130" /><INIT seed="7,1,1,4,5,25" ten="253,193,299,245" oya="3" hai0="77,112,24,106,55,74,64,26,54,88,91,120,114" hai1="110,121,92,87,82,125,134,65,60,127,10,33,36" hai2="107,84,122,58,4,51,75,53,100,18,16,29,61" hai3="135,131,90,118,130,124,49,69,103,30,21,0,8"/><W81/><G118/><T59/><D106/><U126/><E121/><V27/><F75/><W32/><G69/><T93/><D120/><U15/><E33/><V9/><F122/><W95/><G32/><T132/><D132/><U98/><E110/><V22/><F107/><W123/><G123/><T111/><D111/><U85/><E36/><V67/><F100/><W11/><G135/><T99/><D91/><U41/><E41/><V133/><F84/><N who="3" m="50447" /><G0/><T96/><D96/><U40/><E40/><V7/><F133/><W39/><G39/><T52/><D77/><U108/><E108/><V1/><F4/><W47/><G124/><T14/><D14/><U71/><E82/><V31/><F18/><W105/><G105/><T101/><D101/><U104/><E104/><V117/><F117/><W50/><G95/><T35/><D74/><U94/><E134/><V6/><F6/><W48/><G47/><AGARI ba="1,1" hai="1,7,9,16,22,27,29,31,47,51,53,58,61,67" machi="47" ten="30,7700,0" yaku="7,1,52,2,54,1" doraHai="25" who="2" fromWho="3" sc="253,0,193,0,299,90,245,-80" owari="253,5.3,193,-20.7,389,48.9,165,-33.5" /></mjloggm>