<mjloggm ver="2.3"><GO type="169" lobby="0"/><UN n0="%E4%BF%9D%E8%82%B2%E5%A3%AB" n1="%48%57%49%4E%47" n2="%E5%B0%8F%E5%AE%AE%E7%95%B3%E5%BA%97" n3="%E5%A4%A9%E3%81%8B%E3%81%91%E3%82%8B%E6%98%9F" dan="16,17,16,16" rate="2205.14,2164.64,2107.67,2066.59" sx="M,M,M,M"/><TAIKYOKU oya="0"/><INIT seed="0,0,0,3,5,85" ten="250,250,250,250" oya="0" hai0="97,100,109,36,79,68,22,72,50,2,6,65,58" hai1="127,13,25,131,75,32,7,10,69,129,1,78,123" hai2="60,12,119,38,92,21,35,116,64,122,61,27,51" hai3="84,81,5,105,121,3,126,17,107,40,76,67,8"/><T110/><D36/><U118/><E69/><V133/><F38/><W4/><G126/><T106/><D22/><U55/><E118/><N who="2" m="45099" /><F122/><W34/><G121/><T124/><D124/><U41/><E123/><V98/><F133/><W103/><G34/><T73/><D58/><U120/><E120/><V71/><F61/><W117/><G117/><T63/><D50/><U102/><E127/><V23/><F51/><W62/><G5/><T90/><D90/><U77/><E102/><N who="2" m="60743" /><F12/><W18/><G40/><T95/><D95/><U83/><E78/><V28/><AGARI ba="0,0" hai="21,23,27,28,35,60,64,71" m="60743,45099" machi="28" ten="30,1100,0" yaku="12,1" doraHai="85" who="2" fromWho="2" sc="250,-5,250,-3,250,11,250,-3" /><INIT seed="1,0,0,3,4,62" ten="245,247,261,247" oya="1" hai0="91,5,45,101,65,135,123,20,78,99,19,120,89" hai1="29,113,67,22,2,76,53,64,129,124,103,56,42" hai2="47,52,88,75,50,7,100,125,26,63,37,1,6" hai3="66,77,34,102,80,49,104,107,106,98,16,83,73"/><U81/><E113/><V33/><F75/><W87/><G34/><T105/><D135/><U48/><E2/><V24/><F1/><W46/><G16/><T55/><D5/><N who="2" m="1546" /><F33/><W96/><G96/><T0/><D0/><U40/><E124/><V14/><F37/><W11/><G11/><T82/><D55/><U36/><E129/><V35/><F100/><W128/><G128/><T58/><D45/><U8/><E103/><V127/><F35/><W95/><G66/><N who="1" m="25130" /><E8/><V71/><F14/><W131/><G131/><T17/><D58/><U72/><E36/><V109/><F63/><W44/><REACH who="3" step="1"/><G49/><REACH who="3" ten="245,247,261,237" step="2"/><T86/><D65/><U111/><E111/><V121/><F109/><W25/><G25/><N who="0" m="14479" /><D19/><U70/><E70/><V31/><F71/><W10/><G10/><T115/><D115/><U9/><E9/><V39/><F39/><W28/><G28/><T93/><D105/><U13/><E72/><V134/><F31/><W32/><G32/><T130/><D130/><U59/><E13/><V84/><F134/><W38/><G38/><T132/><D132/><U74/><E74/><V51/><F51/><W133/><G133/><T116/><D116/><U57/><E29/><V90/><F24/><W27/><G27/><T85/><D85/><N who="1" m="48295" /><E22/><V43/><F26/><W15/><G15/><T61/><D123/><U97/><E97/><V69/><F121/><W30/><G30/><T18/><D120/><U12/><E12/><V114/><F114/><W79/><AGARI ba="0,1" hai="44,46,73,77,79,80,83,87,95,98,102,104,106,107" machi="79" ten="40,2700,0" yaku="1,1,0,1,53,0" doraHai="62" doraHaiUra="122" who="3" fromWho="3" sc="245,-7,247,-13,261,-7,237,37" /><INIT seed="2,0,0,3,2,47" ten="238,234,254,274" oya="2" hai0="4,110,65,32,68,109,70,124,92,121,1,12,113" hai1="9,120,135,56,40,111,86,55,5,134,64,36,97" hai2="63,98,72,88,99,107,52,82,26,27,129,51,6" hai3="23,91,35,100,101,33,44,67,102,10,112,7,22"/><V127/><F129/><W59/><G112/><T58/><D1/><U122/><E64/><V84/><F72/><W42/><G91/><T118/><D32/><U66/><E66/><V79/><F127/><W14/><G35/><T80/><D92/><U85/><E97/><N who="2" m="36875" /><F63/><W89/><G33/><T76/><D58/><U39/><E111/><V87/><F6/><W24/><G89/><T57/><D57/><U83/><E86/><V8/><F8/><W2/><G2/><T74/><D4/><U114/><E114/><V20/><F20/><W30/><G23/><T0/><D0/><U81/><E81/><N who="2" m="47167" /><F107/><W117/><G117/><T94/><D70/><U45/><E39/><V126/><F126/><W119/><G119/><T41/><D68/><U28/><E28/><V131/><F131/><W123/><G123/><N who="1" m="47146" /><E85/><V77/><F77/><W115/><G115/><T106/><D124/><U17/><E17/><V93/><F82/><W62/><REACH who="3" step="1"/><G102/><REACH who="3" ten="238,234,254,264" step="2"/><T21/><D113/><U69/><E83/><V25/><F25/><W108/><G108/><T49/><D110/><U46/><E9/><V34/><F34/><W71/><G71/><T15/><D109/><U11/><E69/><V61/><F61/><W54/><G54/><T105/><D118/><U50/><E46/><AGARI ba="0,1" hai="26,27,46,51,52,87,88,93" m="47167,36875" machi="46" ten="30,11600,0" yaku="8,1,52,1,54,2" doraHai="47" who="2" fromWho="1" sc="238,0,234,-116,254,126,264,0" /><INIT seed="2,1,0,2,4,130" ten="238,118,380,264" oya="2" hai0="40,94,69,108,14,38,101,23,58,12,22,0,9" hai1="63,122,17,109,61,123,129,13,75,6,91,7,10" hai2="132,89,77,46,72,20,57,81,65,37,86,121,83" hai3="2,60,92,24,112,29,36,68,113,87,97,44,134"/><V135/><F121/><N who="1" m="46089" /><E75/><V39/><F65/><W111/><G2/><T104/><D69/><U67/><E129/><V31/><F57/><W88/><G111/><T93/><D104/><U105/><E105/><V70/><F70/><W102/><G68/><T116/><D40/><U27/><E109/><V34/><F34/><W96/><G60/><N who="1" m="23114" /><E67/><V21/><F31/><W120/><G120/><T124/><D101/><U73/><E73/><V99/><F99/><W114/><G134/><N who="2" m="51241" /><F39/><W74/><G74/><T54/><D38/><U8/><E91/><V133/><N who="2" m="51249" /><V52/><DORA hai="79" /><F52/><W56/><G56/><T71/><D54/><U50/><E50/><V49/><F49/><W11/><G36/><T117/><D58/><U100/><E100/><V119/><F119/><W110/><G110/><T80/><D71/><U41/><E41/><AGARI ba="1,0" hai="20,21,37,41,46,72,77,81,83,86,89" m="51249" machi="41" ten="40,18000,2" yaku="20,1,52,6" doraHai="130,79" who="2" fromWho="1" sc="238,0,118,-183,380,183,264,0" owari="238,-16.2,-65,-56.5,563,66.3,264,6.4" /></mjloggm>