<mjloggm ver="2.3"><GO type="169" lobby="0"/><UN n0="%E3%83%90%E3%82%AD" n1="%E9%A6%99%E6%A4%8E%E4%BE%91%E5%BF%97" n2="%35%30%38%30%74%61%6B%61" n3="%E3%81%8B%E3%82%81%E3%81%98%E3%82%8D%E3%81%86" dan="16,16,16,16" rate="2181.79,2104.73,2105.76,2142.42" sx="M,M,M,M"/><TAIKYOKU oya="0"/><INIT seed="0,0,0,5,3,2" ten="250,250,250,250" oya="0" hai0="38,50,117,128,61,39,60,0,8,134,83,27,46" hai1="14,132,63,97,20,130,53,29,18,120,87,104,23" hai2="55,22,114,135,4,35,67,40,126,85,76,92,43" hai3="7,111,66,112,49,105,80,88,79,100,17,34,33"/><T28/><D117/><U91/><E130/><V78/><F114/><W99/><G112/><T89/><D134/><U113/><E132/><V54/><F35/><W75/><G111/><T102/><D128/><U58/><E120/><V41/><F135/><W106/><G106/><T64/><D102/><U57/><E113/><V122/><F122/><W116/><G116/><T59/><D61/><U115/><E115/><V123/><F123/><W70/><G17/><T125/><D125/><U86/><E104/><V118/><F118/><W13/><G49/><T25/><D25/><N who="1" m="16551" /><E57/><V56/><F126/><W31/><G88/><T21/><D83/><U62/><E62/><N who="2" m="38343" /><F22/><W108/><G108/><T3/><D89/><U90/><E90/><N who="2" m="53327" /><F4/><W24/><G34/><T131/><D131/><U124/><E124/><V37/><F37/><W96/><G96/><T16/><D0/><U95/><AGARI ba="0,0" hai="14,18,23,53,58,63,86,87,91,95,97" m="16551" machi="95" ten="30,1100,0" yaku="8,1" doraHai="2" who="1" fromWho="1" sc="250,-5,250,11,250,-3,250,-3" /><INIT seed="1,0,0,3,0,128" ten="245,261,247,247" oya="1" hai0="5,66,86,12,120,63,14,62,47,85,97,125,59" hai1="108,73,32,70,35,33,114,48,126,22,67,124,94" hai2="82,40,53,81,110,68,57,46,9,78,69,7,49" hai3="121,2,42,61,64,20,102,76,131,3,28,129,15"/><U41/><E114/><V0/><F110/><W88/><G121/><T77/><D120/><U99/><E73/><V119/><F119/><W55/><G76/><T65/><D125/><U13/><E108/><V74/><REACH who="2" step="1"/><F82/><REACH who="2" ten="245,261,237,247" step="2"/><W16/><G129/><T95/><D77/><U27/><E124/><V10/><F10/><W107/><G131/><T100/><D47/><U116/><E116/><V127/><F127/><W111/><G111/><T71/><D5/><U56/><E126/><V34/><F34/><W44/><G28/><T112/><D112/><U18/><E32/><V50/><AGARI ba="0,1" hai="0,7,9,40,46,49,50,53,57,68,69,74,78,81" machi="50" ten="20,2700,0" yaku="1,1,0,1,7,1,53,0" doraHai="128" doraHaiUra="118" who="2" fromWho="2" sc="245,-7,261,-13,237,37,247,-7" /><INIT seed="2,0,0,2,4,18" ten="238,248,274,240" oya="2" hai0="121,39,26,67,125,117,101,35,82,10,86,66,36" hai1="95,109,45,81,73,49,78,14,51,80,104,74,65" hai2="27,31,85,123,115,23,40,119,61,57,60,5,68" hai3="105,1,46,124,106,20,24,38,4,76,92,62,22"/><V50/><F119/><W42/><G124/><T83/><D121/><U111/><E104/><V75/><F123/><W120/><G120/><T84/><D10/><U43/><E65/><V96/><F115/><W72/><G92/><T25/><D35/><U15/><E95/><V131/><F75/><W122/><G122/><T91/><D125/><U63/><E63/><V48/><F131/><W28/><G62/><T97/><D97/><U77/><REACH who="1" step="1"/><E49/><REACH who="1" ten="238,238,274,240" step="2"/><V17/><F50/><W129/><G129/><T90/><REACH who="0" step="1"/><D117/><REACH who="0" ten="228,238,274,240" step="2"/><U12/><AGARI ba="0,2" hai="12,14,15,43,45,51,73,74,77,78,80,81,109,111" machi="12" ten="30,7900,0" yaku="1,1,2,1,0,1,9,1,53,0" doraHai="18" doraHaiUra="54" who="1" fromWho="1" sc="228,-20,238,99,274,-39,240,-20" /><INIT seed="3,0,0,4,4,114" ten="208,337,235,220" oya="3" hai0="120,78,57,59,17,23,95,66,91,33,109,61,53" hai1="126,129,82,74,130,96,106,92,119,71,58,56,32" hai2="36,9,118,51,113,18,1,115,60,69,27,98,79" hai3="30,15,125,49,50,25,133,99,93,80,62,81,65"/><W54/><G133/><T107/><D109/><U26/><E71/><V22/><F36/><W47/><G125/><T97/><D120/><U131/><E106/><V35/><F118/><W0/><G0/><T75/><D33/><U135/><E126/><V55/><F79/><W111/><G111/><T128/><D128/><U13/><E135/><V89/><F35/><W2/><G2/><T21/><D107/><U40/><E40/><V73/><F73/><W90/><G50/><T110/><D110/><U11/><E82/><V83/><F1/><W44/><G44/><T132/><D132/><U124/><E74/><V43/><F43/><W86/><G15/><T117/><D117/><U38/><E38/><V34/><F34/><W20/><REACH who="3" step="1"/><G99/><REACH who="3" ten="208,337,235,210" step="2"/><T102/><D75/><U103/><E124/><V112/><F98/><W37/><G37/><T104/><D78/><U14/><E13/><V52/><F51/><W39/><G39/><T42/><D42/><U29/><E119/><V7/><F60/><W16/><G16/><AGARI ba="0,1" hai="11,14,16,26,29,32,56,58,92,96,103,129,130,131" machi="16" ten="40,2600,0" yaku="19,1,54,1" doraHai="114" who="1" fromWho="3" sc="208,0,337,36,235,0,210,-26" /><INIT seed="4,0,0,4,2,79" ten="208,373,235,184" oya="0" hai0="101,71,75,58,68,15,37,17,134,70,5,62,90" hai1="31,108,118,125,126,80,40,74,7,72,113,55,98" hai2="111,110,102,12,66,44,65,132,88,116,22,77,135" hai3="97,124,94,21,8,109,54,99,56,129,61,50,119"/><T100/><D37/><U11/><E108/><V105/><F44/><W48/><G109/><N who="2" m="41481" /><F22/><W24/><G119/><T85/><D75/><U20/><E118/><V130/><F12/><W64/><G124/><T78/><D78/><U36/><E40/><V107/><F65/><W41/><G129/><T16/><D134/><N who="2" m="51242" /><F66/><W0/><G0/><T91/><D91/><U53/><E36/><V95/><F116/><W92/><G8/><T4/><D4/><U30/><E20/><V120/><F120/><W112/><G112/><T29/><D29/><U6/><E113/><V25/><F25/><W28/><G41/><T46/><D46/><U9/><E98/><N who="2" m="57703" /><F130/><W73/><G73/><T13/><D5/><U89/><E6/><V82/><F102/><N who="3" m="60711" /><G54/><T52/><D13/><U34/><E7/><V87/><AGARI ba="0,0" hai="77,82,87,105,107" m="57703,51242,41481" machi="87" ten="30,8000,1" yaku="20,1,34,2,52,1,54,1" doraHai="79" who="2" fromWho="2" sc="208,-40,373,-20,235,80,184,-20" /><INIT seed="5,0,0,1,4,41" ten="168,353,315,164" oya="1" hai0="92,129,37,124,15,54,23,55,100,81,18,73,88" hai1="120,52,33,38,44,111,115,106,51,128,40,118,133" hai2="65,56,67,95,102,17,134,90,27,36,78,31,48" hai3="7,25,24,60,43,19,112,10,74,97,87,20,103"/><U116/><RYUUKYOKU type="yao9" ba="0,0" sc="168,0,353,0,315,0,164,0" hai1="33,38,40,44,51,52,106,111,115,116,118,120,128,133" /><INIT seed="5,1,0,5,5,50" ten="168,353,315,164" oya="1" hai0="25,128,106,67,52,56,38,121,28,33,77,32,63" hai1="120,90,7,126,0,6,114,12,35,110,87,105,61" hai2="109,100,124,13,36,95,64,15,14,99,70,9,82" hai3="20,98,8,16,113,129,4,132,58,66,112,125,118"/><U43/><E120/><V40/><F109/><W37/><G125/><T39/><D121/><U44/><E0/><V85/><F124/><W17/><G129/><T60/><D128/><U3/><E3/><V53/><F70/><W78/><G132/><T131/><D131/><U97/><E110/><V11/><F64/><W81/><G37/><T119/><D119/><U49/><E35/><V91/><F36/><W34/><G34/><T54/><D106/><U134/><E134/><V73/><F40/><W69/><G69/><T21/><D77/><U108/><E114/><N who="3" m="44138" /><G98/><T30/><D67/><U101/><E108/><V10/><F73/><N who="3" m="43215" /><G20/><T1/><D1/><U92/><E126/><V26/><F26/><W41/><G41/><T76/><D76/><U96/><E96/><V127/><F127/><W115/><N who="3" m="44146" /><W135/><DORA hai="74" /><G135/><T84/><D84/><U107/><E107/><V111/><F111/><W83/><G83/><T2/><D2/><U24/><E24/><V57/><REACH who="2" step="1"/><F9/><REACH who="2" ten="168,353,305,164" step="2"/><W65/><G118/><T122/><D122/><U102/><E43/><V133/><F133/><W55/><G66/><T19/><D32/><U116/><E116/><V27/><F27/><W80/><G65/><T123/><D123/><U72/><E72/><V75/><F75/><W42/><G42/><T68/><D68/><U5/><E105/><V88/><F88/><W45/><G8/><T18/><D33/><U94/><E102/><V93/><F93/><W71/><G71/><T62/><D25/><U59/><E94/><V23/><F23/><W117/><G117/><T89/><D21/><RYUUKYOKU ba="1,1" sc="168,-10,353,-10,305,30,164,-10" hai2="10,11,13,14,15,53,57,82,85,91,95,99,100" /><INIT seed="6,2,1,0,4,48" ten="158,343,335,154" oya="2" hai0="98,25,72,135,82,29,1,132,124,33,47,2,31" hai1="27,39,91,28,49,63,37,75,35,125,22,62,126" hai2="24,18,70,109,43,115,17,81,85,8,46,93,52" hai3="54,45,36,42,71,122,134,6,3,100,80,53,4"/><V114/><F70/><W50/><G122/><T128/><D98/><U110/><E110/><V44/><F109/><W104/><G134/><N who="0" m="51243" /><D47/><U65/><E75/><V19/><F93/><W86/><G71/><T77/><D128/><U105/><E105/><V108/><F108/><W30/><G30/><T76/><D124/><N who="1" m="47723" /><E35/><V21/><F8/><W111/><G111/><T90/><BYE who="3" /><D77/><U102/><E102/><V88/><F43/><W113/><G113/><N who="2" m="43017" /><F46/><W94/><G94/><T123/><D123/><U51/><E62/><V120/><F120/><W130/><G130/><T78/><D78/><U23/><E23/><V5/><F5/><W14/><G14/><T112/><D112/><U56/><E91/><V34/><F34/><W68/><G68/><T96/><D90/><U12/><E12/><V69/><F69/><W57/><G57/><T60/><D1/><U97/><E97/><V106/><F106/><W41/><G41/><T16/><D2/><U61/><E61/><V83/><F83/><W9/><G9/><T74/><D96/><U116/><E116/><V0/><F0/><W67/><G67/><T121/><D121/><U133/><E133/><V20/><F20/><W92/><G92/><T7/><D33/><U89/><E89/><V59/><F44/><W11/><G11/><T79/><D82/><U66/><E66/><V99/><F99/><W103/><G103/><T32/><D32/><U107/><E107/><V87/><F87/><W38/><G38/><AGARI ba="2,1" hai="22,27,28,37,38,39,49,51,56,63,65" m="47723" machi="38" ten="30,1000,0" yaku="18,1" doraHai="48" who="1" fromWho="3" sc="158,0,343,26,335,0,154,-16" /><INIT seed="7,0,0,5,1,102" ten="158,369,335,138" oya="3" hai0="30,121,81,53,42,15,80,17,12,97,101,46,54" hai1="120,51,40,135,131,57,29,89,18,56,84,11,3" hai2="66,73,128,20,108,22,14,45,31,99,1,26,124" hai3="94,47,88,100,87,64,86,106,90,72,71,82,74"/><W92/><G92/><T48/><D121/><U41/><E120/><V105/><F108/><W67/><G67/><T122/><D122/><U4/><E29/><V96/><F73/><W129/><G129/><T83/><D30/><U62/><E131/><V2/><F128/><W91/><G91/><T130/><D130/><U7/><E135/><V27/><F124/><W133/><G133/><T39/><D39/><U36/><E36/><V16/><F66/><W123/><G123/><T115/><D115/><U0/><E0/><V85/><F85/><W126/><G126/><T114/><D114/><U58/><E62/><V134/><F134/><W55/><G55/><T112/><D112/><U24/><E3/><V13/><F45/><W93/><G93/><N who="0" m="58543" /><D12/><N who="1" m="7455" /><E24/><V70/><F70/><W118/><G118/><T69/><D69/><U79/><E79/><V78/><F78/><W6/><G6/><N who="1" m="2090" /><E51/><V77/><F77/><W125/><G125/><T111/><D111/><U43/><E43/><V32/><F32/><W110/><G110/><T109/><D109/><U95/><AGARI ba="0,0" hai="40,41,56,57,58,84,89,95" m="2090,7455" machi="95" ten="30,1100,0" yaku="8,1" doraHai="102" who="1" fromWho="1" sc="158,-3,369,11,335,-3,138,-5" owari="155,-24.5,380,48.0,332,13.2,133,-36.7" /></mjloggm>