<mjloggm ver="2.3"><GO type="169" lobby="0"/><UN n0="%E4%BE%8D" n1="%6D%79%6D%65%6C%6F%58%58" n2="%43%68%61%72%6F%2E" n3="%E6%8C%91%E6%88%A6%E8%80%85%EF%BC%81" dan="17,17,17,17" rate="2240.61,2231.67,2178.74,2188.02" sx="M,M,M,M"/><TAIKYOKU oya="0"/><INIT seed="0,0,0,3,3,126" ten="250,250,250,250" oya="0" hai0="22,120,25,93,23,32,9,91,8,36,89,132,77" hai1="102,114,83,121,78,99,59,131,67,92,71,48,122" hai2="79,19,3,112,127,90,45,105,15,56,119,2,57" hai3="123,53,58,41,20,133,107,135,28,10,24,80,116"/><T128/><D120/><U7/><E114/><V118/><F105/><W1/><G116/><T44/><D77/><U0/><E71/><V39/><F112/><W16/><G107/><T103/><D32/><U96/><E96/><V13/><F79/><W75/><G41/><T82/><D132/><U6/><E0/><V63/><F45/><W35/><G123/><T113/><D113/><U97/><E97/><V65/><F39/><W72/><G80/><T81/><D44/><U43/><E43/><V109/><F90/><W110/><G110/><T98/><D36/><U31/><E31/><V115/><F115/><W46/><G46/><T101/><D98/><U42/><E42/><V26/><F26/><W40/><G40/><T5/><D25/><U117/><E117/><V51/><F51/><W74/><G35/><T33/><D33/><U100/><E100/><V95/><F19/><W85/><G85/><T108/><D5/><U66/><E66/><V111/><F65/><W50/><REACH who="3" step="1"/><G28/><REACH who="3" ten="250,250,250,240" step="2"/><T60/><D108/><U17/><E121/><V55/><F95/><W106/><G106/><T11/><D93/><U62/><E122/><V73/><F118/><W38/><G38/><T27/><D82/><U129/><E83/><V68/><F119/><W4/><AGARI ba="0,1" hai="1,4,10,16,20,24,50,53,58,72,74,75,133,135" machi="4" ten="40,5200,0" yaku="1,1,0,1,54,1,53,0" doraHai="126" doraHaiUra="76" who="3" fromWho="3" sc="250,-26,250,-13,250,-13,240,62" /><INIT seed="1,0,0,1,1,19" ten="224,237,237,302" oya="1" hai0="61,114,68,78,13,115,34,125,9,134,99,104,102" hai1="38,67,116,7,98,101,48,71,108,58,117,130,94" hai2="5,4,56,66,121,20,35,118,28,129,135,39,51" hai3="23,131,3,90,57,33,86,81,25,92,120,15,107"/><U127/><E38/><V93/><F39/><W24/><G120/><T82/><D125/><U27/><E127/><V59/><F121/><W37/><G107/><T91/><D134/><U45/><E71/><V54/><F35/><W40/><G3/><T50/><D91/><U133/><E133/><V106/><F106/><W16/><G131/><T103/><D103/><U64/><E130/><V55/><F66/><W85/><G33/><T29/><D50/><U30/><E7/><V112/><F129/><W76/><REACH who="3" step="1"/><G57/><REACH who="3" ten="224,237,237,292" step="2"/><T123/><D123/><U43/><E108/><V89/><F135/><W8/><G8/><T47/><D115/><U100/><E100/><V83/><F112/><W31/><G31/><T73/><D114/><U6/><E6/><V12/><F28/><W32/><G32/><T113/><D29/><U77/><E77/><V119/><F119/><W124/><G124/><T84/><D34/><U88/><E116/><V44/><F118/><W70/><G70/><T79/><D113/><U65/><E117/><V110/><F110/><W74/><G74/><T111/><D111/><U60/><REACH who="1" step="1"/><E101/><REACH who="1" ten="224,227,237,292" step="2"/><V36/><F4/><W75/><G75/><T63/><D68/><U17/><E17/><V18/><F5/><W126/><G126/><T80/><D47/><AGARI ba="0,2" hai="15,16,23,24,25,37,40,47,76,81,85,86,90,92" machi="47" ten="40,8000,1" yaku="1,1,52,1,54,1,53,1" doraHai="19" doraHaiUra="11" who="3" fromWho="0" sc="224,-80,227,0,237,0,292,100" /><INIT seed="2,0,0,4,4,68" ten="144,227,237,392" oya="2" hai0="125,88,128,34,59,8,101,81,75,83,91,85,97" hai1="72,64,24,117,105,102,49,134,14,126,5,74,60" hai2="38,84,11,108,1,98,78,17,54,37,4,52,80" hai3="111,124,45,113,79,73,57,33,123,32,53,93,131"/><V71/><F71/><W15/><G123/><T18/><D34/><U86/><E117/><V21/><F108/><W51/><G111/><T135/><D128/><U9/><E126/><V10/><F10/><W130/><G124/><T89/><D125/><U26/><E134/><V63/><F98/><W58/><G113/><T69/><D69/><U90/><E105/><V42/><F42/><W110/><G110/><T35/><D35/><U41/><E102/><V115/><F115/><W31/><G58/><T133/><D59/><U121/><E121/><V66/><F66/><W55/><G31/><T94/><D18/><U29/><E72/><V95/><F95/><W40/><G55/><T114/><D8/><U119/><E74/><V30/><F30/><W22/><G93/><T39/><D39/><U116/><E116/><V28/><F28/><W104/><G104/><T7/><D7/><U120/><E120/><V3/><F3/><W25/><G15/><T99/><D114/><U44/><E119/><V36/><REACH who="2" step="1"/><F63/><REACH who="2" ten="144,227,227,392" step="2"/><W100/><G131/><T2/><D2/><U103/><E60/><V50/><F50/><W6/><G130/><T82/><D75/><U23/><E64/><V19/><F19/><W127/><G127/><T43/><D43/><U76/><E29/><V12/><AGARI ba="0,1" hai="1,4,11,12,17,21,36,37,38,52,54,78,80,84" machi="12" ten="30,18000,2" yaku="1,1,0,1,52,3,54,1,53,0" doraHai="68" doraHaiUra="92" who="2" fromWho="2" sc="144,-60,227,-60,227,190,392,-60" /><INIT seed="2,1,0,5,0,83" ten="84,167,417,332" oya="2" hai0="57,112,67,91,17,44,23,68,3,35,121,45,105" hai1="110,116,119,46,135,97,21,0,71,26,42,130,85" hai2="129,33,54,32,52,72,31,84,30,41,78,89,100" hai3="7,109,19,1,115,60,82,49,108,117,14,9,50"/><V74/><F100/><W34/><G34/><T75/><D121/><U77/><E71/><V126/><F41/><W73/><G117/><T86/><D112/><U79/><E0/><V10/><F10/><W36/><G36/><T132/><D105/><U131/><E110/><N who="3" m="42602" /><G60/><T127/><D3/><U62/><E62/><V4/><F4/><W111/><G111/><T98/><D75/><U47/><E97/><V76/><F89/><W92/><G92/><T81/><D35/><U125/><E125/><V29/><F126/><W48/><G115/><T118/><D127/><U113/><E113/><V55/><F129/><W56/><G56/><T101/><D68/><U87/><E21/><V11/><F11/><N who="3" m="2543" /><G82/><T13/><D132/><U93/><E93/><V65/><F65/><W124/><G124/><T25/><D118/><U58/><E58/><V18/><F18/><W66/><G73/><N who="2" m="28265" /><F84/><W28/><G28/><T122/><D122/><U59/><E59/><V102/><F102/><W95/><G95/><N who="0" m="58591" /><D25/><U133/><E26/><V134/><F134/><W103/><G103/><T90/><D90/><U2/><E2/><V43/><F33/><W61/><G61/><AGARI ba="1,0" hai="13,17,23,44,45,57,61,67,81,86,91" m="58591" machi="61" ten="30,2000,0" yaku="8,1,52,1" doraHai="83" who="0" fromWho="3" sc="84,23,167,0,417,0,332,-23" /><INIT seed="3,0,0,2,4,58" ten="107,167,417,309" oya="3" hai0="11,78,87,61,12,112,72,80,66,95,132,16,71" hai1="70,121,21,118,10,109,64,56,50,107,88,111,60" hai2="102,32,108,67,123,7,124,62,49,19,14,0,15" hai3="74,45,6,76,125,81,91,29,98,46,131,17,119"/><W44/><G119/><T40/><D132/><U73/><E121/><V128/><F108/><N who="1" m="41545" /><E107/><V42/><F32/><W120/><G120/><T133/><D133/><U93/><E73/><V94/><F123/><W39/><G125/><T30/><D112/><U126/><E126/><V115/><F115/><W47/><G131/><T31/><D40/><U43/><E118/><V8/><F128/><W51/><G29/><T26/><D26/><U84/><E21/><V86/><F124/><W85/><G6/><T48/><D48/><U99/><E10/><V75/><F75/><W77/><G39/><T104/><D104/><U4/><E4/><V82/><F49/><W34/><G34/><T55/><REACH who="0" step="1"/><D55/><REACH who="0" ten="97,167,417,309" step="2"/><N who="1" m="31863" /><E43/><V135/><F42/><W79/><G74/><T9/><D9/><U27/><E27/><V53/><F135/><W83/><G51/><T129/><D129/><U57/><E70/><V130/><F53/><W24/><G24/><T96/><D96/><AGARI ba="0,1" hai="57,60,64,84,88,93,96,99" m="31863,41545" machi="96" ten="30,3900,0" yaku="14,1,52,1,54,1" doraHai="58" who="1" fromWho="0" sc="97,-39,167,49,417,0,309,0" /><INIT seed="4,0,0,2,2,26" ten="58,216,417,309" oya="0" hai0="15,113,127,34,93,24,7,110,23,109,43,114,44" hai1="2,25,117,82,21,95,86,100,40,76,31,119,108" hai2="68,39,134,102,116,66,17,14,81,37,94,64,83" hai3="11,59,131,120,75,5,4,73,65,123,56,99,90"/><T22/><D44/><U133/><E108/><N who="0" m="41577" /><D43/><U107/><E2/><V62/><F116/><W36/><G36/><T106/><D93/><U60/><E133/><V54/><F134/><W33/><G33/><T18/><D106/><U130/><E130/><V122/><F122/><W52/><G131/><T3/><D34/><U87/><E40/><V77/><F64/><W121/><G65/><T126/><D3/><U48/><E48/><V61/><F61/><W6/><G11/><N who="0" m="4607" /><D23/><U51/><E51/><V128/><F128/><W45/><G45/><T103/><D103/><U104/><E60/><V29/><F54/><W58/><G52/><T13/><D13/><U50/><E50/><V88/><F102/><W38/><G38/><T129/><D129/><U1/><E1/><V89/><F39/><W85/><G99/><T32/><D32/><U47/><E47/><V135/><F135/><W78/><G78/><T9/><D9/><U41/><E41/><V19/><F37/><W96/><G96/><T84/><D84/><U42/><E42/><V101/><F77/><W115/><G115/><AGARI ba="0,0" hai="18,22,24,113,114,115,126,127" m="4607,41577" machi="115" ten="30,11600,0" yaku="15,1,10,1,34,2" doraHai="26" who="0" fromWho="3" sc="58,116,216,0,417,0,309,-116" /><INIT seed="4,1,0,2,4,26" ten="174,216,417,193" oya="0" hai0="79,30,80,94,46,58,116,35,20,24,42,4,81" hai1="88,7,101,73,14,97,131,44,32,132,64,45,47" hai2="5,87,105,83,112,28,130,49,121,98,96,43,92" hai3="54,90,2,103,91,123,100,65,10,113,85,13,3"/><T127/><D127/><U22/><E73/><V76/><F121/><W27/><G123/><T52/><D116/><U1/><E32/><V31/><F5/><W110/><G110/><T17/><D4/><U122/><E122/><V117/><F117/><W40/><G113/><T53/><D94/><N who="1" m="56519" /><E1/><V11/><F112/><W124/><G124/><T66/><D66/><U56/><E131/><V12/><F130/><W60/><G40/><T57/><D57/><U134/><E101/><V89/><F105/><W8/><G54/><T48/><D79/><U69/><E69/><V61/><F61/><W21/><G2/><T128/><D128/><U74/><E74/><V67/><F67/><W77/><G3/><T71/><D71/><U120/><E120/><V84/><F98/><W115/><G77/><T41/><D53/><U70/><E70/><V39/><F39/><W86/><G115/><T37/><REACH who="0" step="1"/><D41/><REACH who="0" ten="164,216,417,193" step="2"/><U129/><E56/><V25/><F43/><W29/><G65/><T111/><D111/><U50/><E129/><V59/><F59/><W72/><G72/><T118/><D118/><U68/><E68/><V109/><F109/><W102/><G60/><T9/><D9/><N who="1" m="4415" /><E64/><V135/><F92/><N who="3" m="54351" /><G8/><T18/><D18/><U33/><E50/><V104/><F49/><W0/><G0/><T95/><D95/><U63/><E63/><V119/><F11/><W125/><G125/><T108/><D108/><U93/><E93/><V36/><F119/><W82/><G10/><T107/><D107/><U19/><E19/><V78/><F104/><W51/><G51/><T62/><D62/><RYUUKYOKU ba="1,1" sc="164,15,216,-15,417,-15,193,15" hai0="17,20,24,30,35,37,42,46,48,52,58,80,81" hai3="13,21,27,29,82,86,91,100,102,103" /><INIT seed="4,2,1,0,4,121" ten="179,201,402,208" oya="0" hai0="113,49,20,47,14,89,96,132,30,131,41,99,115" hai1="84,12,63,8,11,78,57,59,87,118,74,43,110" hai2="13,83,91,75,108,22,51,126,101,9,130,129,3" hai3="34,25,128,16,114,119,68,106,52,109,111,124,102"/><T55/><D131/><N who="2" m="50186" /><F126/><W48/><G128/><T54/><D132/><U120/><E120/><V44/><F101/><W93/><G119/><T62/><D89/><U133/><E8/><V117/><F117/><W61/><G93/><T31/><D14/><U116/><E84/><N who="2" m="50591" /><F75/><W40/><G40/><T97/><D20/><U81/><E57/><V0/><F22/><W36/><G36/><T104/><D104/><U33/><E43/><N who="2" m="24991" /><F108/><W26/><G124/><T24/><D62/><U45/><E45/><V72/><F72/><W69/><G114/><N who="0" m="43531" /><D24/><U7/><E110/><V73/><F73/><W23/><G69/><T76/><D76/><U60/><E60/><V94/><F94/><W80/><G80/><T32/><D32/><U17/><E33/><V98/><F98/><N who="0" m="25090" /><T95/><DORA hai="85" /><D95/><U86/><E133/><V42/><F42/><W112/><G112/><T58/><D41/><U135/><E135/><V39/><F39/><W82/><G82/><T134/><D134/><U70/><E70/><V123/><F123/><W79/><G79/><T27/><D27/><U38/><E38/><V4/><AGARI ba="2,1" hai="0,3,4,9,13" m="24991,50591,50186" machi="4" ten="30,2000,0" yaku="19,1,52,1" doraHai="121,85" who="2" fromWho="2" sc="179,-12,201,-7,402,36,208,-7" /><INIT seed="5,0,0,5,0,45" ten="167,194,438,201" oya="1" hai0="44,17,29,19,13,74,35,111,46,92,99,68,84" hai1="58,8,90,127,52,57,51,119,60,109,72,43,134" hai2="110,102,116,133,70,115,94,20,56,129,14,53,132" hai3="130,12,81,96,65,69,47,62,38,64,25,75,104"/><U112/><E119/><V50/><F110/><W78/><G130/><T106/><D111/><U36/><E109/><V135/><F70/><W103/><G64/><T32/><D74/><U10/><E72/><V87/><F129/><W27/><G12/><T18/><D68/><U108/><E108/><V76/><F115/><W15/><G15/><T123/><D123/><U40/><E112/><V42/><F42/><N who="1" m="15913" /><E36/><V98/><F116/><W67/><G67/><T55/><D106/><U4/><E127/><V7/><F20/><W105/><G105/><T128/><D128/><U126/><E126/><V93/><F76/><W121/><G121/><T100/><D84/><U11/><E134/><V31/><F31/><W86/><G38/><T49/><D46/><U91/><E4/><V0/><F0/><W30/><G47/><T97/><D97/><U77/><E77/><V114/><F114/><W28/><G28/><T122/><D122/><U120/><E120/><V80/><F80/><W39/><G39/><T33/><REACH who="0" step="1"/><D29/><REACH who="0" ten="157,194,438,201" step="2"/><U3/><E3/><V117/><F117/><W26/><REACH who="3" step="1"/><G75/><REACH who="3" ten="157,194,438,191" step="2"/><T34/><N who="0" m="8192" /><DORA hai="85" /><T83/><D83/><U89/><E58/><V79/><F135/><W23/><AGARI ba="0,2" hai="23,25,26,27,30,62,65,69,78,81,86,96,103,104" machi="23" ten="20,2700,0" yaku="1,1,0,1,7,1,53,0" doraHai="45,85" doraHaiUra="124,113" who="3" fromWho="3" sc="157,-7,194,-13,438,-7,191,47" /><INIT seed="6,0,0,2,3,21" ten="150,181,431,238" oya="2" hai0="56,49,53,11,115,69,77,82,67,13,48,93,22" hai1="87,109,79,52,65,104,26,62,20,47,114,18,36" hai2="81,92,9,118,126,43,127,134,63,66,85,71,59" hai3="61,94,98,17,116,78,88,101,100,84,37,97,123"/><V121/><F121/><W0/><G116/><T90/><D115/><U46/><E109/><V96/><F118/><W50/><G123/><T117/><D117/><U89/><E104/><V108/><F134/><W60/><G37/><T6/><D69/><U131/><E131/><V95/><F43/><W124/><G0/><T34/><D34/><U91/><E114/><V107/><F108/><W129/><G129/><T120/><D120/><U135/><E36/><V128/><F128/><W111/><G111/><T38/><D38/><U64/><E135/><V51/><F9/><W72/><G124/><T105/><D105/><U110/><E110/><V29/><F29/><W132/><G132/><T40/><D67/><N who="1" m="25675" /><E79/><V23/><F23/><W54/><G17/><T41/><D48/><U25/><E25/><V102/><F51/><W32/><G32/><T27/><D82/><N who="1" m="49399" /><E91/><V80/><F80/><W76/><G72/><T39/><D77/><N who="3" m="29801" /><G101/><T125/><D125/><N who="2" m="47626" /><F71/><W133/><G133/><T19/><REACH who="0" step="1"/><D39/><REACH who="0" ten="140,181,431,238" step="2"/><U70/><E70/><V44/><F107/><W4/><G50/><T10/><D10/><U86/><E86/><AGARI ba="0,1" hai="6,11,13,19,22,27,40,41,49,53,56,86,90,93" machi="86" ten="30,7700,0" yaku="1,1,7,1,8,1,52,1,53,0" doraHai="21" doraHaiUra="112" who="0" fromWho="1" sc="140,87,181,-77,431,0,238,0" /><INIT seed="7,0,0,0,4,26" ten="227,104,431,238" oya="3" hai0="127,81,22,87,11,45,116,48,131,90,122,107,100" hai1="94,86,95,36,92,39,105,74,88,17,130,89,59" hai2="58,13,108,129,55,31,9,47,42,1,96,32,123" hai3="5,19,50,121,119,73,38,15,61,64,43,102,4"/><W2/><G119/><T101/><D116/><U115/><E115/><V49/><F1/><W3/><G121/><T132/><D122/><U44/><E74/><V10/><F108/><W91/><G73/><T114/><D131/><U41/><E130/><V60/><F129/><W68/><G102/><T104/><D127/><U21/><E105/><V16/><F123/><W118/><G118/><T99/><D132/><U27/><E94/><V85/><F96/><W106/><G106/><T83/><D114/><U62/><E44/><V18/><F32/><W7/><G91/><T53/><D22/><U120/><E41/><V70/><F31/><W6/><G38/><T77/><D11/><U67/><E120/><V125/><F125/><W57/><N who="3" m="1024" /><DORA hai="24" /><W75/><G75/><T103/><D107/><U63/><E63/><V80/><F70/><W71/><G71/><T112/><D112/><U46/><E46/><V66/><F18/><W51/><G43/><T98/><D104/><U25/><E25/><V23/><F42/><W110/><G110/><T0/><D0/><U135/><E135/><V97/><F97/><W124/><G124/><T33/><D33/><U128/><E128/><V79/><AGARI ba="0,0" hai="9,10,13,16,23,47,49,55,58,60,66,79,80,85" machi="79" ten="20,5200,0" yaku="0,1,7,1,8,1,54,1" doraHai="26,24" who="2" fromWho="2" sc="227,-13,104,-13,431,52,238,-26" owari="214,1.4,91,-40.9,483,58.3,212,-18.8" /></mjloggm>