<mjloggm ver="2.3"><GO type="169" lobby="0"/><UN n0="%E6%95%97%E5%8C%97%E8%80%85%E3%81%AD%E3%82%8B" n1="%E3%82%BF%E3%83%9E%E3%83%8D%E3%82%AE" n2="%6C%6E%61%69" n3="%6E%61%67%61%69%6D%6F" dan="17,18,16,16" rate="2187.07,2273.73,2054.17,2114.22" sx="F,M,M,M"/><TAIKYOKU oya="0"/><INIT seed="0,0,0,1,5,9" ten="250,250,250,250" oya="0" hai0="86,98,22,31,1,26,27,44,12,120,7,63,117" hai1="6,40,49,128,3,102,60,109,81,52,65,48,97" hai2="135,108,85,104,17,39,77,14,115,16,84,95,32" hai3="46,66,87,100,79,15,24,112,133,54,20,55,72"/><T45/><D117/><U35/><E35/><V110/><F115/><W51/><G72/><T43/><D120/><U76/><E109/><N who="2" m="42091" /><F104/><W127/><G112/><T123/><D123/><U70/><E128/><V130/><F39/><W58/><G133/><T50/><D1/><U56/><E3/><V8/><F32/><W30/><G127/><T93/><D86/><U124/><E6/><N who="2" m="3351" /><F135/><W114/><G114/><T37/><D63/><U11/><E11/><V5/><F5/><W92/><G66/><T78/><D78/><U125/><E49/><V129/><F95/><W118/><G118/><T101/><D26/><U57/><E40/><V82/><F85/><W29/><G29/><T34/><D7/><U10/><E10/><V96/><F96/><W33/><G33/><T126/><D126/><U73/><REACH who="1" step="1"/><E70/><REACH who="1" ten="250,240,250,250" step="2"/><V47/><F47/><W0/><G0/><T116/><D116/><U111/><E111/><V131/><AGARI ba="0,1" hai="16,17,77,82,84,129,130,131" m="3351,42091" machi="131" ten="40,8000,1" yaku="19,1,14,1,52,1,54,1" doraHai="9" who="2" fromWho="2" sc="250,-40,240,-20,250,90,250,-20" /><INIT seed="1,0,0,5,0,59" ten="210,220,340,230" oya="1" hai0="48,84,34,88,125,27,7,28,74,44,98,65,6" hai1="94,66,67,92,115,4,15,93,102,64,112,63,40" hai2="134,107,2,70,95,57,43,79,9,32,104,133,39" hai3="38,91,119,20,10,18,99,3,36,69,86,82,76"/><U53/><E40/><V75/><F70/><W37/><G119/><T122/><D125/><U120/><E120/><V49/><F32/><W128/><G128/><T45/><D74/><U71/><E102/><V42/><F42/><W118/><G118/><T72/><D72/><U52/><E71/><V81/><F95/><W109/><G109/><T105/><D122/><U13/><E4/><N who="2" m="1175" /><F49/><W83/><G3/><T135/><D135/><N who="2" m="51722" /><F57/><W1/><G1/><T29/><D29/><U103/><E103/><V61/><F61/><W85/><G10/><T33/><D33/><U77/><E77/><V62/><F62/><W54/><G99/><T58/><D98/><U116/><E116/><V108/><F108/><W35/><G35/><T90/><D105/><U130/><E130/><V5/><F5/><W31/><G69/><T78/><D44/><AGARI ba="0,0" hai="39,43,44,75,79,81,104,107" m="51722,1175" machi="44" ten="30,3900,0" yaku="25,1,20,1,23,1" doraHai="59" who="2" fromWho="0" sc="210,-39,220,0,340,39,230,0" /><INIT seed="2,0,0,3,4,41" ten="171,220,379,230" oya="2" hai0="89,123,67,100,52,32,129,84,64,61,125,131,109" hai1="2,78,53,5,50,96,13,93,7,1,19,44,63" hai2="110,114,0,130,133,10,49,97,6,42,132,74,91" hai3="106,37,104,112,120,118,39,38,3,111,128,60,20"/><V25/><F114/><W70/><G20/><T115/><D32/><U108/><E108/><V87/><F74/><W22/><G22/><T76/><D123/><U77/><E1/><V34/><F130/><N who="0" m="49674" /><D115/><U73/><E63/><V99/><F110/><W75/><G60/><T57/><D109/><U18/><E18/><V66/><F66/><W51/><G51/><T88/><D100/><U12/><E2/><V82/><F25/><W28/><G28/><T24/><D125/><U94/><E94/><V102/><F34/><W135/><G39/><T17/><D76/><N who="1" m="29291" /><E73/><V119/><F119/><W72/><G38/><T101/><D101/><N who="1" m="60559" /><E13/><V124/><F124/><W81/><G81/><N who="0" m="49167" /><D89/><U107/><E107/><V117/><F117/><W14/><G106/><T26/><D17/><U127/><E127/><V134/><F102/><W86/><G86/><T98/><D98/><U85/><E85/><V65/><F65/><AGARI ba="0,0" hai="24,26,52,57,61,64,65,67" m="49167,49674" machi="65" ten="30,3900,0" yaku="19,1,54,2" doraHai="41" who="0" fromWho="2" sc="171,39,220,0,379,-39,230,0" /><INIT seed="3,0,0,5,3,23" ten="210,220,340,230" oya="3" hai0="12,130,98,37,81,78,79,10,74,31,121,125,89" hai1="90,16,62,119,48,51,9,11,27,127,59,95,124" hai2="118,86,113,53,126,58,88,60,115,75,8,55,30" hai3="6,72,134,47,5,68,131,56,7,97,57,65,93"/><W49/><G72/><T36/><D121/><U2/><E119/><V80/><F118/><W1/><G1/><T35/><D130/><U20/><E2/><V45/><F126/><N who="1" m="48169" /><E9/><V50/><F75/><W122/><G122/><T109/><D79/><U84/><E11/><V15/><REACH who="2" step="1"/><F30/><REACH who="2" ten="210,220,330,230" step="2"/><W94/><G131/><T64/><D31/><U40/><E40/><V83/><F83/><W18/><G134/><T112/><D81/><U132/><E132/><V91/><F91/><W87/><G68/><T33/><D89/><U28/><E28/><V102/><F102/><W0/><G0/><T3/><D3/><U100/><E100/><V26/><F26/><W129/><G129/><T69/><D125/><U107/><E107/><V63/><F63/><W135/><G135/><T29/><D29/><U111/><E111/><V14/><F14/><W128/><G128/><T25/><D12/><U19/><E19/><AGARI ba="0,1" hai="8,15,19,45,50,53,55,58,60,80,86,88,113,115" machi="19" ten="30,8000,1" yaku="1,1,7,1,25,2,54,1,53,0" doraHai="23" doraHaiUra="123" who="2" fromWho="1" sc="210,0,220,-80,330,90,230,0" /><INIT seed="4,0,0,0,2,36" ten="210,140,420,230" oya="0" hai0="73,51,40,119,103,46,110,104,89,9,133,118,85" hai1="72,92,4,59,105,134,100,70,75,56,62,127,129" hai2="84,76,27,49,90,0,8,60,41,113,67,3,17" hai3="91,37,25,1,94,39,95,19,96,20,16,34,114"/><T71/><D71/><U112/><E105/><V5/><F113/><W69/><G114/><T30/><D73/><U42/><E112/><V132/><F132/><W115/><G115/><T128/><D133/><U68/><E134/><V26/><F76/><W48/><G69/><T98/><D128/><U124/><E129/><V108/><F3/><W58/><G1/><T99/><D110/><U24/><E4/><V15/><F108/><W63/><G34/><T102/><D30/><U61/><E24/><V80/><F49/><W31/><G37/><T38/><D9/><U126/><E126/><V101/><F101/><W22/><G39/><T64/><D64/><U77/><E100/><V21/><F41/><W50/><G95/><T29/><D29/><U120/><E92/><V131/><F131/><W6/><G6/><T11/><D11/><U107/><E77/><V109/><F109/><W32/><G31/><T45/><D85/><U44/><E44/><V86/><F86/><W79/><G79/><T83/><D89/><U18/><E18/><V87/><F84/><W82/><G82/><T123/><D83/><U74/><E74/><V65/><F65/><W7/><G7/><T117/><D123/><U122/><REACH who="1" step="1"/><E107/><REACH who="1" ten="210,130,420,230" step="2"/><V106/><F106/><W111/><G111/><T55/><D117/><U121/><E121/><V47/><F47/><W52/><G32/><T2/><D2/><U13/><E13/><AGARI ba="0,1" hai="13,16,19,20,22,25,48,50,52,58,63,91,94,96" machi="13" ten="30,12000,2" yaku="7,1,25,2,8,1,54,2" doraHai="36" who="3" fromWho="1" sc="210,0,130,-120,420,0,230,130" /><INIT seed="5,0,0,5,4,5" ten="210,10,420,360" oya="1" hai0="17,38,4,111,102,56,71,44,97,88,75,129,103" hai1="32,91,117,65,92,101,105,72,94,78,49,124,26" hai2="10,125,109,104,76,23,3,67,119,135,21,36,57" hai3="113,74,14,55,50,27,11,13,35,29,100,61,107"/><U134/><E117/><V93/><F119/><W59/><G74/><T18/><D75/><U77/><E124/><V132/><F104/><W30/><G113/><T51/><D71/><U46/><E134/><V121/><F121/><W48/><G30/><T68/><D68/><U42/><E105/><V85/><F109/><W73/><G73/><T106/><D111/><U79/><E72/><V53/><F36/><W16/><REACH who="3" step="1"/><G14/><REACH who="3" ten="210,10,420,350" step="2"/><T95/><D129/><U89/><E32/><V20/><F125/><W2/><G2/><T114/><D114/><U83/><E101/><V8/><F3/><W82/><G82/><T6/><D102/><U37/><E83/><V70/><F70/><W131/><G131/><T45/><D103/><U69/><E37/><V34/><F34/><W99/><AGARI ba="0,1" hai="11,13,16,27,29,35,48,50,55,59,61,99,100,107" machi="99" ten="30,7900,0" yaku="1,1,0,1,52,1,54,1,53,0" doraHai="5" doraHaiUra="1" who="3" fromWho="3" sc="210,-20,10,-39,420,-20,350,89" owari="190,-21.0,-29,-52.9,400,20.0,439,53.9" /></mjloggm>