<mjloggm ver="2.3"><GO type="169" lobby="0"/><UN n0="%E6%8C%91%E6%88%A6%E8%80%85%EF%BC%81" n1="%E6%B7%B3%E5%AD%90%E3%81%A7%E3%81%99" n2="%E3%80%8E%E3%83%A8%E3%82%B9%E3%82%AC%E3%83%8E%E3%82%BD%E3%83%A9%E3%80%8F" n3="%74%73%75%6B%69%31" dan="17,17,17,16" rate="2188.29,2166.07,2174.60,2190.56" sx="M,M,M,M"/><TAIKYOKU oya="0"/><INIT seed="0,0,0,0,3,82" ten="250,250,250,250" oya="0" hai0="101,129,54,90,51,28,114,96,60,78,85,125,91" hai1="128,13,11,79,47,103,29,3,104,63,111,94,24" hai2="32,69,2,119,93,49,124,50,70,73,5,130,83" hai3="30,80,131,56,44,23,121,33,89,19,37,110,16"/><T113/><D28/><U86/><E111/><V126/><F32/><W87/><G110/><T134/><D134/><U102/><E3/><V77/><F130/><W97/><G131/><T10/><D129/><U34/><E104/><V75/><F119/><W48/><G121/><T92/><D125/><N who="2" m="48234" /><F75/><W42/><G33/><T12/><D60/><U39/><E128/><V57/><F93/><W98/><G37/><T53/><D53/><U41/><E63/><V122/><F122/><W26/><G56/><T58/><D78/><U38/><E38/><V108/><F108/><W17/><AGARI ba="0,0" hai="16,17,19,23,26,30,42,44,48,80,87,89,97,98" machi="17" ten="30,7900,0" yaku="0,1,8,1,52,1,54,1" doraHai="82" who="3" fromWho="3" sc="250,-39,250,-20,250,-20,250,79" /><INIT seed="1,0,0,1,5,105" ten="211,230,230,329" oya="1" hai0="15,64,34,19,6,94,14,0,79,41,73,5,96" hai1="131,20,24,82,16,1,60,45,116,95,71,115,27" hai2="124,50,110,10,17,108,101,123,13,66,88,132,63" hai3="18,106,90,36,54,78,103,134,37,32,68,57,93"/><U47/><E116/><V109/><F123/><W92/><G68/><T89/><D34/><U97/><E115/><V104/><F132/><W29/><G29/><T70/><D0/><U129/><E1/><V38/><F38/><W3/><G3/><T21/><D41/><U87/><E27/><V118/><F118/><W86/><G32/><T28/><D28/><U53/><E71/><V7/><F124/><W120/><G120/><T39/><D39/><U85/><E85/><V23/><F50/><W69/><G69/><T122/><D122/><U42/><E42/><V98/><F88/><W130/><G130/><N who="1" m="49674" /><E53/><V33/><F33/><W121/><G134/><T31/><D31/><U4/><E4/><V80/><F80/><W43/><G43/><T133/><D133/><U49/><E49/><V26/><F63/><W126/><G126/><T48/><D48/><U8/><E8/><V113/><REACH who="2" step="1"/><F66/><REACH who="2" ten="211,230,220,329" step="2"/><W52/><G121/><T84/><D64/><U119/><E60/><V62/><F62/><W51/><G37/><T91/><D70/><U46/><E119/><V65/><F65/><W55/><G36/><T58/><D58/><U83/><E87/><V77/><F77/><W74/><G57/><T12/><D79/><U72/><E72/><V44/><F44/><W56/><G74/><T11/><D73/><U2/><E2/><V128/><F128/><W9/><G78/><T112/><D112/><AGARI ba="0,1" hai="7,10,13,17,23,26,98,101,104,108,109,110,112,113" machi="112" ten="50,3200,0" yaku="1,1,14,1,53,0" doraHai="105" doraHaiUra="76" who="2" fromWho="0" sc="211,-32,230,0,220,42,329,0" /><INIT seed="2,0,0,4,3,106" ten="179,230,262,329" oya="2" hai0="44,110,55,60,22,98,52,10,9,89,130,116,11" hai1="64,125,5,66,30,90,123,102,67,34,48,112,91" hai2="82,124,8,39,118,0,72,15,111,122,24,104,33" hai3="85,103,96,128,40,80,17,46,31,114,81,42,43"/><V26/><RYUUKYOKU type="yao9" ba="0,0" sc="179,0,230,0,262,0,329,0" hai2="0,8,15,24,26,33,39,72,82,104,111,118,122,124" /><INIT seed="2,1,0,2,4,113" ten="179,230,262,329" oya="2" hai0="17,65,89,76,94,75,106,45,130,129,96,74,13" hai1="2,85,60,119,0,93,125,37,4,72,118,104,57" hai2="103,44,12,52,1,83,16,88,36,14,25,5,128" hai3="99,29,90,3,134,100,54,49,115,46,133,59,79"/><V71/><F71/><W70/><G70/><T63/><D106/><U108/><E72/><V53/><F128/><N who="0" m="49258" /><D45/><U135/><E104/><V111/><F111/><W35/><G3/><T47/><D47/><U131/><E37/><V112/><F112/><W67/><G115/><T34/><D76/><U19/><E108/><V117/><F117/><W84/><G79/><T69/><D34/><U127/><E135/><V48/><F36/><W43/><G67/><T20/><AGARI ba="1,0" hai="13,17,20,63,65,69,74,75,89,94,96" m="49258" machi="20" ten="30,1100,0" yaku="19,1" doraHai="113" who="0" fromWho="0" sc="179,14,230,-4,262,-6,329,-4" /><INIT seed="3,0,0,3,3,127" ten="193,226,256,325" oya="3" hai0="20,125,103,128,135,87,8,4,90,133,14,2,25" hai1="49,85,72,47,66,121,11,89,33,76,122,3,118" hai2="65,34,123,80,93,101,73,12,94,37,120,42,27" hai3="102,92,53,111,67,70,40,36,130,41,26,18,112"/><W108/><G112/><T44/><D103/><U113/><E33/><V43/><F65/><W105/><G105/><T39/><D39/><U91/><E113/><V114/><F114/><W16/><G70/><T15/><D44/><U82/><E118/><V77/><F12/><W48/><G67/><T119/><D119/><U100/><E100/><V69/><F69/><W50/><G36/><T97/><D97/><U38/><E66/><V81/><F101/><W28/><G102/><T32/><D32/><U55/><E38/><V124/><F124/><W23/><G92/><T10/><D125/><U64/><E64/><V51/><F37/><W74/><G74/><T126/><D126/><U107/><E89/><V99/><F80/><W17/><G130/><T131/><D87/><U58/><E58/><V13/><F13/><N who="0" m="4618" /><D90/><U46/><E46/><V132/><F99/><W0/><G0/><T63/><D63/><U31/><E31/><V104/><F104/><W30/><G30/><N who="0" m="17703" /><D8/><U29/><E107/><V75/><F75/><W45/><REACH who="3" step="1"/><G50/><REACH who="3" ten="193,226,256,315" step="2"/><T5/><D5/><U19/><E29/><N who="2" m="19775" /><F51/><W68/><G68/><T117/><D117/><U62/><E72/><V54/><F73/><W95/><G95/><T1/><D1/><U21/><E3/><V134/><F93/><W84/><G84/><T56/><D56/><U57/><E85/><V96/><F94/><W88/><G88/><T98/><D98/><U86/><E91/><V9/><F96/><W106/><G106/><T22/><D22/><U6/><E6/><V59/><F81/><W71/><G71/><T83/><D83/><RYUUKYOKU ba="0,1" sc="193,15,226,-15,256,-15,315,15" hai0="2,4,10,128,131,133,135" hai3="16,17,18,23,26,28,40,41,45,48,53,108,111" /><INIT seed="3,1,1,4,5,78" ten="208,211,241,330" oya="3" hai0="38,24,76,6,127,73,95,63,128,125,20,42,34" hai1="65,30,105,56,4,83,107,60,35,15,91,113,9" hai2="39,29,33,117,13,26,12,19,124,101,82,85,87" hai3="123,111,122,89,22,104,2,103,17,57,21,41,36"/><W31/><G2/><T114/><D34/><U94/><E113/><V14/><F117/><W7/><G7/><T18/><D114/><U70/><E70/><V1/><F39/><W130/><BYE who="2" /><BYE who="1" /><G130/><UN n2="%E3%80%8E%E3%83%A8%E3%82%B9%E3%82%AC%E3%83%8E%E3%82%BD%E3%83%A9%E3%80%8F" /><T120/><D120/><U0/><E0/><V52/><F124/><W112/><G112/><T71/><D128/><UN n1="%E6%B7%B3%E5%AD%90%E3%81%A7%E3%81%99" /><U129/><E129/><V88/><F1/><W106/><G36/><T75/><D6/><U86/><E30/><V80/><F101/><W92/><G41/><T110/><D110/><U47/><E35/><V40/><F40/><W44/><G44/><T61/><D95/><U45/><REACH who="1" step="1"/><E94/><REACH who="1" ten="208,201,241,330" step="2"/><V51/><F19/><W53/><G123/><T8/><D71/><U11/><E11/><V55/><REACH who="2" step="1"/><F51/><REACH who="2" ten="208,201,231,330" step="2"/><W81/><G122/><T93/><D38/><U3/><E3/><V50/><F50/><W46/><G17/><T98/><D18/><U131/><E131/><V49/><F49/><W100/><G31/><T64/><D127/><U54/><E54/><V135/><F135/><W37/><G53/><T96/><D125/><U16/><E16/><V69/><F69/><W133/><G37/><T23/><D42/><U79/><E79/><AGARI ba="1,3" hai="12,13,14,26,29,33,52,55,79,80,82,85,87,88" machi="79" ten="40,12000,2" yaku="1,1,52,2,54,2,53,2" doraHai="78" doraHaiUra="48" who="2" fromWho="1" sc="208,0,201,-123,231,153,330,0" /><INIT seed="4,0,0,5,5,127" ten="208,78,384,330" oya="0" hai0="57,33,123,65,46,41,51,3,43,58,37,101,42" hai1="19,97,29,39,44,5,120,49,81,60,31,89,118" hai2="94,114,14,9,30,88,98,106,48,45,4,87,124" hai3="18,85,10,26,40,15,68,111,64,112,90,52,70"/><T76/><D123/><U67/><E118/><V59/><F124/><W93/><G111/><T102/><D33/><U119/><E120/><V126/><F126/><W25/><G40/><T104/><D3/><U8/><E39/><V121/><F121/><W56/><G112/><T69/><D76/><U132/><E119/><V2/><F114/><W103/><G103/><T84/><D84/><U72/><E19/><V55/><F30/><W13/><G64/><T86/><D86/><U96/><E96/><V62/><F2/><W54/><G54/><N who="0" m="30071" /><D101/><U107/><E132/><V78/><F106/><W74/><G74/><T11/><D11/><U135/><E135/><V109/><F109/><W91/><G91/><T80/><D80/><U125/><E125/><V7/><F4/><W32/><G13/><T17/><D17/><U71/><E107/><V115/><F115/><W116/><G116/><T24/><D24/><U108/><E108/><V53/><F78/><W38/><G38/><T131/><D102/><U34/><E34/><V117/><F117/><W113/><G113/><T36/><D104/><U92/><E81/><V73/><F73/><W122/><G122/><T21/><D21/><U50/><E50/><V75/><F75/><W1/><G1/><T82/><D82/><U0/><REACH who="1" step="1"/><E72/><REACH who="1" ten="208,68,384,330" step="2"/><V16/><F98/><W128/><G32/><T47/><D36/><U23/><E23/><V12/><F16/><W35/><G35/><T27/><D37/><U63/><E63/><V95/><F95/><W134/><G18/><T79/><D27/><U28/><E28/><V83/><F83/><RYUUKYOKU ba="0,1" sc="208,-15,68,15,384,15,330,-15" hai1="0,5,8,29,31,44,49,60,67,71,89,92,97" hai2="7,9,12,14,45,48,53,55,59,62,87,88,94" /><INIT seed="5,1,1,0,5,133" ten="193,83,399,315" oya="1" hai0="28,62,20,50,27,104,67,0,80,11,43,63,116" hai1="54,59,134,78,84,90,106,83,73,4,51,88,58" hai2="45,71,128,46,112,126,70,10,55,129,61,17,81" hai3="13,40,127,92,47,109,24,110,121,111,75,107,91"/><U98/><E134/><V74/><F112/><W77/><G121/><T94/><D104/><U33/><E33/><V113/><F113/><W64/><G107/><T130/><D116/><U135/><E135/><V29/><F29/><W7/><G64/><T115/><D115/><U56/><E90/><V26/><F126/><W22/><G77/><T118/><D118/><U89/><E4/><V100/><F100/><W131/><G75/><T19/><D130/><U30/><E30/><V53/><F74/><W42/><G131/><N who="2" m="50249" /><F81/><W2/><G2/><T69/><D63/><U35/><E35/><V25/><F10/><W101/><G101/><T123/><D123/><U48/><E48/><N who="2" m="28815" /><F17/><W124/><G7/><T65/><D65/><U105/><E105/><V49/><F61/><W16/><G24/><AGARI ba="1,1" hai="24,25,26,46,49,55,70,71" m="28815,50249" machi="24" ten="30,1000,0" yaku="19,1" doraHai="133" who="2" fromWho="3" sc="193,0,83,0,399,23,315,-13" /><INIT seed="6,0,0,3,2,122" ten="193,83,422,302" oya="2" hai0="49,3,16,71,34,57,114,64,67,118,97,60,27" hai1="99,66,108,41,72,48,109,121,81,70,130,69,65" hai2="38,39,19,102,89,113,104,46,23,44,55,32,73" hai3="101,79,12,129,20,83,131,11,75,106,119,134,105"/><V135/><F32/><W5/><G119/><T21/><D118/><U61/><E99/><V76/><F113/><W7/><G7/><T37/><D114/><U94/><E94/><V95/><F135/><W85/><G134/><T28/><D37/><U62/><E121/><V115/><F115/><W52/><G75/><T29/><D3/><U111/><E81/><V128/><F128/><W35/><G35/><T80/><D34/><U133/><E72/><V30/><F30/><W10/><G10/><T91/><D67/><U56/><E130/><N who="3" m="49674" /><G101/><T22/><D71/><U117/><E133/><V45/><F102/><W36/><G36/><T8/><D49/><U68/><E117/><V24/><F104/><W92/><G92/><T53/><D64/><U0/><E0/><V124/><F124/><W132/><G132/><T51/><D51/><U86/><E86/><V93/><F93/><W107/><G20/><T58/><D58/><U87/><E87/><V127/><F127/><W123/><G123/><T112/><D112/><U42/><E48/><V116/><F116/><W125/><G125/><T47/><D47/><U9/><E9/><V74/><F38/><W14/><G14/><T98/><D8/><U6/><E6/><V1/><F1/><W40/><G40/><AGARI ba="0,0" hai="40,41,42,56,61,62,65,66,68,69,70,108,109,111" machi="40" ten="40,12000,2" yaku="34,3,52,3" doraHai="122" who="1" fromWho="3" sc="193,0,83,120,422,0,302,-120" /><INIT seed="7,0,0,3,3,64" ten="193,203,422,182" oya="3" hai0="17,135,10,39,109,6,51,69,85,31,34,115,130" hai1="47,22,63,29,91,75,97,98,87,49,133,81,33" hai2="3,79,117,76,106,56,62,12,83,116,52,55,67" hai3="70,101,94,126,127,48,110,16,124,92,73,108,7"/><W42/><G73/><T2/><D39/><U35/><E75/><V113/><F106/><W14/><G7/><T77/><D109/><N who="3" m="42089" /><G101/><T71/><D130/><U58/><E33/><V1/><F113/><W95/><G70/><T84/><D115/><U65/><E35/><V123/><F123/><W72/><G72/><T66/><D135/><U59/><E59/><V50/><F117/><W20/><G48/><T114/><D114/><U30/><E133/><V15/><F116/><W18/><G18/><T119/><D119/><U28/><E22/><V11/><F1/><W105/><G42/><AGARI ba="0,0" hai="28,29,30,42,47,49,58,63,65,81,87,91,97,98" machi="42" ten="40,1300,0" yaku="8,1" doraHai="64" who="1" fromWho="3" sc="193,0,203,13,422,0,182,-13" owari="193,-20.7,216,1.6,422,52.2,169,-33.1" /></mjloggm>