<mjloggm ver="2.3"><GO type="169" lobby="0"/><UN n0="%E3%81%8C%E3%81%9F" n1="%E3%81%A1%E3%81%AA%E3%81%A4" n2="%E3%82%88%E3%81%B4" n3="%2E%67%61%74%79" dan="17,17,17,17" rate="2179.74,2171.82,2141.19,2149.98" sx="F,M,M,M"/><TAIKYOKU oya="0"/><INIT seed="0,0,0,0,4,88" ten="250,250,250,250" oya="0" hai0="79,95,31,129,28,96,100,7,66,85,124,125,52" hai1="53,3,92,39,74,29,123,14,56,106,65,109,90" hai2="93,103,75,50,16,81,91,62,55,11,18,63,4" hai3="126,97,34,71,119,130,105,77,35,76,57,6,83"/><T22/><D66/><U94/><E3/><V5/><F103/><W48/><G119/><T61/><D129/><U41/><E106/><V87/><F75/><W46/><G71/><T1/><D1/><U58/><E123/><V107/><F107/><W131/><G6/><N who="2" m="2665" /><F81/><W121/><G121/><T102/><D7/><U133/><E74/><V86/><F86/><W17/><G57/><N who="0" m="34983" /><D100/><U42/><E39/><V70/><F70/><W60/><G60/><N who="2" m="23081" /><F11/><W12/><G97/><T19/><D125/><U112/><E65/><V64/><F64/><W73/><G76/><T47/><D47/><AGARI ba="0,0" hai="16,18,47,50,55,87,91,93" m="23081,2665" machi="47" ten="30,3900,0" yaku="8,1,52,1,54,1" doraHai="88" who="2" fromWho="0" sc="250,-39,250,0,250,39,250,0" /><INIT seed="1,0,0,3,5,85" ten="211,250,289,250" oya="1" hai0="49,0,124,94,107,108,121,100,75,47,82,76,52" hai1="7,46,34,132,73,35,71,42,68,8,39,127,43" hai2="3,102,97,38,32,90,57,80,88,134,53,96,16" hai3="11,66,110,119,14,105,101,79,6,120,61,5,41"/><U83/><E43/><V130/><F38/><W26/><G120/><T129/><D0/><N who="1" m="103" /><E132/><V133/><F32/><N who="1" m="12329" /><E127/><V91/><F3/><W112/><G112/><T98/><D121/><U81/><E81/><V58/><F130/><W122/><G122/><T33/><D129/><U15/><E15/><V116/><F116/><W19/><G119/><T64/><D124/><U131/><E131/><V48/><F80/><W77/><G41/><T2/><D2/><U126/><E126/><V13/><F57/><W25/><G5/><T70/><D108/><U18/><E18/><V22/><REACH who="2" step="1"/><F96/><REACH who="2" ten="211,250,279,250" step="2"/><W65/><G110/><T69/><D33/><U54/><E54/><V62/><F62/><W106/><G61/><T87/><D64/><U55/><E55/><V128/><F128/><W67/><G67/><T93/><D93/><AGARI ba="0,1" hai="13,16,22,48,53,58,88,90,91,93,97,102,133,134" machi="93" ten="40,12000,2" yaku="1,1,52,3,54,2,53,0" doraHai="85" doraHaiUra="1" who="2" fromWho="0" sc="211,-120,250,0,279,130,250,0" /><INIT seed="2,0,0,4,1,68" ten="91,250,409,250" oya="2" hai0="60,45,97,101,71,35,38,47,134,50,77,55,49" hai1="76,17,8,128,105,127,104,121,96,66,10,130,124" hai2="94,132,133,11,118,59,27,52,67,120,44,122,22" hai3="95,13,34,63,31,102,115,57,69,61,7,26,108"/><V42/><F67/><W32/><G108/><T88/><D35/><U36/><E66/><V85/><F11/><N who="1" m="4137" /><E76/><V107/><F107/><N who="1" m="41033" /><E96/><V16/><F118/><W62/><G69/><T5/><D134/><N who="2" m="51818" /><F94/><W28/><G7/><T19/><D5/><U0/><E0/><V119/><F85/><W100/><G13/><T116/><D116/><U110/><E110/><V41/><F119/><W74/><G74/><T2/><D2/><U83/><E83/><V123/><F44/><W51/><G115/><T64/><D77/><U70/><E70/><V21/><F22/><W56/><G95/><T58/><D19/><U117/><E117/><V92/><F92/><W39/><G62/><AGARI ba="0,0" hai="16,21,27,41,42,52,59,62,120,122,123" m="51818" machi="62" ten="40,7700,0" yaku="20,1,54,2" doraHai="68" who="2" fromWho="3" sc="91,0,250,0,409,77,250,-77" /><INIT seed="2,1,0,4,2,92" ten="91,250,486,173" oya="2" hai0="120,41,6,18,84,97,135,66,101,107,114,129,10" hai1="63,116,90,65,118,9,95,52,73,128,126,122,50" hai2="17,68,93,77,30,62,37,24,31,117,99,106,67" hai3="3,43,20,60,98,64,81,28,79,12,16,59,21"/><V2/><F37/><W132/><G3/><T33/><D120/><U39/><E39/><V113/><F113/><W110/><G110/><T133/><D114/><U83/><E122/><V38/><F38/><W109/><G109/><T7/><D33/><U53/><E128/><V86/><F2/><W85/><G132/><N who="0" m="50763" /><D129/><U32/><E32/><V119/><F31/><W29/><G43/><T34/><D34/><U42/><E42/><V25/><F24/><W1/><G1/><T115/><D115/><U94/><E126/><V61/><F17/><W8/><G21/><T127/><D127/><U130/><E95/><V103/><F62/><W19/><REACH who="3" step="1"/><G98/><REACH who="3" ten="91,250,486,163" step="2"/><T111/><D111/><U72/><E130/><V15/><F119/><W100/><G100/><T91/><D41/><U70/><E118/><V124/><F117/><W87/><G87/><T22/><D10/><U104/><E116/><V102/><F102/><W74/><G74/><T88/><D66/><U40/><E73/><V80/><F124/><W4/><G4/><N who="0" m="1579" /><D84/><U0/><E9/><V56/><F86/><W121/><G121/><T47/><D47/><U131/><E0/><V11/><F67/><W13/><AGARI ba="1,1" hai="8,12,13,16,19,20,28,29,59,60,64,79,81,85" machi="13" ten="20,8000,1" yaku="1,1,0,1,7,1,8,1,54,1,53,0" doraHai="92" doraHaiUra="105" who="3" fromWho="3" sc="91,-21,250,-21,486,-41,163,93" /><INIT seed="3,0,0,1,1,82" ten="70,229,445,256" oya="3" hai0="11,46,130,106,38,86,65,80,129,88,22,85,19" hai1="15,74,84,35,54,57,41,49,83,115,1,69,113" hai2="12,32,76,109,52,71,43,99,75,60,50,104,112" hai3="37,20,36,124,103,0,91,30,100,29,40,105,4"/><W55/><G105/><T8/><D106/><U95/><E1/><V79/><F109/><W120/><G120/><T92/><D65/><U97/><E69/><V44/><F75/><W135/><G135/><T18/><D38/><U87/><E35/><V47/><F32/><W111/><G124/><T81/><D46/><U128/><E74/><V56/><F112/><W125/><G125/><T45/><D45/><U114/><E128/><N who="0" m="49257" /><D92/><U98/><E41/><V122/><F122/><W66/><G40/><T42/><D42/><U2/><E2/><V6/><F47/><W9/><G66/><T26/><D19/><U39/><E39/><V70/><F70/><W48/><G37/><T28/><D18/><U62/><E62/><V25/><F25/><W13/><G36/><T101/><D101/><U89/><REACH who="1" step="1"/><E15/><REACH who="1" ten="70,219,445,256" step="2"/><V133/><F12/><W14/><G13/><T90/><AGARI ba="0,1" hai="8,11,22,26,28,80,81,85,86,88,90" m="49257" machi="90" ten="30,7900,0" yaku="19,1,52,2,54,1" doraHai="82" who="0" fromWho="0" sc="70,89,219,-20,445,-20,256,-39" /><INIT seed="4,0,0,3,4,105" ten="159,199,425,217" oya="0" hai0="82,120,69,83,6,26,3,90,16,113,1,122,77" hai1="45,127,128,66,43,13,60,11,0,31,67,19,73" hai2="85,97,107,131,84,55,46,117,88,112,48,53,20" hai3="70,29,49,8,51,37,99,92,63,102,78,25,39"/><T116/><D116/><U44/><E73/><V35/><F35/><W5/><G39/><T61/><D113/><U24/><E128/><V110/><F110/><W123/><G37/><T12/><D26/><U115/><E115/><V119/><F131/><W38/><G38/><T125/><D125/><U68/><E127/><V124/><F112/><W114/><G114/><T58/><D69/><U56/><E0/><V40/><F124/><W98/><G78/><T4/><D90/><U106/><E106/><V50/><F20/><W100/><G123/><T133/><D133/><U79/><E79/><V135/><F135/><W74/><G74/><T72/><D82/><U134/><E134/><V47/><F40/><W22/><G63/><T109/><D109/><U28/><E28/><V54/><F54/><W87/><G87/><T130/><D130/><U21/><E43/><V64/><F64/><W80/><G80/><T10/><D3/><U34/><E67/><V126/><F126/><W91/><G91/><T59/><D59/><U94/><E68/><V95/><F107/><W62/><G62/><T111/><D111/><U36/><E36/><V71/><F71/><W41/><G41/><T108/><D108/><U81/><E81/><V132/><F132/><W86/><G86/><AGARI ba="0,0" hai="46,47,48,50,53,55,84,85,86,88,95,97,117,119" machi="86" ten="40,2600,0" yaku="9,1,54,1" doraHai="105" who="2" fromWho="3" sc="159,0,199,0,425,26,217,-26" /><INIT seed="5,0,0,2,4,40" ten="159,199,451,191" oya="1" hai0="12,77,115,133,75,64,2,3,125,96,39,29,131" hai1="88,91,25,57,69,26,120,9,51,74,15,89,42" hai2="100,21,22,33,109,63,20,114,45,10,70,76,44" hai3="104,61,17,53,123,38,118,93,106,97,49,82,7"/><U119/><E69/><V79/><F33/><W0/><G123/><T31/><D39/><U54/><E120/><V52/><F109/><W8/><G38/><T85/><D75/><U47/><E74/><V127/><F70/><W58/><G118/><T80/><D64/><U83/><E83/><V50/><F127/><W11/><G82/><T129/><D125/><U107/><E107/><V81/><F100/><W55/><G17/><T105/><D115/><U73/><E73/><V23/><F63/><W102/><REACH who="3" step="1"/><G11/><REACH who="3" ten="159,199,451,181" step="2"/><T67/><D29/><U117/><E119/><V132/><F81/><W37/><G37/><T34/><D131/><U108/><E117/><V94/><F10/><W134/><G134/><T6/><D129/><U71/><E108/><V99/><F132/><W90/><G90/><T59/><D133/><U84/><E84/><V48/><N who="2" m="5120" /><DORA hai="41" /><V60/><F114/><W111/><G111/><T36/><D36/><U19/><REACH who="1" step="1"/><E71/><REACH who="1" ten="159,189,451,181" step="2"/><V16/><F76/><W32/><G32/><T121/><D34/><U130/><E130/><V86/><F86/><W95/><G95/><T14/><D85/><U46/><E46/><AGARI ba="0,2" hai="0,7,8,46,49,53,55,58,61,93,97,102,104,106" machi="46" ten="30,7700,0" yaku="1,1,7,1,52,2,53,0" doraHai="40,41" doraHaiUra="62,18" who="3" fromWho="1" sc="159,0,189,-77,451,0,181,97" /><INIT seed="6,0,0,2,2,80" ten="159,112,451,278" oya="2" hai0="83,113,133,32,25,99,93,100,102,88,120,9,107" hai1="27,70,95,123,7,35,10,108,0,110,77,73,49" hai2="21,75,67,5,24,109,63,3,54,66,11,43,115" hai3="15,1,82,40,129,61,111,101,48,121,42,125,79"/><V20/><F75/><W60/><G121/><T106/><D120/><U57/><E70/><V39/><F115/><W58/><G111/><T22/><D32/><U17/><E123/><V37/><F66/><W81/><G1/><T78/><D9/><U28/><E77/><V132/><F54/><W71/><G101/><N who="0" m="39019" /><D22/><U89/><E73/><V12/><F43/><W90/><G15/><T59/><D59/><U46/><E17/><V30/><F132/><W50/><G58/><T62/><D62/><U97/><REACH who="1" step="1"/><E57/><REACH who="1" ten="159,102,451,278" step="2"/><V47/><F109/><W92/><G79/><T56/><D56/><U45/><E45/><V128/><F47/><W126/><G71/><T127/><D133/><U68/><E68/><V131/><F131/><W53/><G129/><T87/><D113/><U44/><E44/><V19/><F128/><W104/><G126/><T51/><D127/><U134/><E134/><V122/><F122/><W96/><G125/><T52/><D107/><U94/><E94/><V72/><F72/><W85/><G104/><T55/><D106/><U114/><E114/><V6/><F63/><W33/><G60/><T26/><D51/><U135/><E135/><V86/><F67/><W124/><G50/><T130/><D130/><U118/><E118/><V23/><F37/><W74/><G48/><T36/><D36/><U103/><E103/><V8/><F39/><W105/><G61/><T119/><D119/><U29/><E29/><V112/><F112/><W91/><G105/><T98/><D78/><U18/><E18/><V117/><F117/><W41/><G124/><T116/><D116/><RYUUKYOKU ba="0,1" sc="159,-10,102,30,451,-10,278,-10" hai1="0,7,10,27,28,35,46,49,89,95,97,108,110" /><INIT seed="7,1,1,2,4,85" ten="149,132,441,268" oya="3" hai0="17,15,63,86,95,120,105,52,130,54,121,133,34" hai1="77,112,21,82,102,30,38,37,97,76,127,20,12" hai2="50,66,41,44,55,129,7,67,75,61,68,64,108" hai3="27,84,31,70,89,128,69,24,103,132,2,107,48"/><W11/><G107/><T9/><D34/><U5/><E112/><V87/><F75/><W106/><G128/><T13/><D105/><U42/><E127/><V36/><F7/><W80/><G132/><T33/><D33/><U35/><E35/><V22/><F22/><W100/><G48/><T115/><D115/><U57/><E57/><V135/><F87/><W47/><G47/><T134/><D130/><U25/><E42/><V81/><F81/><W71/><G31/><T51/><D63/><U126/><E126/><V59/><F129/><W117/><G117/><T19/><D86/><U60/><E60/><V14/><F14/><W111/><G111/><T4/><D95/><U62/><E62/><V1/><F1/><W78/><G78/><T88/><D88/><U65/><E65/><N who="2" m="25195" /><F135/><N who="0" m="51722" /><D4/><U46/><E46/><V96/><F96/><W110/><G110/><AGARI ba="1,1" hai="36,41,44,50,55,59,61,67,68,108,110" m="25195" machi="110" ten="30,3900,0" yaku="24,1,34,2" doraHai="85" who="2" fromWho="3" sc="149,0,132,0,441,52,268,-42" owari="149,-25.1,132,-36.8,493,59.3,226,2.6" /></mjloggm>