<mjloggm ver="2.3"><GO type="225" lobby="0"/><UN n0="%70%6F%69%73%6F%6E%30%32" n1="%E3%82%A2%E3%83%9E%E3%83%9D%EF%BD%9E%EF%BD%9E%E3%83%A9" n2="%E3%83%96%E3%83%83%E3%83%91%E3%82%AA%E3%83%96%E3%83%81%E3%82%AD%E3%83%B3" n3="%E6%9C%88%E5%B3%B6%E5%9F%BA" dan="16,17,16,17" rate="2124.91,2132.58,2141.28,2213.88" sx="M,M,M,M"/><TAIKYOKU oya="0"/><INIT seed="0,0,0,3,1,103" ten="250,250,250,250" oya="0" hai0="41,112,85,95,55,89,96,81,71,98,12,114,130" hai1="80,94,63,76,15,39,60,118,104,58,59,11,124" hai2="51,19,7,24,23,69,13,121,101,10,29,99,111" hai3="52,75,14,61,102,79,84,30,27,74,57,82,109"/><T120/><D71/><U2/><E124/><V78/><F111/><W134/><G109/><T37/><D37/><U36/><E118/><V66/><F121/><W97/><G14/><T5/><D41/><U49/><E2/><V108/><F108/><W42/><G42/><T9/><D120/><U33/><E33/><V87/><F69/><W46/><G46/><T125/><D125/><U90/><E104/><V68/><F68/><W34/><REACH who="3" step="1"/><G134/><REACH who="3" ten="250,250,250,240" step="2"/><T132/><D132/><U65/><E15/><V18/><F66/><W64/><G64/><T128/><D55/><U20/><E65/><V53/><F53/><W44/><G44/><T67/><D67/><U40/><E40/><V28/><F13/><W0/><G0/><T25/><D25/><U92/><E39/><V17/><F24/><W105/><AGARI ba="0,1" hai="27,30,34,52,57,61,74,75,79,82,84,97,102,105" machi="105" ten="20,8000,1" yaku="1,1,0,1,7,1,52,1,54,1,53,0" doraHai="103" doraHaiUra="62" who="3" fromWho="3" sc="250,-40,250,-20,250,-20,240,90" /><INIT seed="1,0,0,0,1,14" ten="210,230,230,330" oya="1" hai0="38,110,49,134,74,83,11,47,132,102,111,64,26" hai1="89,41,51,69,79,33,127,78,61,43,120,135,21" hai2="95,27,99,104,94,19,6,31,59,66,0,128,93" hai3="16,91,20,129,8,70,122,97,13,5,2,112,72"/><U63/><E120/><V22/><F128/><W7/><G72/><T98/><D38/><U4/><E33/><V54/><F66/><W100/><G70/><T125/><D64/><U45/><E127/><V86/><F104/><W68/><G68/><T109/><D125/><U23/><E135/><N who="0" m="51753" /><D11/><U105/><E105/><V48/><F86/><W96/><G112/><T92/><D26/><U118/><E118/><V113/><F113/><W90/><G122/><T10/><D10/><U40/><E4/><V1/><F6/><W80/><G129/><T57/><D57/><U42/><E69/><V76/><F76/><N who="1" m="29225" /><E89/><V62/><F48/><W32/><G32/><T55/><D83/><U87/><E87/><V75/><F75/><AGARI ba="0,0" hai="47,49,55,74,75,92,98,102,109,110,111" m="51753" machi="75" ten="40,2600,0" yaku="14,1,20,1" doraHai="14" who="0" fromWho="2" sc="210,26,230,0,230,-26,330,0" /><INIT seed="2,0,0,5,2,99" ten="236,230,204,330" oya="2" hai0="102,5,3,47,96,65,58,60,82,116,69,112,41" hai1="4,48,62,46,87,27,100,28,22,118,114,37,134" hai2="129,125,14,85,109,76,89,132,68,67,117,84,91" hai3="56,106,26,90,77,31,34,105,119,86,52,130,18"/><V94/><F117/><W51/><G119/><T15/><D112/><U32/><E114/><V42/><F125/><W10/><G77/><T97/><D3/><U57/><E134/><V108/><F132/><W104/><G130/><T111/><D111/><N who="2" m="42570" /><F129/><W98/><G18/><T78/><D116/><U83/><E37/><V120/><F120/><W39/><G39/><T61/><D5/><U54/><E118/><V0/><F0/><W123/><G10/><T72/><D15/><U19/><E4/><V93/><F42/><W107/><G107/><T80/><D80/><U115/><E115/><V81/><F14/><W127/><G127/><T43/><D47/><U73/><E73/><N who="2" m="43151" /><F67/><W92/><REACH who="3" step="1"/><G123/><REACH who="3" ten="236,230,204,320" step="2"/><T128/><D128/><U35/><E19/><V21/><F21/><W20/><G20/><T1/><D1/><U131/><E131/><V13/><F13/><W122/><G122/><T55/><REACH who="0" step="1"/><D97/><AGARI ba="0,1" hai="26,31,34,51,52,56,86,90,92,97,98,104,105,106" machi="97" ten="40,2600,0" yaku="1,1,54,1,53,0" doraHai="99" doraHaiUra="17" who="3" fromWho="0" sc="236,-26,230,0,204,0,320,36" /><INIT seed="3,0,0,5,4,1" ten="210,230,204,356" oya="3" hai0="75,59,39,66,112,56,18,55,71,32,94,110,21" hai1="111,134,103,109,3,127,8,41,65,9,35,132,105" hai2="101,57,125,126,29,69,131,128,2,49,47,72,67" hai3="120,85,52,119,40,113,97,135,46,123,24,6,114"/><W0/><G119/><T89/><D32/><U77/><E127/><N who="2" m="48651" /><F72/><W74/><G74/><T130/><D39/><U30/><E77/><V43/><F29/><W23/><G85/><N who="0" m="52527" /><D75/><U58/><E41/><V87/><F101/><W107/><G46/><T33/><D33/><U53/><E65/><V62/><F2/><W91/><G23/><T98/><D71/><U122/><E122/><V99/><F99/><W95/><G24/><N who="0" m="14391" /><D110/><N who="1" m="41995" /><E30/><V70/><F87/><W88/><G40/><T96/><D130/><AGARI ba="0,0" hai="43,47,49,57,62,67,69,70,128,130,131" m="48651" machi="130" ten="30,7700,0" yaku="19,1,18,1,34,2" doraHai="1" who="2" fromWho="0" sc="210,-77,230,0,204,77,356,0" owari="133,-36.7,230,-17.0,281,8.1,356,45.6" /></mjloggm>