<mjloggm ver="2.3"><GO type="169" lobby="0"/><UN n0="%E3%83%87%E3%83%A9%E3%82%B3%E3%83%83%E3%82%B3" n1="%E6%B9%98%E5%8C%97%E2%91%AD%E4%B8%89%E4%BA%95%E5%AF%BF" n2="%6F%6B%62%6F%6B%62" n3="%E5%B0%8F%E4%B8%89%E5%85%83%E5%8D%97%E5%8D%98%E9%A8%8E" dan="16,16,17,16" rate="2154.39,2148.96,2206.23,2108.85" sx="M,M,M,M"/><TAIKYOKU oya="0"/><INIT seed="0,0,0,5,3,97" ten="250,250,250,250" oya="0" hai0="12,66,93,70,116,27,37,81,121,94,108,127,83" hai1="110,49,13,22,72,50,99,15,45,32,43,39,51" hai2="67,77,1,126,88,84,61,71,125,10,24,112,29" hai3="55,34,69,0,36,104,25,79,122,60,38,85,131"/><T63/><D116/><U86/><E32/><V68/><F77/><W100/><G131/><T5/><D121/><U80/><E110/><V73/><F73/><W105/><G105/><T113/><D113/><U92/><E72/><V106/><F106/><W17/><G17/><T115/><D115/><U103/><REACH who="1" step="1"/><E22/><REACH who="1" ten="250,240,250,250" step="2"/><V53/><F112/><W95/><G34/><T57/><D108/><U33/><E33/><V54/><F68/><W26/><G122/><T124/><D70/><U134/><E134/><V107/><F126/><W46/><G69/><T11/><D127/><U75/><E75/><V87/><F125/><W64/><G38/><T6/><D37/><U82/><E82/><V96/><F71/><W91/><G36/><T76/><D83/><U133/><E133/><V119/><F119/><W48/><G48/><T120/><D124/><U56/><E56/><V129/><F129/><W117/><G117/><T21/><D120/><U58/><E58/><V111/><F111/><W16/><G60/><T44/><D44/><U114/><E114/><V102/><F61/><W40/><G46/><T35/><D35/><U109/><E109/><V123/><F123/><W7/><G0/><T9/><D81/><U90/><AGARI ba="0,1" hai="13,15,39,43,45,49,50,51,80,86,90,92,99,103" machi="90" ten="30,7900,0" yaku="1,1,0,1,52,1,53,1" doraHai="97" doraHaiUra="78" who="1" fromWho="1" sc="250,-39,240,89,250,-20,250,-20" /><INIT seed="1,0,0,4,3,102" ten="211,329,230,230" oya="1" hai0="84,35,59,92,90,49,26,5,43,111,114,4,99" hai1="0,77,29,81,46,10,20,103,108,86,93,79,37" hai2="36,116,91,133,14,134,83,130,70,60,13,25,82" hai3="58,80,66,65,52,30,128,115,112,24,15,38,33"/><U51/><E37/><V85/><F36/><W61/><G128/><T56/><D114/><U40/><E108/><V118/><F130/><W34/><G38/><T11/><D111/><U120/><E120/><V54/><F25/><W131/><G131/><T62/><D35/><U129/><E129/><V101/><F101/><W123/><G123/><T23/><D84/><U74/><E74/><V19/><F82/><W9/><G34/><T21/><D11/><U97/><E0/><V73/><F14/><W12/><G12/><T78/><D78/><U22/><E77/><V98/><F98/><W1/><G1/><T6/><D26/><U135/><E135/><N who="2" m="51723" /><F73/><W48/><G66/><T132/><D132/><U17/><E29/><V53/><F70/><W89/><G89/><T122/><D122/><U32/><E32/><V94/><F83/><W106/><G80/><T127/><D127/><U88/><E79/><V95/><F94/><W68/><REACH who="3" step="1"/><G106/><REACH who="3" ten="211,329,230,220" step="2"/><T7/><D7/><AGARI ba="0,1" hai="7,9,15,24,30,33,48,52,58,61,65,68,112,115" machi="7" ten="30,8000,1" yaku="1,1,2,1,7,1,54,1,53,1" doraHai="102" doraHaiUra="55" who="3" fromWho="0" sc="211,-80,329,0,230,0,220,90" /><INIT seed="2,0,0,4,0,71" ten="131,329,230,310" oya="2" hai0="50,9,33,63,68,109,57,46,42,91,29,1,123" hai1="19,98,129,52,43,72,118,65,64,67,130,99,94" hai2="77,114,74,101,36,53,82,4,56,14,133,12,132" hai3="35,26,92,73,66,6,122,95,105,11,76,0,90"/><V37/><F101/><W93/><G105/><T7/><D123/><U106/><E72/><V79/><F114/><W60/><G122/><T89/><D109/><U135/><E118/><V78/><F82/><W121/><G121/><T116/><D116/><U86/><E135/><N who="2" m="51787" /><F74/><W131/><G131/><N who="1" m="50186" /><E43/><V88/><F88/><W39/><G73/><T120/><D120/><U97/><E106/><V24/><F24/><W96/><G76/><N who="2" m="19457" /><V30/><DORA hai="126" /><F30/><W75/><G75/><T10/><D29/><U108/><E108/><V13/><F4/><W110/><G110/><T16/><D33/><U8/><E86/><V27/><F27/><W117/><G35/><T124/><D124/><U2/><E94/><V59/><F53/><W113/><G26/><T18/><D68/><U83/><E83/><V44/><F44/><W104/><G104/><T134/><D134/><U80/><E80/><V111/><F111/><W100/><G113/><T125/><D125/><U115/><E115/><V28/><F28/><W5/><G95/><T23/><D91/><U55/><E19/><V22/><F22/><W62/><G93/><T47/><D89/><U3/><E8/><V20/><F20/><W61/><G90/><T48/><D10/><U69/><E69/><V107/><F107/><W32/><G117/><T85/><D23/><U15/><E15/><N who="2" m="3843" /><V51/><DORA hai="58" /><F51/><W34/><G34/><T54/><REACH who="0" step="1"/><D85/><REACH who="0" ten="121,329,230,310" step="2"/><U87/><E87/><V21/><F21/><W81/><G32/><T40/><AGARI ba="0,1" hai="1,7,9,16,18,40,42,46,47,48,50,54,57,63" machi="40" ten="20,16000,3" yaku="1,1,2,1,0,1,7,1,9,1,52,1,54,1,53,1" doraHai="71,126,58" doraHaiUra="49,102,25" who="0" fromWho="0" sc="121,170,329,-40,230,-80,310,-40" /><INIT seed="3,0,0,1,3,91" ten="291,289,150,270" oya="3" hai0="92,115,82,19,107,21,1,85,17,26,95,117,114" hai1="131,76,58,73,75,74,89,100,118,14,50,28,71" hai2="46,70,3,79,42,94,0,38,110,61,68,51,30" hai3="108,97,49,109,35,43,128,55,36,25,111,90,134"/><W135/><G35/><T53/><D107/><U77/><E71/><V106/><F106/><W60/><G25/><T6/><D117/><U13/><E100/><V33/><F110/><W104/><G104/><T27/><D53/><U124/><E28/><V24/><F79/><W8/><G8/><N who="0" m="2127" /><D19/><U83/><E118/><V67/><F68/><W16/><G128/><T105/><D27/><U52/><E131/><V5/><F5/><W78/><G78/><N who="0" m="46295" /><D105/><U12/><REACH who="1" step="1"/><E124/><REACH who="1" ten="291,279,150,270" step="2"/><V31/><F31/><W121/><G109/><T98/><D98/><U7/><E7/><V44/><REACH who="2" step="1"/><F94/><REACH who="2" ten="291,279,140,270" step="2"/><N who="3" m="56535" /><G111/><T132/><D132/><U37/><E37/><V126/><F126/><W48/><G36/><T127/><D127/><U93/><E93/><V84/><F84/><AGARI ba="0,2" hai="12,13,14,50,52,58,73,74,75,76,77,83,84,89" machi="84" ten="50,6400,0" yaku="1,1,54,1,53,1" doraHai="91" doraHaiUra="86" who="1" fromWho="2" sc="291,0,279,84,140,-64,270,0" /><INIT seed="4,0,0,1,2,62" ten="291,363,76,270" oya="0" hai0="14,55,90,23,50,11,86,72,21,123,44,34,132" hai1="67,88,135,18,133,91,73,36,99,81,116,5,92" hai2="9,33,117,28,17,96,131,85,111,52,22,1,66" hai3="16,103,126,106,110,25,75,58,115,87,12,69,76"/><T47/><D123/><U98/><E36/><V128/><F111/><W43/><G110/><T95/><D34/><U10/><E116/><V70/><F85/><W8/><G115/><T112/><D72/><U105/><E18/><V130/><F117/><W77/><G69/><T101/><D112/><U20/><E20/><V82/><F82/><W94/><G75/><T7/><D132/><N who="1" m="50763" /><E67/><V93/><F28/><W80/><G106/><T60/><D101/><N who="1" m="62655" /><E10/><V30/><F33/><W120/><G126/><T97/><D97/><U35/><E35/><V32/><F30/><W39/><G94/><T64/><REACH who="0" step="1"/><D47/><REACH who="0" ten="281,363,76,270" step="2"/><U6/><E91/><V0/><F32/><W29/><G120/><T37/><D37/><U54/><E54/><V49/><F131/><W127/><G39/><T15/><D15/><U41/><E41/><V59/><F130/><W84/><G43/><T45/><D45/><U113/><E113/><V4/><F128/><W26/><G12/><T119/><D119/><U57/><E57/><AGARI ba="0,1" hai="7,11,14,21,23,44,50,55,57,60,64,86,90,95" machi="57" ten="30,11600,0" yaku="1,1,7,1,8,1,52,1,53,0" doraHai="62" doraHaiUra="102" who="0" fromWho="1" sc="281,126,363,-116,76,0,270,0" /><INIT seed="4,1,0,2,4,117" ten="407,247,76,270" oya="0" hai0="43,25,24,111,15,56,124,129,27,33,95,14,77" hai1="135,72,80,84,9,118,20,78,104,83,62,52,48" hai2="31,112,105,75,53,74,58,114,68,127,39,49,76" hai3="19,51,32,34,126,101,113,96,69,110,35,108,2"/><T120/><D124/><U100/><E135/><V81/><F127/><W42/><G126/><T86/><D129/><U79/><E118/><V122/><F68/><W63/><G51/><T5/><D33/><U23/><E62/><V88/><F39/><W85/><G85/><T134/><D134/><U10/><E104/><V7/><F7/><W125/><G125/><T73/><D73/><U82/><E100/><V130/><F105/><N who="3" m="63655" /><G19/><T71/><D71/><U119/><E119/><V123/><F74/><W12/><G12/><T13/><D5/><U30/><E30/><V18/><F18/><W115/><G42/><T133/><D43/><U98/><E98/><V106/><F106/><W29/><G2/><T61/><D133/><U70/><E70/><V97/><F31/><W121/><G29/><T90/><D111/><U57/><REACH who="1" step="1"/><E82/><REACH who="1" ten="407,237,76,270" step="2"/><V21/><F130/><W37/><G110/><T102/><D102/><U54/><E54/><V59/><F21/><AGARI ba="1,1" hai="9,10,20,21,23,48,52,57,72,78,79,80,83,84" machi="21" ten="40,2600,0" yaku="1,1,54,1,53,0" doraHai="117" doraHaiUra="89" who="1" fromWho="2" sc="407,0,237,39,76,-29,270,0" /><INIT seed="5,0,0,2,5,83" ten="407,276,47,270" oya="1" hai0="135,78,129,90,79,92,25,59,112,102,100,31,0" hai1="44,7,131,35,65,46,13,113,99,24,75,117,104" hai2="12,28,64,53,68,108,98,60,105,88,43,22,119" hai3="15,1,63,107,91,41,5,30,18,116,87,45,26"/><U124/><E117/><V34/><F108/><W76/><G116/><T9/><D112/><U54/><E75/><V3/><F3/><W77/><G107/><T10/><D129/><U4/><E113/><V14/><F119/><W110/><G110/><T50/><D135/><U61/><E131/><V40/><F53/><W132/><G132/><T48/><D0/><U122/><E122/><V42/><F22/><W120/><G63/><T134/><D134/><U16/><E124/><V29/><F29/><W55/><G55/><T67/><D67/><U126/><E126/><V86/><F28/><W23/><G5/><T96/><D59/><N who="1" m="37055" /><E24/><V32/><F105/><W130/><G1/><T38/><D38/><U49/><E35/><V89/><F98/><W66/><G66/><T74/><D74/><U128/><E104/><V80/><REACH who="2" step="1"/><F89/><REACH who="2" ten="407,276,37,270" step="2"/><W95/><G130/><T47/><D31/><U123/><E128/><V56/><F56/><W19/><G120/><T2/><D2/><U125/><E125/><V85/><F85/><W118/><G118/><T58/><D58/><N who="1" m="33103" /><E99/><V121/><F121/><W17/><REACH who="3" step="1"/><G15/><AGARI ba="0,1" hai="12,14,15,32,34,40,42,43,60,64,68,80,86,88" machi="15" ten="40,5200,0" yaku="1,1,52,1,54,1,53,0" doraHai="83" doraHaiUra="33" who="2" fromWho="3" sc="407,0,276,0,37,62,270,-52" /><INIT seed="6,0,0,4,3,103" ten="407,276,99,218" oya="2" hai0="85,97,50,49,20,119,40,34,42,133,129,105,118" hai1="69,51,134,87,53,19,122,47,90,75,107,18,127" hai2="5,88,52,14,101,114,6,76,61,113,22,72,12" hai3="79,108,65,21,56,128,9,1,24,95,78,70,57"/><V28/><F72/><W92/><G108/><T58/><D34/><U84/><E75/><V96/><F76/><W36/><G36/><T83/><D20/><U23/><E69/><V117/><F117/><W71/><G21/><T63/><D97/><U43/><E107/><N who="2" m="63911" /><F88/><W104/><G9/><T131/><D105/><U100/><E100/><V116/><F116/><N who="0" m="44586" /><D133/><U120/><E134/><V15/><F22/><W62/><G57/><T54/><D50/><U135/><E135/><V27/><F27/><W123/><G92/><T0/><D0/><U48/><E127/><V64/><F28/><W77/><G79/><N who="0" m="46335" /><D42/><U91/><E91/><V32/><F32/><W110/><G65/><N who="0" m="39159" /><D40/><U80/><E87/><V126/><F126/><W66/><G24/><T106/><D106/><U8/><E23/><V60/><F64/><W25/><G78/><T2/><D2/><U35/><E35/><V93/><F93/><W121/><G25/><T112/><D112/><N who="2" m="43114" /><F60/><W94/><G62/><T45/><AGARI ba="0,0" hai="45,49,54,129,131" m="39159,46335,44586" machi="45" ten="30,1100,0" yaku="12,1" doraHai="103" who="0" fromWho="0" sc="407,11,276,-3,99,-5,218,-3" /><INIT seed="7,0,0,1,2,32" ten="418,273,94,215" oya="3" hai0="34,67,118,62,134,55,68,108,119,99,60,37,14" hai1="8,16,28,72,20,91,128,44,36,65,63,83,122" hai2="109,24,102,11,48,89,75,106,2,133,101,78,35" hai3="96,61,5,39,40,81,18,31,64,93,33,41,49"/><W115/><G115/><T56/><D34/><U69/><E122/><V71/><F109/><W23/><G39/><T94/><D108/><U129/><E28/><V85/><F133/><W53/><G33/><T116/><D37/><U126/><E8/><V74/><F48/><W80/><G5/><T45/><D14/><U113/><E113/><V51/><F51/><W111/><G111/><T127/><D134/><U114/><E114/><V82/><F74/><W121/><G121/><T4/><D4/><U95/><E126/><V112/><F112/><W131/><G131/><N who="1" m="50250" /><E83/><V76/><F76/><W97/><G41/><T70/><D45/><U86/><E72/><V52/><F52/><W19/><G40/><T9/><D94/><U22/><E16/><V98/><F102/><W57/><G19/><T10/><D99/><U1/><E1/><V132/><F132/><W13/><G31/><T84/><D70/><U6/><E6/><V29/><F71/><W130/><G97/><T73/><D84/><U59/><E59/><V107/><F107/><W135/><G135/><T30/><D62/><U104/><E104/><V46/><F46/><W117/><G117/><T50/><D55/><U90/><E90/><V120/><F120/><W100/><REACH who="3" step="1"/><G130/><REACH who="3" ten="418,273,94,205" step="2"/><T47/><D30/><U88/><E36/><V103/><F103/><W79/><G79/><T87/><D118/><U125/><E91/><V38/><F38/><W12/><G12/><T7/><D119/><U17/><E125/><V124/><F124/><W25/><G25/><T21/><D127/><U77/><E77/><V27/><F27/><RYUUKYOKU ba="0,1" sc="418,-10,273,-10,94,-10,205,30" hai3="13,18,23,49,53,57,61,64,80,81,93,96,100" /><INIT seed="7,1,1,4,3,118" ten="408,263,84,235" oya="3" hai0="12,38,107,10,1,123,111,6,89,58,52,66,4" hai1="3,32,23,93,94,62,85,51,33,2,44,37,45" hai2="127,124,117,74,50,57,125,21,40,67,98,61,13" hai3="27,88,24,101,132,28,131,109,39,14,114,36,122"/><W134/><G114/><T103/><D111/><U7/><E37/><V115/><F115/><W87/><G109/><T135/><D123/><U128/><E128/><V86/><F74/><W0/><G0/><T9/><D38/><U59/><E33/><V73/><F73/><W63/><G131/><T102/><D107/><U42/><E32/><V106/><F86/><W104/><G14/><T56/><D135/><N who="3" m="51753" /><G27/><T76/><D76/><U54/><E7/><V18/><F117/><W119/><G119/><T81/><D58/><U26/><E45/><V48/><F40/><W64/><G101/><T55/><D55/><U78/><E2/><V49/><F106/><W25/><G25/><T31/><D66/><U30/><E3/><V34/><F34/><N who="3" m="20743" /><G122/><T41/><D31/><U29/><E30/><V16/><F98/><W65/><G65/><T35/><D35/><U22/><E23/><V129/><F129/><W8/><G8/><T83/><D41/><U108/><E108/><V92/><F92/><N who="3" m="54303" /><G104/><T72/><D103/><U97/><E97/><V113/><F113/><W80/><G80/><AGARI ba="1,1" hai="22,26,29,42,44,51,54,59,62,78,80,85,93,94" machi="80" ten="40,1300,0" yaku="8,1" doraHai="118" who="1" fromWho="3" sc="408,0,263,26,84,0,235,-16" owari="408,50.8,289,8.9,84,-41.6,219,-18.1" /></mjloggm>