<mjloggm ver="2.3"><GO type="169" lobby="0"/><UN n0="%E4%B8%8B%E7%B4%9A%E5%9B%BD%E6%B0%91" n1="%E9%B3%B3%E5%8D%97%E3%81%AE%E3%81%B6%E3%81%9F%E3%81%95%E3%82%93" n2="%E3%81%BD%E3%81%A3%E3%81%91%E3%81%95%E3%82%93" n3="%E7%8F%BE%E5%A0%B4%E3%81%AD%E3%81%93" dan="16,18,17,16" rate="2125.07,2232.21,2185.39,2090.35" sx="M,M,M,M"/><TAIKYOKU oya="0"/><INIT seed="0,0,0,3,4,91" ten="250,250,250,250" oya="0" hai0="45,107,18,29,109,71,37,6,82,58,110,50,10" hai1="39,78,73,30,35,123,46,55,47,93,0,124,80" hai2="108,15,104,68,7,61,83,56,119,131,67,21,5" hai3="120,33,8,134,74,43,24,72,52,122,92,133,95"/><T44/><D107/><U116/><E116/><V42/><F104/><W101/><G101/><T84/><D71/><U34/><E123/><N who="3" m="47146" /><G43/><T89/><D29/><U48/><E124/><V77/><F108/><N who="0" m="41578" /><D18/><U14/><E14/><V75/><F131/><W38/><G38/><T69/><D69/><U135/><E135/><N who="3" m="51722" /><G8/><T112/><D37/><U62/><E39/><V96/><F42/><W57/><G33/><T64/><D112/><U90/><E34/><V22/><F119/><W59/><G24/><T23/><D23/><U63/><E0/><V25/><F22/><W100/><G100/><T12/><D64/><U86/><REACH who="1" step="1"/><E46/><REACH who="1" ten="250,240,250,250" step="2"/><V126/><F126/><W20/><G20/><T32/><D32/><U36/><E36/><V127/><F21/><W106/><G106/><T4/><D4/><U60/><E60/><V2/><F61/><N who="3" m="36007" /><G59/><T85/><D58/><U17/><E17/><V129/><F25/><AGARI ba="0,1" hai="25,30,35,47,48,55,62,63,73,78,80,86,90,93" machi="25" ten="40,2600,0" yaku="1,1,52,1,53,0" doraHai="91" doraHaiUra="54" who="1" fromWho="2" sc="250,0,240,36,250,-26,250,0" /><INIT seed="1,0,0,0,5,84" ten="250,276,224,250" oya="1" hai0="37,32,98,77,20,56,19,47,43,96,118,94,53" hai1="76,5,21,25,31,108,29,102,24,97,109,122,10" hai2="134,38,52,11,22,135,89,39,117,8,91,79,83" hai3="44,12,126,82,88,105,101,55,130,45,70,65,60"/><U61/><E76/><V64/><F117/><W103/><G126/><T3/><D3/><N who="1" m="319" /><E61/><V27/><F64/><W93/><G130/><T16/><D32/><N who="1" m="20519" /><E97/><V100/><F100/><W131/><G131/><T7/><D118/><U14/><E102/><V106/><F106/><W1/><G1/><T50/><D7/><U17/><E122/><V111/><F111/><N who="1" m="42569" /><E31/><V9/><F52/><W23/><G82/><T35/><D77/><U80/><E80/><V115/><F39/><W132/><G105/><T127/><D127/><U112/><E112/><V18/><F38/><W26/><G45/><T81/><D81/><U121/><E121/><V63/><F63/><W36/><G36/><T119/><D119/><U124/><E124/><V128/><F115/><W113/><G113/><T69/><D69/><U74/><E74/><V13/><F128/><W99/><G44/><T123/><D123/><U41/><E41/><V0/><F79/><W54/><G101/><T78/><D78/><U67/><E67/><V95/><F83/><W15/><G103/><T110/><D110/><U34/><E34/><V116/><F116/><W68/><G68/><T2/><D35/><U114/><E114/><V6/><F91/><W73/><G73/><T4/><D94/><U86/><E86/><N who="2" m="52663" /><F0/><W46/><G46/><T40/><D40/><U72/><E72/><V62/><F62/><W30/><G54/><T75/><D75/><U85/><E85/><V107/><F107/><W66/><G66/><T57/><D37/><U42/><E42/><V59/><F59/><W87/><G55/><T129/><D53/><RYUUKYOKU ba="0,0" sc="250,-15,276,15,224,15,250,-15" hai1="14,17,21,25" hai2="6,8,9,11,13,18,22,27,134,135" /><INIT seed="1,1,0,5,1,22" ten="235,291,239,235" oya="1" hai0="74,2,87,64,68,32,58,109,71,23,77,57,44" hai1="118,135,8,112,100,26,60,24,129,72,66,115,124" hai2="131,93,123,55,13,27,52,91,56,105,95,98,0" hai3="48,14,3,119,69,62,94,113,29,117,110,85,28"/><U7/><E72/><V42/><F0/><W61/><G3/><T18/><D2/><N who="1" m="119" /><E100/><V67/><F123/><W76/><G113/><N who="1" m="43594" /><E118/><N who="3" m="45066" /><G110/><T133/><D109/><U36/><E36/><V11/><F105/><W63/><G69/><T35/><D74/><U89/><E89/><V39/><F39/><W122/><G122/><T33/><D133/><U103/><E103/><V79/><F79/><W15/><G48/><T46/><D71/><U73/><E73/><V75/><F42/><W30/><G76/><T116/><D68/><U1/><E1/><V47/><F75/><W80/><G80/><T90/><D77/><U83/><E83/><V20/><F93/><W121/><G121/><T5/><D116/><U25/><E66/><V128/><F67/><W111/><G111/><T78/><D78/><U99/><E60/><N who="2" m="35847" /><F55/><W88/><AGARI ba="1,0" hai="14,15,28,29,30,61,62,63,85,88,94" m="45066" machi="88" ten="40,2700,0" yaku="12,1,54,1" doraHai="22" who="3" fromWho="3" sc="235,-8,291,-14,239,-8,235,30" /><INIT seed="2,0,0,3,3,62" ten="227,277,231,265" oya="2" hai0="66,86,34,28,112,23,126,52,32,74,55,124,106" hai1="36,39,133,125,113,8,94,25,127,92,88,129,61" hai2="0,103,110,26,13,27,97,68,59,6,69,116,101" hai3="41,130,47,53,75,21,72,123,12,73,135,90,109"/><V122/><F0/><W14/><G123/><T70/><D74/><U22/><E113/><V105/><F116/><W20/><G109/><T67/><D106/><U108/><E108/><V64/><F122/><W85/><G53/><N who="0" m="20555" /><D70/><U24/><E61/><V102/><F110/><W1/><G1/><T99/><D99/><U48/><E48/><V49/><F49/><W93/><G130/><T18/><D86/><U7/><E129/><V78/><F78/><W132/><G12/><N who="0" m="9671" /><D112/><U43/><E92/><N who="2" m="58535" /><F68/><W17/><REACH who="3" step="1"/><G21/><REACH who="3" ten="227,277,231,255" step="2"/><T81/><D34/><U16/><E24/><V19/><F27/><W84/><G84/><T115/><D115/><U104/><E25/><V63/><F105/><W76/><G76/><T82/><D32/><U5/><E104/><V51/><F26/><W38/><AGARI ba="0,1" hai="14,17,20,38,41,47,72,73,75,85,90,93,132,135" machi="38" ten="40,2700,0" yaku="1,1,0,1,53,0" doraHai="62" doraHaiUra="30" who="3" fromWho="3" sc="227,-7,277,-7,231,-13,255,37" /><INIT seed="3,0,0,3,1,5" ten="220,270,218,292" oya="3" hai0="120,95,96,61,63,60,119,48,17,43,133,73,1" hai1="99,87,24,65,56,28,88,67,128,123,90,92,116" hai2="85,106,118,114,14,74,35,7,93,58,68,122,78" hai3="57,132,27,22,55,18,76,47,54,134,26,69,31"/><W135/><G69/><T117/><D73/><U108/><E123/><V98/><F68/><W83/><G47/><T84/><D120/><U129/><E108/><V75/><F35/><W40/><G40/><T91/><D133/><U41/><E41/><V79/><F58/><W50/><G55/><T104/><D1/><U97/><E116/><V100/><F14/><W34/><G83/><T62/><N who="0" m="15360" /><DORA hai="11" /><T4/><D4/><U94/><E87/><V8/><F8/><W105/><REACH who="3" step="1"/><G76/><REACH who="3" ten="220,270,218,282" step="2"/><T51/><D119/><U89/><E56/><V19/><F79/><W10/><G10/><T77/><D117/><U110/><E110/><V59/><F78/><W0/><G0/><T33/><D43/><U16/><E89/><V49/><F59/><W115/><G115/><T66/><D77/><U80/><E80/><V109/><F118/><W131/><G131/><T25/><D66/><U42/><E42/><V23/><F114/><W20/><G20/><T21/><REACH who="0" step="1"/><D33/><REACH who="0" ten="210,270,218,282" step="2"/><U121/><E65/><V37/><F109/><W6/><G6/><T44/><D44/><U103/><E67/><V102/><F7/><W52/><G52/><T124/><D124/><U126/><E126/><V130/><F75/><W112/><G112/><T13/><D13/><U32/><E129/><V15/><F74/><W127/><G127/><T2/><D2/><U107/><E128/><V125/><F15/><W113/><G113/><T3/><D3/><U46/><E46/><V45/><F125/><W64/><G64/><T71/><D71/><U53/><E53/><V111/><F130/><W9/><G9/><RYUUKYOKU ba="0,2" sc="210,15,270,-15,218,-15,282,15" hai0="17,21,25,48,51,84,91,95,96,104" hai3="18,22,26,27,31,34,50,54,57,105,132,134,135" /><INIT seed="3,1,2,1,2,59" ten="225,255,203,297" oya="3" hai0="21,108,78,56,30,44,105,48,46,60,5,96,119" hai1="72,7,16,103,20,13,51,4,118,130,47,109,104" hai2="33,122,92,133,106,37,135,102,82,101,24,1,26" hai3="55,52,12,31,127,107,28,88,69,62,11,65,95"/><W80/><G107/><T124/><D119/><U110/><E72/><V68/><F106/><W66/><G127/><T74/><D124/><U116/><E103/><N who="2" m="39435" /><F37/><W84/><G66/><T2/><D96/><U100/><E100/><V50/><F1/><W87/><G31/><T79/><D105/><U58/><E58/><V45/><F68/><W64/><G64/><T32/><D32/><U61/><E61/><V67/><F67/><W53/><G28/><T131/><D108/><N who="1" m="41579" /><E104/><V8/><F8/><W134/><G134/><N who="2" m="51209" /><F33/><W73/><G73/><T126/><D74/><U115/><E115/><V23/><F122/><W18/><G55/><T132/><D2/><U6/><E130/><V38/><F38/><W36/><G36/><T54/><D131/><U89/><E89/><AGARI ba="1,2" hai="11,12,18,52,53,62,65,69,80,84,87,88,89,95" machi="89" ten="30,11600,0" yaku="7,1,52,1,54,2" doraHai="59" who="3" fromWho="1" sc="225,0,255,-119,203,0,297,139" /><INIT seed="3,2,0,0,2,116" ten="225,136,203,436" oya="3" hai0="57,22,46,35,111,36,47,92,49,11,25,50,118" hai1="89,122,71,93,80,95,66,129,123,119,63,64,98" hai2="97,24,3,126,58,130,34,87,48,54,94,8,83" hai3="53,133,4,60,9,82,107,91,127,67,77,120,131"/><W105/><G91/><T106/><D106/><U128/><E119/><V30/><F126/><W90/><G90/><T124/><D118/><U84/><E64/><V86/><F130/><N who="1" m="50281" /><E98/><V74/><F3/><N who="3" m="159" /><G53/><T1/><D35/><U45/><E45/><V100/><REACH who="2" step="1"/><F8/><REACH who="2" ten="225,136,193,436" step="2"/><W55/><G131/><T6/><D11/><U79/><E79/><AGARI ba="2,1" hai="24,30,34,48,54,58,74,79,83,86,87,94,97,100" machi="79" ten="40,2600,0" yaku="1,1,2,1,53,0" doraHai="116" doraHaiUra="0" who="2" fromWho="1" sc="225,0,136,-32,193,42,436,0" /><INIT seed="4,0,0,2,0,56" ten="225,104,235,436" oya="0" hai0="108,46,63,116,131,99,40,94,24,45,106,52,53" hai1="95,54,74,58,100,69,81,27,12,39,122,15,0" hai2="104,124,101,55,83,36,128,82,3,32,92,135,76" hai3="127,34,119,75,107,43,80,118,30,134,70,62,11"/><T111/><D116/><U87/><E122/><V102/><F32/><W23/><G23/><T105/><D131/><U18/><E0/><V79/><F3/><W42/><G42/><T133/><D133/><U71/><E39/><V44/><F55/><N who="0" m="21066" /><D24/><U129/><E129/><V50/><F50/><W60/><G43/><T4/><D4/><U110/><E110/><N who="0" m="42025" /><D46/><U115/><E74/><V47/><F36/><W10/><G75/><T13/><D13/><U120/><E120/><V72/><F72/><W73/><G73/><T8/><D8/><U132/><E132/><V22/><F47/><W26/><G134/><T9/><D9/><U85/><E115/><V65/><F44/><W86/><G11/><T96/><D63/><N who="1" m="36311" /><E69/><V41/><F128/><W67/><G62/><T89/><D99/><N who="1" m="59519" /><E71/><V33/><F135/><W14/><G14/><N who="1" m="5162" /><E81/><V19/><F82/><W98/><G10/><T20/><D20/><AGARI ba="0,0" hai="18,20,27,85,87" m="5162,59519,36311" machi="20" ten="30,2000,0" yaku="8,1,52,1" doraHai="56" who="1" fromWho="0" sc="225,-20,104,20,235,0,436,0" /><INIT seed="5,0,0,2,0,45" ten="205,124,235,436" oya="1" hai0="15,77,44,75,40,123,64,11,124,49,32,48,8" hai1="21,57,114,37,17,56,74,101,9,70,29,67,69" hai2="0,118,120,19,83,25,73,27,1,84,92,78,60" hai3="127,87,113,31,109,18,122,130,66,61,116,46,68"/><U5/><E114/><V88/><F118/><W35/><G18/><T131/><D32/><U7/><E37/><V85/><F120/><W23/><G23/><T50/><D123/><U133/><E133/><V20/><F60/><W82/><G122/><T47/><D124/><U12/><E74/><V55/><F55/><W71/><G71/><T63/><D131/><U135/><E135/><V97/><F27/><W125/><G109/><T30/><D30/><U36/><E36/><V111/><F111/><W6/><G6/><N who="1" m="2058" /><E70/><V59/><F59/><N who="1" m="22601" /><E69/><V10/><F10/><W132/><G68/><T94/><D64/><U99/><E67/><V14/><F25/><W51/><G66/><T95/><D63/><U110/><E110/><V91/><F73/><W72/><G61/><T62/><D62/><U100/><E99/><V22/><F22/><W34/><G72/><T80/><D47/><U93/><E93/><AGARI ba="0,0" hai="0,1,14,19,20,78,83,84,85,88,91,92,93,97" machi="93" ten="30,2000,0" yaku="7,1,54,1" doraHai="45" who="2" fromWho="1" sc="205,0,124,-20,235,20,436,0" /><INIT seed="6,0,0,3,2,22" ten="205,104,255,436" oya="2" hai0="88,9,114,118,47,95,69,135,51,2,116,12,106" hai1="96,61,18,62,70,38,28,30,46,123,63,75,131" hai2="93,86,125,124,56,134,117,85,87,45,32,65,74" hai3="100,104,11,66,115,36,89,101,84,55,35,97,71"/><V40/><F117/><N who="0" m="45162" /><D69/><U90/><E70/><V53/><F65/><W23/><G36/><T99/><D114/><U5/><E75/><V3/><F74/><W26/><G101/><T94/><D2/><U64/><E64/><V15/><F3/><W41/><G41/><N who="0" m="25071" /><D135/><U0/><E131/><V98/><F32/><W19/><G115/><T72/><D72/><U42/><E123/><V29/><F29/><N who="3" m="19895" /><G55/><T133/><D133/><U127/><E127/><V4/><F134/><W33/><G11/><T20/><D20/><U81/><E18/><V102/><F45/><W31/><G31/><T25/><D25/><U54/><E54/><V78/><F40/><W126/><G33/><T57/><D57/><U58/><E58/><V1/><F1/><W37/><G37/><T119/><D119/><U105/><E105/><V130/><F130/><W68/><G68/><T112/><D112/><U34/><E34/><V110/><F110/><W73/><G73/><T79/><D79/><U120/><E120/><V49/><F78/><W80/><G126/><T122/><D122/><U27/><E27/><V107/><F107/><W21/><G19/><N who="0" m="8591" /><D95/><N who="1" m="56439" /><E81/><V50/><F50/><W7/><G7/><T109/><D106/><U16/><E16/><V8/><AGARI ba="0,0" hai="4,8,15,49,53,56,85,86,87,93,98,102,124,125" machi="8" ten="30,1500,0" yaku="0,1" doraHai="22" who="2" fromWho="2" sc="205,-5,104,-5,255,15,436,-5" /><INIT seed="6,1,0,2,4,1" ten="200,99,270,431" oya="2" hai0="130,92,44,113,97,41,109,24,86,43,49,53,120" hai1="133,32,117,28,74,23,10,72,96,2,37,65,20" hai2="26,105,25,91,78,123,77,56,108,66,83,17,99" hai3="81,107,82,16,42,51,13,34,134,30,112,79,121"/><V115/><F123/><W100/><G121/><T104/><D120/><U6/><E117/><V80/><F115/><W128/><G112/><T38/><D109/><U5/><E37/><V3/><F3/><W119/><G119/><T12/><D104/><U11/><E133/><V129/><F129/><W68/><G68/><T58/><D113/><U7/><E65/><V52/><F66/><W0/><G0/><T76/><D130/><U15/><E96/><V4/><F26/><W55/><G42/><T36/><D24/><N who="1" m="18439" /><E74/><V118/><F105/><W85/><G134/><T35/><D35/><U101/><E72/><V75/><F91/><W103/><G107/><T126/><D86/><U122/><E101/><V57/><F25/><W84/><G34/><T132/><D76/><U9/><E122/><V64/><F99/><W46/><G30/><T19/><D132/><U45/><E45/><V135/><F80/><W60/><G60/><T111/><D111/><U114/><E114/><V67/><F83/><W63/><G63/><T22/><D43/><U8/><E2/><V14/><F67/><W54/><G54/><T61/><D38/><U39/><E39/><V31/><F64/><W102/><G128/><T93/><D97/><U62/><E62/><V89/><F75/><W21/><G102/><T94/><D36/><U110/><E110/><V50/><F108/><W27/><G27/><T90/><D90/><AGARI ba="1,0" hai="13,16,21,46,51,55,79,81,82,84,85,90,100,103" machi="90" ten="30,3900,0" yaku="7,1,8,1,54,1" doraHai="1" who="3" fromWho="0" sc="200,-42,99,0,270,0,431,42" /><INIT seed="7,0,0,4,3,0" ten="158,99,270,473" oya="3" hai0="127,116,120,53,50,38,102,57,54,80,133,44,89" hai1="97,92,14,110,107,49,94,56,106,48,117,58,132" hai2="101,52,1,71,40,47,13,46,93,104,21,10,3" hai3="39,45,32,76,79,100,20,85,113,96,108,64,87"/><W124/><G20/><T18/><D116/><U11/><E117/><V122/><F52/><W42/><G64/><T37/><D120/><U109/><E132/><V12/><F93/><W69/><G69/><T59/><D133/><U112/><E14/><V135/><F21/><W105/><G32/><T74/><D102/><U6/><E11/><V119/><F47/><W27/><G27/><T25/><D127/><U15/><E15/><V4/><F13/><W111/><G113/><T129/><D129/><U98/><E112/><V84/><F84/><N who="3" m="32331" /><G124/><T81/><D18/><U75/><E75/><V130/><F12/><W63/><G63/><T61/><D25/><U73/><E73/><V30/><F30/><W24/><G24/><T77/><D44/><U82/><E82/><V29/><F46/><W33/><G33/><T51/><D61/><U126/><E126/><V66/><F29/><W22/><G22/><T28/><D28/><U60/><E60/><V17/><F17/><W16/><G16/><T121/><D121/><U41/><E41/><V8/><F40/><W7/><G45/><T36/><D36/><U95/><E92/><V43/><F43/><W65/><G42/><T134/><D134/><U103/><E103/><V78/><F10/><W72/><G65/><T23/><D23/><U9/><E9/><V123/><F8/><W114/><G39/><T128/><D128/><U90/><E90/><V34/><F130/><W86/><G86/><AGARI ba="0,0" hai="37,38,50,51,53,54,57,59,74,77,80,81,86,89" machi="86" ten="40,1300,0" yaku="9,1" doraHai="0" who="0" fromWho="3" sc="158,13,99,0,270,0,473,-13" owari="171,-22.9,99,-40.1,270,7.0,460,56.0" /></mjloggm>