<mjloggm ver="2.3"><GO type="225" lobby="0"/><UN n0="%E5%91%A8%E6%9D%B1" n1="%40%77%61%6B%61" n2="%E6%A1%9C%E8%8A%B1%E9%96%83%E3%80%85" n3="%E4%BF%BA%E3%81%A8%E5%A6%96%E5%A4%A2" dan="16,16,16,16" rate="2153.16,2076.96,2194.38,2115.08" sx="M,M,M,F"/><TAIKYOKU oya="0"/><INIT seed="0,0,0,0,2,80" ten="250,250,250,250" oya="0" hai0="72,101,21,2,115,107,58,74,19,64,125,45,82" hai1="9,77,22,124,23,71,41,109,7,117,39,40,87" hai2="94,34,91,113,52,103,118,128,121,56,66,37,5" hai3="114,24,16,17,76,84,26,133,49,99,70,29,69"/><T32/><D115/><U47/><E117/><V79/><F113/><W3/><G114/><T93/><D32/><U120/><E120/><V50/><F121/><W51/><G99/><T18/><D2/><U85/><E71/><V90/><F118/><W31/><G76/><T97/><D125/><U129/><E129/><V88/><F128/><W46/><G46/><T13/><D45/><U15/><E124/><V0/><F34/><W110/><G3/><T78/><D19/><U96/><E41/><V126/><F37/><W6/><G6/><T43/><D43/><U30/><E109/><V27/><F79/><W33/><G33/><T36/><D36/><U28/><E96/><N who="2" m="59799" /><F0/><W86/><REACH who="3" step="1"/><G110/><REACH who="3" ten="250,250,250,240" step="2"/><T92/><REACH who="0" step="1"/><D74/><REACH who="0" ten="240,250,250,240" step="2"/><U11/><E47/><V61/><F126/><W106/><G106/><T48/><D48/><U35/><E39/><V81/><F5/><W1/><G1/><T54/><D54/><U111/><E35/><V63/><F50/><W104/><G104/><T44/><D44/><U55/><E55/><V67/><F52/><W131/><G131/><T42/><D42/><U132/><E40/><V20/><F67/><W134/><AGARI ba="0,2" hai="16,17,24,26,29,31,49,51,69,70,84,86,133,134" machi="134" ten="25,12000,2" yaku="1,1,0,1,22,2,52,2,54,1,53,0" doraHai="80" doraHaiUra="8" who="3" fromWho="3" sc="240,-60,250,-30,250,-30,240,140" /><INIT seed="1,0,0,3,5,58" ten="180,220,220,380" oya="1" hai0="125,132,75,114,89,7,40,128,73,3,21,27,93" hai1="98,34,50,61,84,53,115,52,43,134,110,81,130" hai2="23,83,82,5,55,92,109,33,48,87,18,123,32" hai3="12,121,14,95,107,60,9,6,63,35,30,37,24"/><U10/><E115/><V101/><F123/><W127/><G121/><T120/><D114/><U85/><E34/><V94/><F109/><W126/><G107/><T70/><D120/><U79/><E130/><V45/><F5/><W65/><G37/><T88/><D128/><U74/><E134/><V26/><F82/><W71/><G95/><T4/><D132/><U104/><E43/><V96/><REACH who="2" step="1"/><F94/><REACH who="2" ten="180,220,210,380" step="2"/><W117/><G117/><T116/><D116/><U106/><E110/><V1/><F1/><W25/><G25/><T16/><D3/><U112/><E104/><V11/><F11/><W103/><G14/><T78/><D7/><U129/><E10/><V22/><F22/><W102/><REACH who="3" step="1"/><G60/><REACH who="3" ten="180,220,210,370" step="2"/><T20/><D27/><U29/><E61/><V54/><F54/><W62/><G62/><T113/><D113/><U46/><E52/><V38/><F38/><W57/><G57/><T42/><D42/><U135/><E112/><V90/><AGARI ba="0,2" hai="18,23,26,32,33,45,48,55,83,87,90,92,96,101" machi="90" ten="20,5200,0" yaku="1,1,0,1,7,1,53,1" doraHai="58" doraHaiUra="86" who="2" fromWho="2" sc="180,-13,220,-26,210,72,370,-13" /><INIT seed="2,0,0,4,4,105" ten="167,194,282,357" oya="2" hai0="64,19,16,26,53,131,103,18,65,110,81,51,89" hai1="62,41,66,42,40,6,82,121,9,132,118,122,88" hai2="86,106,108,14,102,92,78,134,61,96,68,37,5" hai3="76,55,117,32,73,124,7,115,97,20,45,22,87"/><V44/><F134/><W8/><G117/><T113/><D113/><U135/><E118/><V58/><F68/><W63/><G32/><T35/><D110/><U74/><E66/><V3/><F3/><W93/><G115/><T123/><D123/><N who="1" m="47115" /><E62/><V98/><F108/><W69/><G124/><T109/><D109/><U83/><E88/><V111/><F111/><W67/><G87/><N who="0" m="50415" /><D35/><U70/><E70/><V127/><F127/><W33/><G55/><T21/><D103/><U100/><E100/><V25/><F25/><W43/><G45/><N who="0" m="27887" /><D131/><U95/><E95/><V13/><F5/><W49/><G49/><T91/><D91/><U17/><E17/><AGARI ba="0,0" hai="16,17,18,19,21,26,64,65" m="27887,50415" machi="17" ten="30,2000,0" yaku="8,1,54,1" doraHai="105" who="0" fromWho="1" sc="167,20,194,-20,282,0,357,0" /><INIT seed="3,0,0,0,1,21" ten="187,174,282,357" oya="3" hai0="109,36,127,80,121,43,23,0,45,130,69,110,28" hai1="18,95,17,8,101,26,132,106,88,87,85,74,54" hai2="30,66,46,58,51,82,4,115,116,108,68,77,78" hai3="96,111,84,32,119,120,97,38,24,102,50,64,113"/><W73/><G113/><T48/><D121/><U40/><E74/><V39/><F116/><W42/><G119/><T89/><D127/><U114/><E114/><V33/><F115/><W123/><G73/><T47/><D69/><U92/><E132/><V63/><F108/><N who="0" m="41578" /><D0/><U91/><E40/><V104/><F104/><W56/><G38/><T31/><D130/><U22/><E8/><V29/><F4/><W37/><G96/><T9/><D9/><U124/><E124/><V20/><F33/><W105/><G37/><T128/><D128/><U135/><E135/><V44/><F77/><W12/><G12/><T52/><D23/><U60/><E106/><V131/><F131/><W103/><G103/><T34/><D34/><U57/><E101/><V2/><F2/><W122/><G84/><AGARI ba="0,0" hai="28,31,36,43,45,47,48,52,80,84,89" m="41578" machi="84" ten="30,2000,0" yaku="14,1,54,1" doraHai="21" who="0" fromWho="3" sc="187,20,174,0,282,0,357,-20" owari="207,-19.3,174,-32.6,282,8.2,337,43.7" /></mjloggm>