<mjloggm ver="2.3"><GO type="169" lobby="0"/><UN n0="%E9%81%A0%E8%BF%91%E9%99%B0%E6%99%B4%E7%9A%86%E5%85%A5%E5%BF%83" n1="%6B%6F%72%69%6E%6F%62%61" n2="%6F%74%79%6D%32%34" n3="%E4%B8%89%E5%8D%81%E7%94%BB%E7%94%9F" dan="17,16,16,16" rate="2190.65,2161.70,2063.97,2123.75" sx="F,M,M,M"/><TAIKYOKU oya="0"/><INIT seed="0,0,0,5,3,42" ten="250,250,250,250" oya="0" hai0="24,28,134,36,100,128,89,101,105,33,84,27,35" hai1="10,93,65,66,29,122,6,44,126,51,9,54,121" hai2="1,11,56,13,130,104,81,123,19,102,76,49,118" hai3="96,86,109,120,12,83,38,78,23,31,45,73,80"/><T69/><D134/><U103/><E126/><V124/><F123/><W26/><G109/><T115/><D115/><U91/><E103/><V77/><F124/><W8/><G120/><T32/><D128/><U60/><E29/><V47/><F130/><W5/><G96/><T129/><D129/><U21/><E21/><V48/><F118/><W58/><G58/><T57/><D69/><U87/><E9/><V37/><F1/><W74/><REACH who="3" step="1"/><G80/><REACH who="3" ten="250,250,250,240" step="2"/><T94/><D57/><U40/><E121/><V75/><F56/><W15/><G15/><T95/><D27/><U61/><E122/><V88/><F81/><W106/><G106/><T108/><D108/><U7/><E61/><V116/><F104/><W64/><G64/><T71/><D71/><U59/><REACH who="1" step="1"/><E7/><REACH who="1" ten="250,240,250,240" step="2"/><V119/><F119/><W22/><G22/><T133/><D32/><U72/><E72/><V39/><F75/><W125/><G125/><T2/><D33/><U131/><E131/><V25/><F116/><W63/><G63/><T62/><D62/><U114/><E114/><V79/><F11/><W20/><G20/><T113/><D113/><U46/><E46/><V82/><F47/><W135/><G135/><T107/><D133/><U117/><E117/><V41/><F25/><W67/><G67/><T85/><D24/><U55/><E55/><V127/><F127/><W52/><G52/><T34/><D35/><U97/><E97/><V14/><F41/><AGARI ba="0,2" hai="5,8,12,23,26,31,38,41,45,73,74,78,83,86" machi="41" ten="40,2600,0" yaku="1,1,52,1,53,0" doraHai="42" doraHaiUra="98" who="3" fromWho="2" sc="250,0,240,0,250,-26,240,46" /><INIT seed="1,0,0,5,2,53" ten="250,240,224,286" oya="1" hai0="69,45,55,34,116,125,44,113,50,16,32,97,119" hai1="89,107,94,31,58,52,12,24,14,2,131,23,46" hai2="36,81,76,82,22,83,86,62,106,130,27,128,21" hai3="109,39,118,18,3,78,10,102,101,33,57,49,93"/><U25/><E131/><N who="2" m="50219" /><F106/><W129/><G109/><T9/><D113/><U5/><E107/><V37/><F62/><W96/><G39/><N who="2" m="14921" /><F22/><W35/><G78/><T65/><D125/><U30/><E46/><V71/><F71/><W104/><G104/><T51/><D69/><U133/><E133/><V120/><F120/><W87/><G102/><T111/><D65/><U20/><E5/><V127/><F127/><W108/><G101/><T92/><D111/><U110/><E2/><V84/><F76/><W88/><G3/><T79/><D79/><U121/><E121/><V85/><F21/><W122/><G122/><T61/><D61/><U132/><E132/><V38/><N who="2" m="14929" /><V90/><DORA hai="6" /><F90/><W95/><G88/><T105/><D105/><U17/><E17/><V126/><F126/><W15/><G18/><T70/><D70/><U72/><E72/><V112/><F27/><W47/><G108/><T60/><D60/><N who="1" m="35911" /><E110/><V41/><F41/><W98/><G35/><T75/><D75/><U135/><E135/><V4/><F4/><W64/><G33/><T13/><D32/><U54/><E54/><V66/><F66/><W73/><G64/><T26/><D34/><U68/><E68/><V115/><AGARI ba="0,0" hai="81,82,83,84,85,86,112,115" m="14929,50219" machi="115" ten="60,7900,0" yaku="28,2,19,1" doraHai="53,6" who="2" fromWho="2" sc="250,-20,240,-39,224,79,286,-20" /><INIT seed="2,0,0,0,1,130" ten="230,201,303,266" oya="2" hai0="75,67,63,48,2,44,51,83,52,81,47,107,89" hai1="70,96,24,112,35,134,87,59,129,10,17,27,43" hai2="39,106,11,122,82,90,126,26,12,84,20,105,18" hai3="13,41,69,93,95,55,49,74,125,36,7,32,113"/><V14/><F126/><W28/><G125/><T85/><D107/><U102/><E70/><V117/><F117/><W101/><G74/><T72/><D2/><U9/><E112/><V77/><F122/><W133/><G69/><T16/><D81/><U79/><E129/><V3/><F3/><W6/><G36/><T42/><REACH who="0" step="1"/><D16/><REACH who="0" ten="220,201,303,266" step="2"/><U1/><E17/><V38/><F105/><W135/><G113/><T73/><D73/><U116/><E1/><V62/><F106/><W66/><G13/><T29/><D29/><U124/><E124/><V30/><F14/><W76/><G7/><T86/><D86/><U71/><E87/><V104/><F104/><W5/><G5/><T103/><D103/><U45/><E102/><V64/><REACH who="2" step="1"/><F77/><REACH who="2" ten="220,201,293,266" step="2"/><W50/><G76/><T108/><D108/><U8/><E79/><V92/><F92/><W68/><G95/><T120/><D120/><U78/><E78/><V118/><F118/><W4/><G93/><T127/><D127/><U65/><E116/><V100/><F100/><W57/><G101/><T54/><D54/><U88/><E96/><V119/><F119/><W15/><G15/><T132/><D132/><U58/><E134/><V111/><F111/><W22/><G133/><T0/><D0/><U110/><E110/><V56/><AGARI ba="0,2" hai="11,12,18,20,26,30,38,39,56,62,64,82,84,90" machi="56" ten="20,3900,0" yaku="1,1,0,1,7,1,53,0" doraHai="130" doraHaiUra="98" who="2" fromWho="2" sc="220,-13,201,-13,293,59,266,-13" /><INIT seed="2,1,0,3,2,127" ten="207,188,352,253" oya="2" hai0="7,27,96,30,132,20,24,0,32,44,66,82,103" hai1="31,89,46,76,73,39,51,3,16,70,112,126,119" hai2="55,116,122,121,78,40,45,123,49,108,97,79,129" hai3="35,12,101,61,105,88,28,111,43,36,68,50,71"/><V56/><F116/><W100/><G111/><T62/><D132/><U125/><E112/><V107/><F108/><W120/><G120/><T104/><D82/><U23/><E39/><V92/><F107/><W19/><G36/><T9/><D44/><U58/><E70/><V83/><F83/><W41/><G35/><T63/><REACH who="0" step="1"/><D66/><REACH who="0" ten="197,188,352,253" step="2"/><U4/><E46/><V5/><F123/><W102/><G105/><T135/><D135/><U59/><E125/><V75/><F122/><W133/><G133/><T8/><D8/><U95/><E126/><V91/><F121/><W42/><G42/><T90/><D90/><U80/><E119/><V124/><F124/><W52/><G43/><T1/><D1/><U14/><E3/><V6/><F45/><W99/><G41/><T33/><D33/><U2/><E2/><V57/><F40/><W85/><G88/><T67/><D67/><U130/><E89/><V13/><F91/><W118/><G118/><T21/><D21/><U11/><E11/><V54/><F79/><W53/><G102/><T47/><D47/><U74/><E80/><V77/><F78/><W22/><G101/><T60/><D60/><U113/><E76/><V87/><F77/><W86/><G22/><T48/><D48/><U128/><E51/><V25/><F49/><W98/><G100/><T34/><D34/><U84/><E23/><V134/><F134/><W114/><G50/><T69/><D69/><U106/><E113/><V109/><F109/><W37/><G71/><T38/><D38/><U15/><E74/><V110/><F75/><W81/><G114/><RYUUKYOKU ba="1,1" sc="197,30,188,-10,352,-10,253,-10" hai0="0,7,9,20,24,27,30,32,62,63,96,103,104" /><INIT seed="3,2,1,0,2,69" ten="227,178,342,243" oya="3" hai0="0,31,10,61,130,78,86,45,32,30,134,39,116" hai1="94,65,126,6,101,48,46,112,89,93,90,64,117" hai2="73,76,27,26,99,11,16,91,114,96,109,5,80" hai3="107,58,128,34,132,74,77,40,49,28,42,66,104"/><W105/><G132/><T52/><D116/><U63/><E112/><V15/><F114/><W3/><G3/><T41/><D134/><U53/><E117/><V1/><F109/><W71/><G71/><T135/><D135/><U120/><E120/><V35/><F91/><W13/><G128/><T9/><D130/><U72/><E72/><V55/><F55/><W38/><G34/><T8/><D0/><U36/><E36/><V33/><F33/><W50/><G28/><T85/><D32/><U110/><E110/><V122/><F122/><W95/><G77/><T125/><D125/><U43/><E126/><V115/><F115/><W118/><G74/><T57/><REACH who="0" step="1"/><D86/><REACH who="0" ten="217,178,342,243" step="2"/><U23/><E101/><V124/><F124/><W4/><G118/><T19/><D19/><U97/><E6/><V133/><F133/><W79/><G4/><T98/><D98/><N who="1" m="57647" /><E23/><V2/><F2/><W59/><G104/><T129/><D129/><U92/><E92/><V37/><F35/><W127/><G95/><T21/><D21/><U68/><E68/><V24/><REACH who="2" step="1"/><F37/><REACH who="2" ten="217,178,332,243" step="2"/><W119/><G38/><T29/><D29/><U121/><E121/><V56/><F56/><AGARI ba="2,3" hai="43,46,48,53,56,63,64,65,90,94,97" m="57647" machi="56" ten="30,1000,0" yaku="8,1" doraHai="69" who="1" fromWho="2" sc="217,0,178,46,332,-16,243,0" /><INIT seed="4,0,0,3,5,47" ten="217,224,316,243" oya="0" hai0="25,35,68,95,1,124,29,106,36,20,77,110,31" hai1="54,97,44,73,10,107,40,7,59,27,70,132,121" hai2="127,129,69,103,21,93,28,80,88,22,130,67,125" hai3="133,119,104,83,108,91,24,32,114,84,96,37,79"/><T55/><D106/><U53/><E121/><V102/><F67/><W46/><G108/><T134/><D110/><U135/><E70/><V72/><F69/><W111/><G111/><T42/><D68/><U6/><E73/><V100/><F28/><W85/><G119/><T90/><D1/><U115/><E115/><V112/><F21/><W34/><G133/><T113/><D113/><U11/><E27/><V117/><F22/><W16/><G114/><T128/><D134/><U74/><E74/><V50/><F50/><W101/><G37/><T14/><D124/><N who="2" m="47690" /><F112/><W3/><G3/><T92/><D128/><N who="2" m="49258" /><F117/><W89/><G46/><T66/><D66/><U122/><E132/><V0/><F0/><W58/><G58/><T76/><D92/><U23/><E23/><V109/><F109/><W123/><G34/><T33/><D55/><U105/><E135/><V63/><F63/><W48/><G32/><T2/><D2/><U116/><E116/><V65/><F65/><W19/><G24/><T12/><D42/><U71/><E71/><V51/><F51/><W38/><G48/><T60/><D36/><U82/><E40/><V5/><F5/><W98/><G38/><T75/><D60/><U17/><E59/><V87/><F72/><W126/><G126/><T52/><D75/><U18/><E44/><V8/><F8/><W81/><G123/><T118/><D118/><U57/><E57/><V56/><F56/><W61/><G61/><T13/><D20/><U15/><E54/><V43/><F43/><W30/><G30/><T94/><D52/><U131/><E53/><RYUUKYOKU ba="0,0" sc="217,-15,224,-15,316,15,243,15" hai2="80,87,88,93,100,102,103" hai3="16,19,79,81,83,84,85,89,91,96,98,101,104" /><INIT seed="5,1,0,4,3,60" ten="202,209,331,258" oya="1" hai0="103,114,43,81,24,93,65,116,30,51,79,115,45" hai1="75,8,27,68,73,133,67,85,6,16,88,101,71" hai2="109,132,77,49,96,70,22,23,37,90,104,110,57" hai3="1,89,131,95,47,78,29,76,124,100,48,72,5"/><U4/><E133/><V123/><F37/><W98/><G131/><T41/><D116/><U14/><E101/><V34/><F34/><W38/><G124/><T113/><D103/><U56/><E71/><V35/><F35/><W55/><G38/><T126/><D126/><U21/><E68/><V134/><F70/><W2/><G29/><T44/><D93/><U91/><E91/><V18/><F77/><W94/><G5/><T121/><D121/><U58/><E75/><V92/><F104/><W69/><G69/><T118/><D118/><U36/><E73/><V7/><F7/><W117/><G117/><T130/><D130/><U31/><E36/><V42/><F123/><W11/><G11/><T120/><D120/><U26/><E67/><V82/><F23/><W62/><G62/><T59/><D59/><N who="1" m="22571" /><E27/><N who="2" m="14807" /><F82/><AGARI ba="1,0" hai="4,6,8,14,16,21,26,31,82,85,88" m="22571" machi="82" ten="30,5800,0" yaku="8,1,54,2" doraHai="60" who="1" fromWho="2" sc="202,0,209,61,331,-61,258,0" /><INIT seed="5,2,0,5,2,119" ten="202,270,270,258" oya="1" hai0="18,8,12,96,95,81,35,135,68,89,13,60,72" hai1="124,99,38,56,130,128,73,129,117,19,106,103,24" hai2="111,61,87,29,26,44,32,25,131,10,109,107,113" hai3="50,48,74,28,40,52,46,64,20,102,126,133,78"/><U49/><E117/><V22/><F107/><W75/><G126/><T83/><D35/><U110/><E38/><V43/><F131/><W115/><G115/><T90/><D135/><U39/><E39/><V0/><F113/><W100/><G133/><T11/><D72/><U69/><E124/><V58/><F87/><W62/><G74/><T77/><D77/><U4/><E69/><V82/><F82/><W41/><G78/><T36/><D36/><U63/><E73/><V7/><F44/><W98/><G75/><T14/><D68/><U66/><E4/><V71/><F43/><W112/><G112/><T88/><D60/><U30/><E49/><V16/><REACH who="2" step="1"/><F71/><REACH who="2" ten="202,270,260,258" step="2"/><W54/><G41/><T9/><REACH who="0" step="1"/><D18/><REACH who="0" ten="192,270,260,258" step="2"/><U86/><E19/><V17/><F17/><W105/><G40/><T47/><D47/><U132/><E132/><V42/><F42/><W121/><G46/><T91/><AGARI ba="2,2" hai="8,9,11,12,13,14,81,83,88,89,90,91,95,96" machi="91" ten="40,12000,2" yaku="1,1,0,1,29,2,8,1,54,1,53,0" doraHai="119" doraHaiUra="2" who="0" fromWho="0" sc="192,146,270,-62,260,-32,258,-32" /><INIT seed="6,0,0,1,5,68" ten="338,208,228,226" oya="2" hai0="73,115,47,17,90,2,22,53,64,16,116,104,49" hai1="80,105,30,102,122,128,106,74,103,129,46,50,35" hai2="58,28,60,14,23,81,113,39,42,134,21,11,40" hai3="66,92,48,125,61,65,44,85,119,99,5,121,108"/><V37/><F113/><W78/><G108/><T45/><D104/><N who="1" m="40043" /><E30/><V25/><F134/><W41/><G121/><T51/><D2/><U6/><E35/><V59/><F81/><W52/><G125/><T124/><D73/><U88/><E6/><V110/><F110/><W93/><G119/><T91/><D116/><U62/><E62/><V4/><F59/><N who="3" m="35047" /><G5/><T84/><D115/><U57/><E57/><V77/><F77/><W56/><G56/><T76/><D64/><N who="3" m="24681" /><G99/><T133/><D133/><U117/><E117/><V123/><F123/><W96/><G96/><T120/><D120/><U26/><E122/><V83/><F83/><AGARI ba="0,0" hai="41,44,48,78,83,85,92,93" m="24681,35047" machi="83" ten="30,2000,0" yaku="8,1,54,1" doraHai="68" who="3" fromWho="2" sc="338,0,208,0,228,-20,226,20" /><INIT seed="7,0,0,0,5,15" ten="338,208,208,246" oya="3" hai0="45,33,73,78,9,109,104,54,38,25,132,111,83" hai1="77,122,110,32,10,5,17,121,3,130,7,120,47" hai2="101,43,129,106,92,99,65,116,28,134,84,112,34" hai3="91,89,44,133,87,90,19,62,114,107,72,74,66"/><W41/><G114/><T86/><D104/><U67/><E110/><V97/><F116/><W42/><G107/><T115/><D115/><U118/><E118/><V52/><F112/><W70/><G133/><T128/><D132/><U127/><E127/><V124/><F134/><W80/><G74/><T16/><D128/><U94/><E130/><V40/><F129/><W0/><G72/><T51/><D38/><U125/><E125/><V93/><F124/><W18/><G0/><T126/><D126/><U76/><E32/><V95/><F99/><W22/><G42/><T39/><D39/><U14/><E67/><V31/><F84/><W24/><REACH who="3" step="1"/><G19/><REACH who="3" ten="338,208,208,236" step="2"/><T36/><D73/><U46/><E17/><V119/><F119/><W48/><AGARI ba="0,1" hai="18,22,24,41,44,48,62,66,70,80,87,89,90,91" machi="48" ten="20,12000,1" yaku="1,1,2,1,0,1,7,1,52,1,53,0" doraHai="15" doraHaiUra="8" who="3" fromWho="3" sc="338,-40,208,-40,208,-40,236,130" owari="298,9.8,168,-23.2,168,-33.2,366,46.6" /></mjloggm>