<mjloggm ver="2.3"><GO type="169" lobby="0"/><UN n0="%54%61%62%61%73%63%6F" n1="%74%73%75%6B%69%31" n2="%E3%81%BE%E3%81%A8%E3%81%9F" n3="%6D%65%6C%65%78" dan="16,16,16,16" rate="2104.61,2130.92,2112.26,2086.20" sx="M,M,M,M"/><TAIKYOKU oya="0"/><INIT seed="0,0,0,1,4,125" ten="250,250,250,250" oya="0" hai0="78,112,18,84,23,80,74,10,11,13,89,122,22" hai1="19,17,100,65,12,2,29,50,41,109,36,26,118" hai2="40,93,43,132,131,4,95,69,82,7,73,3,105" hai3="55,91,114,119,83,61,86,47,33,38,72,35,133"/><T32/><D32/><U68/><E2/><V79/><F69/><W77/><G114/><T126/><D126/><U56/><E118/><V28/><F105/><W0/><G133/><T87/><D122/><U64/><E100/><V129/><F132/><W49/><G119/><T24/><D112/><U70/><E19/><V46/><F28/><W9/><G38/><T62/><D62/><U106/><E106/><V63/><F63/><W58/><G0/><T127/><D74/><U128/><E109/><V5/><F3/><W98/><G98/><T25/><D13/><U117/><E12/><V102/><F40/><W111/><G9/><T108/><D108/><U15/><E36/><V96/><REACH who="2" step="1"/><F95/><REACH who="2" ten="250,250,240,250" step="2"/><W6/><G111/><T123/><D127/><U76/><E41/><V103/><F103/><W75/><G33/><T39/><D123/><U92/><E92/><V57/><F57/><W101/><G35/><T51/><D39/><AGARI ba="0,1" hai="4,5,7,39,43,46,73,79,82,93,96,102,129,131" machi="39" ten="40,8000,1" yaku="1,1,52,2,53,1" doraHai="125" doraHaiUra="97" who="2" fromWho="0" sc="250,-80,250,0,240,90,250,0" /><INIT seed="1,0,0,2,5,122" ten="170,250,330,250" oya="1" hai0="102,83,128,22,74,45,19,0,133,99,1,32,49" hai1="87,8,60,39,123,105,67,89,54,24,91,14,76" hai2="28,79,95,106,134,48,100,27,53,110,116,65,84" hai3="34,15,44,51,88,20,135,64,59,132,3,75,29"/><U104/><E123/><V36/><F116/><W11/><G75/><T109/><D128/><U77/><E39/><V42/><F106/><W114/><G114/><T43/><D133/><N who="3" m="51273" /><G3/><T2/><D32/><U6/><E105/><V31/><F65/><W40/><G88/><T96/><D96/><U18/><E104/><V81/><F42/><W107/><G107/><T113/><D113/><U9/><E54/><V12/><F36/><W21/><G34/><T121/><D121/><U108/><E89/><V103/><F28/><W66/><G29/><T93/><D74/><U58/><E108/><V80/><F12/><W17/><G64/><T101/><D83/><U35/><E35/><V72/><F95/><W56/><G59/><T30/><D30/><U4/><E24/><V94/><F94/><W68/><G68/><T52/><D109/><U120/><E120/><V112/><F110/><W82/><G82/><T85/><D85/><U86/><E86/><V33/><F112/><W126/><G126/><T26/><REACH who="0" step="1"/><D101/><REACH who="0" ten="160,250,330,250" step="2"/><U61/><E87/><V125/><F134/><W70/><G70/><T55/><AGARI ba="0,1" hai="0,1,2,19,22,26,43,45,49,52,55,93,99,102" machi="55" ten="40,8000,1" yaku="1,1,2,1,0,1,54,1,53,1" doraHai="122" doraHaiUra="47" who="0" fromWho="0" sc="160,90,250,-40,330,-20,250,-20" /><INIT seed="2,0,0,3,2,127" ten="250,210,310,230" oya="2" hai0="118,45,54,14,50,31,22,84,49,25,17,91,18" hai1="123,105,33,11,106,5,72,55,121,0,132,114,3" hai2="104,103,2,1,111,80,10,87,65,131,113,28,74" hai3="36,96,4,20,110,119,98,95,19,128,34,100,39"/><V112/><F111/><W73/><G119/><T129/><D129/><U47/><E114/><V41/><F74/><W38/><G34/><T83/><D118/><U70/><E70/><V77/><F28/><W102/><G110/><T21/><REACH who="0" step="1"/><D50/><REACH who="0" ten="240,210,310,230" step="2"/><U126/><E121/><V59/><F131/><W37/><G128/><T48/><D48/><U57/><E123/><V23/><F112/><W117/><G117/><T66/><D66/><U97/><E126/><V124/><F65/><W133/><G38/><T30/><AGARI ba="0,1" hai="14,17,18,21,22,25,30,31,45,49,54,83,84,91" machi="30" ten="30,4000,0" yaku="1,1,0,1,8,1,53,0" doraHai="127" doraHaiUra="108" who="0" fromWho="0" sc="240,50,210,-10,310,-20,230,-10" /><INIT seed="3,0,0,1,2,11" ten="290,200,290,220" oya="3" hai0="84,120,96,17,42,28,21,60,55,89,129,110,82" hai1="134,14,69,54,41,59,94,114,125,118,37,90,104" hai2="124,77,73,4,127,32,58,63,23,6,132,119,102" hai3="43,15,83,3,13,74,18,53,40,91,62,51,123"/><W92/><G123/><T97/><D120/><U52/><E104/><V98/><F119/><W57/><G3/><T130/><D110/><U25/><E69/><V33/><F23/><W76/><G62/><T47/><D28/><U126/><E114/><V12/><F77/><W106/><G106/><T65/><D55/><U105/><E105/><V0/><F0/><W85/><REACH who="3" step="1"/><G15/><REACH who="3" ten="290,200,290,210" step="2"/><T99/><D60/><U112/><E14/><V81/><F12/><W116/><G116/><T79/><D129/><U46/><E118/><V48/><F63/><W88/><G88/><T103/><D130/><U7/><E90/><V35/><F102/><W111/><G111/><T135/><D103/><U87/><E125/><V117/><F127/><W45/><G45/><T121/><D121/><U36/><E126/><V19/><F117/><W34/><G34/><T72/><D89/><U71/><E46/><V10/><F124/><W24/><G24/><T39/><D47/><U100/><E25/><V70/><F32/><W31/><G31/><T56/><D65/><U131/><E100/><V95/><F33/><W44/><G44/><T128/><D128/><U75/><E131/><V67/><F132/><W1/><G1/><T133/><D133/><U2/><E134/><V5/><F35/><W122/><G122/><T66/><D135/><U61/><E2/><V27/><F27/><W22/><AGARI ba="0,1" hai="13,18,22,40,43,51,53,57,74,76,83,85,91,92" machi="22" ten="20,18000,2" yaku="1,1,0,1,7,1,25,2,52,1,53,1" doraHai="11" doraHaiUra="50" who="3" fromWho="3" sc="290,-60,200,-60,290,-60,210,190" /><INIT seed="3,1,0,0,5,1" ten="230,140,230,400" oya="3" hai0="18,114,10,87,92,0,57,74,24,54,45,28,11" hai1="55,130,15,48,120,29,8,118,119,9,49,40,12" hai2="125,52,103,26,66,35,67,43,86,51,27,121,115" hai3="97,34,129,2,73,111,83,19,96,62,70,106,126"/><W94/><G2/><T22/><D74/><U7/><E120/><V16/><F115/><W39/><G39/><T61/><D114/><U88/><E29/><V47/><F125/><W101/><G34/><T71/><D71/><U20/><E20/><N who="2" m="13575" /><F35/><W72/><G70/><T13/><D45/><U6/><E130/><V68/><F68/><W76/><G62/><T105/><D105/><U33/><E33/><V38/><F38/><W5/><G5/><T65/><D65/><N who="2" m="24586" /><F103/><N who="3" m="62823" /><G19/><T3/><D11/><U107/><E107/><V110/><F110/><W59/><G59/><T14/><D14/><U50/><E40/><V84/><F121/><W102/><G126/><T53/><D53/><U82/><E55/><V132/><F132/><W89/><G129/><T81/><D3/><U21/><E21/><V117/><F117/><W131/><G131/><T80/><D0/><U25/><E25/><V63/><F27/><W124/><G124/><T123/><D123/><U85/><AGARI ba="1,0" hai="6,7,8,9,12,15,48,49,50,82,85,88,118,119" machi="85" ten="30,8000,1" yaku="0,1,9,1,52,2,54,1" doraHai="1" who="1" fromWho="1" sc="230,-21,140,83,230,-21,400,-41" /><INIT seed="4,0,0,4,4,121" ten="209,223,209,359" oya="0" hai0="57,80,120,90,30,28,45,83,22,112,124,88,115" hai1="126,56,70,93,44,107,37,4,127,32,52,95,5" hai2="25,105,58,47,10,118,20,102,123,0,101,129,6" hai3="48,64,84,110,3,108,27,26,87,76,133,67,119"/><T11/><D120/><U117/><E107/><V16/><F123/><W116/><G48/><T40/><D57/><U79/><E32/><V100/><F129/><W81/><G81/><N who="0" m="31307" /><D11/><U13/><E79/><V49/><F118/><W106/><G133/><T96/><D124/><N who="1" m="47659" /><E70/><V54/><REACH who="2" step="1"/><F58/><REACH who="2" ten="209,223,199,359" step="2"/><W7/><G116/><T29/><D112/><U73/><E117/><V65/><F65/><W59/><G119/><T66/><D115/><U24/><E73/><V14/><F14/><W38/><G59/><T128/><D128/><U63/><E24/><V33/><F33/><W75/><G75/><T69/><D66/><U74/><E74/><V46/><F46/><W8/><G64/><T35/><D35/><U17/><E44/><V34/><F34/><W125/><G67/><T99/><D69/><U85/><E37/><V62/><F62/><W94/><G38/><T89/><D22/><U130/><E130/><V82/><F82/><W113/><G125/><T1/><D1/><U41/><E63/><V72/><F72/><W12/><G3/><T23/><D23/><U53/><E56/><V97/><AGARI ba="0,1" hai="0,6,10,16,20,25,47,49,54,97,100,101,102,105" machi="97" ten="30,4000,0" yaku="1,1,0,1,54,1,53,0" doraHai="121" doraHaiUra="109" who="2" fromWho="2" sc="209,-20,223,-10,199,50,359,-10" /><INIT seed="5,0,0,4,4,32" ten="189,213,249,349" oya="1" hai0="108,87,55,101,66,35,50,110,22,96,112,26,123" hai1="29,9,15,42,57,44,119,107,3,120,69,78,103" hai2="76,95,106,124,68,94,12,116,11,5,91,53,39" hai3="122,40,81,115,80,85,104,28,129,6,73,132,75"/><U100/><E119/><V52/><F116/><W82/><G122/><T46/><D112/><U41/><E69/><V0/><F106/><W63/><G104/><T102/><D123/><U121/><E78/><V111/><F68/><W105/><G105/><T7/><D35/><U126/><E126/><V133/><F39/><W27/><G129/><T20/><D20/><U4/><E121/><V51/><F111/><W58/><G40/><T36/><D102/><U49/><E41/><V8/><F124/><W1/><G115/><T16/><D66/><U62/><E120/><V127/><F133/><W79/><G132/><T74/><D74/><U19/><E29/><V131/><F131/><W61/><G61/><T17/><D36/><U18/><E18/><V70/><F70/><W125/><G125/><T88/><D7/><U38/><E38/><V135/><F127/><W109/><G109/><T118/><D17/><U10/><REACH who="1" step="1"/><E107/><REACH who="1" ten="189,203,249,349" step="2"/><V23/><F135/><W117/><G79/><T37/><D37/><U84/><E84/><V60/><F76/><W113/><G85/><T48/><D118/><U24/><E24/><V14/><F94/><W83/><G117/><T90/><D87/><U128/><E128/><V92/><F95/><W72/><G72/><T134/><D134/><U130/><E130/><V86/><F92/><W21/><G73/><T45/><D110/><U98/><E98/><V71/><F86/><W59/><G75/><T64/><D108/><U31/><E31/><V2/><F5/><W97/><G6/><T89/><D96/><U30/><E30/><V65/><F71/><RYUUKYOKU ba="0,1" sc="189,-10,203,30,249,-10,349,-10" hai1="3,4,9,10,15,19,42,44,49,57,62,100,103" /><INIT seed="5,1,1,1,5,111" ten="179,233,239,339" oya="1" hai0="126,94,20,39,37,122,34,119,56,80,102,23,53" hai1="110,77,125,17,89,31,6,47,99,25,84,40,51" hai2="19,45,120,72,42,114,62,65,85,69,70,28,134" hai3="87,104,46,118,82,16,11,76,97,13,35,81,117"/><U18/><E110/><V71/><F120/><W103/><G35/><T15/><D119/><N who="3" m="45577" /><G82/><T12/><D34/><U95/><E125/><V63/><F72/><W130/><G46/><T44/><D126/><U36/><E36/><V74/><F74/><W22/><G130/><T116/><D116/><U79/><E6/><V106/><F106/><W90/><G22/><T26/><D80/><U43/><E43/><V132/><F28/><W61/><G61/><N who="2" m="23049" /><F85/><W29/><G29/><T54/><D122/><U8/><E84/><V127/><F19/><W58/><G58/><T14/><D44/><U41/><E41/><V50/><F127/><W32/><G32/><T101/><D56/><U48/><E48/><V88/><F65/><W9/><G9/><T55/><D94/><U96/><E96/><V38/><F38/><N who="0" m="14346" /><D26/><U33/><REACH who="1" step="1"/><E8/><REACH who="1" ten="179,223,239,339" step="2"/><V92/><F50/><W60/><G60/><T133/><D133/><N who="2" m="51306" /><F42/><W128/><G128/><T123/><D123/><U121/><E121/><V131/><F131/><W7/><G7/><T5/><D5/><U129/><E129/><V3/><F45/><W27/><G76/><AGARI ba="1,2" hai="17,18,25,31,33,40,47,51,76,77,79,89,95,99" machi="76" ten="40,2000,0" yaku="1,1,53,0" doraHai="111" doraHaiUra="98" who="1" fromWho="3" sc="179,0,223,43,239,0,339,-23" /><INIT seed="5,2,0,4,0,0" ten="179,266,239,316" oya="1" hai0="96,18,16,21,128,4,135,121,35,82,131,8,26" hai1="120,6,1,44,30,94,123,5,54,97,23,101,85" hai2="133,60,22,69,38,47,75,129,98,10,64,105,55" hai3="127,32,122,87,17,114,108,9,56,14,68,61,45"/><U39/><E1/><V28/><F75/><W103/><G108/><T19/><D96/><U110/><E110/><V66/><F133/><W13/><G122/><T107/><D107/><U125/><E125/><V88/><F66/><W33/><G127/><T99/><D99/><U53/><E123/><V52/><F129/><N who="0" m="49738" /><D121/><U124/><E124/><V29/><F10/><W73/><G73/><T40/><D40/><U67/><E39/><V37/><F28/><W117/><G114/><T84/><D35/><U79/><E67/><V65/><F65/><BYE who="2" /><UN n2="%E3%81%BE%E3%81%A8%E3%81%9F" /><W93/><G68/><T7/><D135/><U48/><E54/><V31/><F31/><W80/><G45/><T104/><D104/><U81/><E120/><V116/><F116/><W83/><G83/><T15/><D19/><U57/><E44/><V132/><F132/><W72/><G72/><T89/><AGARI ba="2,0" hai="4,7,8,15,16,18,21,26,82,84,89" m="49738" machi="89" ten="30,7900,0" yaku="19,1,52,2,54,1" doraHai="0" who="0" fromWho="0" sc="179,85,266,-41,239,-22,316,-22" /><INIT seed="6,0,0,2,4,121" ten="264,225,217,294" oya="2" hai0="19,72,39,23,118,124,44,115,109,112,14,81,68" hai1="53,95,43,67,30,8,24,59,106,11,1,35,113" hai2="93,3,65,10,99,80,83,41,29,38,114,76,96" hai3="97,94,70,13,131,7,49,45,12,50,110,87,69"/><V77/><F114/><W78/><G131/><T102/><D68/><U101/><E106/><V127/><F127/><W21/><G110/><T126/><D109/><U61/><E113/><N who="0" m="43593" /><D118/><U108/><E108/><V117/><F65/><W46/><G21/><T26/><D102/><U105/><E1/><V51/><F38/><W125/><G125/><T28/><D72/><U34/><E34/><V82/><F29/><W4/><G87/><T129/><D129/><U2/><E2/><V57/><F96/><W98/><G94/><T60/><D60/><U122/><E43/><V79/><F117/><W84/><G84/><T92/><D81/><U86/><E122/><V128/><F128/><W85/><G85/><T55/><D92/><U73/><E73/><V18/><F3/><W66/><G66/><T33/><D55/><U62/><E95/><V54/><F41/><AGARI ba="0,0" hai="14,19,23,26,28,33,39,41,44,124,126" m="43593" machi="41" ten="30,1000,0" yaku="15,1" doraHai="121" who="0" fromWho="2" sc="264,10,225,0,217,-10,294,0" /><INIT seed="7,0,0,1,3,28" ten="274,225,207,294" oya="3" hai0="63,113,67,45,135,120,18,73,118,126,13,21,2" hai1="1,114,82,19,62,55,59,108,103,4,30,10,88" hai2="107,100,68,60,116,106,44,16,23,20,25,51,72" hai3="7,84,11,70,65,64,69,56,24,90,79,89,5"/><W102/><G102/><T12/><D118/><U49/><E108/><V76/><F116/><W92/><G79/><T57/><D2/><U99/><E114/><V83/><F100/><W42/><G42/><T58/><D120/><U3/><E3/><V61/><F23/><W123/><G123/><T31/><D73/><U91/><E30/><V119/><F119/><W112/><G112/><T50/><D113/><U34/><E34/><V80/><F80/><W0/><G7/><T26/><D135/><U124/><E124/><V129/><F129/><W74/><G74/><T54/><D126/><U130/><E82/><V15/><F15/><W43/><G43/><T52/><D18/><U101/><E101/><V122/><F122/><W40/><G40/><T131/><D131/><U41/><E19/><V71/><F61/><AGARI ba="0,0" hai="12,13,21,26,31,45,50,52,54,57,58,61,63,67" machi="61" ten="30,3900,0" yaku="7,1,8,1,54,1" doraHai="28" who="0" fromWho="2" sc="274,39,225,0,207,-39,294,0" owari="313,41.3,225,-17.5,168,-33.2,294,9.4" /></mjloggm>