<mjloggm ver="2.3"><GO type="169" lobby="0"/><UN n0="%72%65%62%65%65%72" n1="%E8%B6%85%E7%B5%B6%E5%82%99%E9%95%B7%E7%82%AD" n2="%74%6F%72%69%30%36%31%32" n3="%E5%B0%8F%E8%B1%86%E6%A2%93" dan="16,17,18,17" rate="2169.30,2122.00,2161.75,2197.96" sx="M,M,M,F"/><TAIKYOKU oya="0"/><BYE who="2" /><INIT seed="0,0,0,5,2,90" ten="250,250,250,250" oya="0" hai0="14,60,88,123,105,58,133,74,128,1,29,18,42" hai1="24,48,131,61,96,11,35,3,30,117,134,33,8" hai2="111,101,68,92,20,15,55,78,83,4,120,49,121" hai3="59,39,44,118,114,126,50,45,54,62,104,51,32"/><T130/><D123/><U116/><E35/><UN n2="%74%6F%72%69%30%36%31%32" /><V98/><F68/><W34/><G104/><T36/><D105/><U27/><E27/><V82/><F111/><W19/><G114/><T107/><D107/><U127/><E127/><V31/><F120/><W75/><G75/><T12/><D1/><U40/><E134/><V86/><F121/><W64/><G118/><T6/><D74/><U97/><E131/><N who="0" m="50217" /><D133/><U22/><E33/><V124/><F124/><W17/><G126/><T9/><D29/><U69/><E3/><V38/><F38/><W95/><G39/><T125/><D36/><U106/><E106/><V67/><F67/><W113/><G113/><T94/><D42/><U47/><E116/><V100/><F82/><W70/><G70/><T21/><D125/><U2/><E69/><V71/><F71/><W52/><G32/><T63/><D58/><U66/><E2/><V119/><F119/><W112/><G34/><T0/><D0/><U37/><E37/><V79/><F79/><W56/><G112/><T102/><D102/><U23/><E117/><V84/><F101/><W26/><G59/><T57/><D57/><U103/><E103/><V115/><F115/><W5/><G26/><T135/><D135/><U25/><E66/><V93/><F31/><W81/><G81/><T99/><AGARI ba="0,0" hai="6,9,12,14,18,21,60,63,88,94,99" m="50217" machi="99" ten="30,6000,0" yaku="19,1,52,1,54,1" doraHai="90" who="0" fromWho="0" sc="250,60,250,-20,250,-20,250,-20" /><INIT seed="0,1,0,0,2,109" ten="310,230,230,230" oya="0" hai0="79,119,24,51,124,132,4,46,37,84,31,64,133" hai1="43,98,106,87,7,105,126,39,40,14,63,5,61" hai2="94,30,120,44,21,19,80,73,32,41,0,59,130" hai3="60,1,28,97,121,33,3,71,116,22,9,91,48"/><T45/><D119/><U99/><E87/><V85/><F21/><W26/><G116/><T88/><D124/><U108/><E14/><V52/><F19/><W131/><G131/><T113/><D79/><U114/><E108/><V86/><F52/><W35/><G121/><T55/><D64/><U68/><E39/><V29/><F59/><W34/><G48/><T101/><D101/><U57/><E57/><V75/><F85/><W104/><G91/><T47/><D4/><U62/><E62/><V2/><F80/><W77/><G77/><T122/><D122/><U36/><E36/><V90/><F94/><W112/><G22/><T117/><D117/><U70/><E126/><V8/><F90/><W53/><G53/><T15/><D15/><U6/><E7/><V17/><F86/><W129/><G129/><T134/><D113/><AGARI ba="1,0" hai="5,6,40,43,61,63,68,70,98,99,105,106,113,114" machi="113" ten="25,6400,0" yaku="22,2,52,2" doraHai="109" who="1" fromWho="0" sc="310,-67,230,67,230,0,230,0" /><INIT seed="1,0,0,0,0,37" ten="243,297,230,230" oya="1" hai0="98,72,45,130,95,82,92,25,123,114,67,56,116" hai1="31,109,21,104,55,69,133,54,89,87,34,105,97" hai2="127,119,4,84,48,27,73,46,110,79,28,65,134" hai3="43,74,68,60,49,39,78,103,61,64,19,115,52"/><U2/><E2/><V135/><F84/><W53/><G103/><T62/><D116/><U32/><E69/><V24/><F65/><W40/><G74/><T7/><D114/><U91/><E133/><V47/><F4/><W75/><G75/><T26/><D130/><U129/><E129/><V29/><F79/><W76/><G115/><T17/><D123/><U113/><E113/><V63/><F73/><W99/><G99/><T22/><D7/><U85/><E21/><V38/><F63/><N who="3" m="24139" /><G39/><T107/><D25/><U1/><E31/><V3/><F48/><W120/><G68/><T23/><D23/><U57/><E57/><V101/><F38/><W42/><G64/><T36/><D107/><U83/><E97/><V8/><F101/><W102/><G102/><T86/><D72/><U5/><E5/><V88/><F8/><W90/><G120/><T118/><D98/><U58/><E58/><V12/><F3/><W20/><G90/><T93/><D118/><U51/><E51/><V30/><F88/><W77/><G49/><T121/><D121/><U33/><E1/><V14/><F119/><W108/><G108/><T126/><D36/><U96/><E96/><V13/><F110/><W41/><N who="3" m="10240" /><DORA hai="11" /><W94/><G94/><T81/><D45/><N who="2" m="16906" /><F127/><W0/><G0/><T106/><D106/><U124/><E34/><V16/><F16/><W132/><G132/><AGARI ba="0,0" hai="12,13,14,24,27,28,29,30,132,134,135" m="16906" machi="132" ten="40,12000,2" yaku="28,2,20,1,52,3" doraHai="37,11" who="2" fromWho="3" sc="243,0,297,0,230,120,230,-120" /><INIT seed="2,0,0,5,0,61" ten="243,297,350,110" oya="2" hai0="129,31,49,134,117,118,30,131,108,16,64,66,91" hai1="58,73,60,105,123,25,42,2,53,59,133,55,32" hai2="8,101,35,70,83,13,88,125,96,67,15,128,14" hai3="103,110,24,34,20,100,93,62,98,28,106,45,9"/><V5/><F125/><W57/><G110/><T87/><D108/><U4/><E105/><V19/><F35/><W99/><G45/><T80/><D134/><U10/><E73/><V69/><F128/><N who="0" m="49226" /><D49/><U112/><E112/><V0/><F19/><W52/><REACH who="3" step="1"/><G9/><REACH who="3" ten="243,297,350,100" step="2"/><T77/><D118/><U86/><E10/><V90/><F8/><W89/><G89/><T48/><D117/><U94/><E133/><V12/><F5/><W81/><G81/><T21/><D91/><U104/><E4/><V33/><F90/><W51/><G51/><T38/><D48/><U7/><E7/><V23/><F88/><W127/><G127/><T124/><D38/><U115/><E115/><V72/><F83/><W126/><G126/><T121/><D124/><U75/><E123/><V46/><F46/><W82/><G82/><T119/><D121/><U97/><E97/><V92/><F96/><W26/><G26/><N who="0" m="14631" /><D119/><U109/><E109/><V6/><F6/><W36/><G36/><T95/><D95/><U17/><E94/><V132/><F92/><W68/><G68/><T54/><D54/><U85/><E55/><V18/><F70/><W44/><G44/><T27/><D27/><U84/><E25/><V113/><F132/><W37/><G37/><T40/><D40/><U135/><E42/><V1/><F69/><W78/><G78/><T76/><D76/><U41/><E41/><V122/><F113/><W102/><G102/><T47/><D47/><U120/><E135/><V107/><F101/><W79/><G79/><T39/><D39/><U43/><E43/><V71/><F122/><RYUUKYOKU ba="0,1" sc="243,15,297,-15,350,-15,100,15" hai0="30,31,64,66,77,80,87" hai3="20,24,28,34,52,57,62,93,98,99,100,103,106" /><INIT seed="3,1,1,2,4,47" ten="258,282,335,115" oya="3" hai0="66,59,36,94,62,92,79,84,46,25,78,60,128" hai1="2,107,85,0,93,42,72,61,81,77,3,24,123" hai2="8,65,9,115,102,12,39,30,33,23,67,125,135" hai3="19,27,31,73,108,134,51,89,50,26,55,91,38"/><W76/><G38/><T63/><D128/><U69/><E107/><V118/><F33/><W74/><G134/><T32/><D32/><U41/><E123/><V44/><F115/><W83/><G108/><T100/><D36/><U64/><E24/><V6/><F118/><W120/><G120/><T35/><D35/><U53/><E53/><V17/><F125/><W105/><G105/><T116/><D116/><U114/><E114/><V80/><F135/><W131/><G131/><T34/><D46/><U104/><E104/><V110/><F102/><W37/><G37/><T97/><D79/><U101/><E101/><V111/><F80/><W119/><G19/><T103/><D78/><U126/><E126/><V109/><F9/><W49/><G119/><T71/><D71/><U57/><E69/><V130/><F30/><W13/><G13/><T28/><D84/><U99/><E85/><V112/><F112/><W129/><G129/><T1/><D1/><U10/><E10/><V11/><F11/><W52/><G74/><T95/><D95/><U70/><E70/><V96/><F96/><AGARI ba="1,1" hai="25,28,34,59,60,62,63,66,92,94,96,97,100,103" machi="96" ten="40,1300,0" yaku="9,1" doraHai="47" who="0" fromWho="2" sc="258,26,282,0,335,-16,115,0" /><INIT seed="4,0,0,4,3,16" ten="284,282,319,115" oya="0" hai0="97,108,34,2,132,103,76,8,19,112,63,104,100" hai1="90,129,116,46,27,81,91,57,78,73,71,133,5" hai2="6,64,124,83,9,7,88,72,33,45,43,25,69" hai3="80,89,120,114,20,106,56,58,66,85,38,35,111"/><T55/><D112/><U126/><E71/><V0/><F88/><W122/><G111/><T87/><D108/><U42/><E116/><V99/><F7/><W21/><G106/><T23/><D132/><U53/><E133/><V109/><F99/><W93/><G35/><T13/><D100/><U54/><E126/><V110/><F124/><W14/><G38/><T36/><D36/><U121/><E54/><V70/><F64/><W4/><G114/><T37/><D37/><U47/><E47/><V32/><F25/><W130/><G130/><T15/><D34/><N who="2" m="13418" /><F45/><W26/><G66/><T40/><D40/><U128/><E5/><V79/><F43/><W123/><G4/><T68/><D2/><U94/><E27/><V60/><F60/><W96/><G14/><T44/><D68/><AGARI ba="0,0" hai="0,6,9,68,69,70,72,79,83,109,110" m="13418" machi="68" ten="30,1000,0" yaku="23,1" doraHai="16" who="2" fromWho="0" sc="284,-10,282,0,319,10,115,0" /><INIT seed="5,0,0,2,4,113" ten="274,282,329,115" oya="1" hai0="42,46,3,43,15,23,58,128,119,20,44,85,96" hai1="70,112,110,114,89,7,88,11,63,28,106,45,123" hai2="87,74,18,101,48,47,131,129,33,49,53,81,31" hai3="57,60,75,79,12,54,65,30,91,56,97,73,78"/><U22/><E106/><V4/><F74/><W100/><G75/><T72/><D72/><U80/><E123/><V5/><F101/><W90/><G73/><T133/><D3/><U6/><E110/><V17/><F31/><W26/><G12/><T10/><D58/><U107/><E107/><V134/><F33/><W66/><G79/><T69/><D69/><U122/><E122/><V35/><F35/><W25/><G78/><T102/><D85/><U103/><E103/><V115/><F115/><N who="1" m="44073" /><E45/><V41/><F134/><W105/><G26/><T9/><D133/><U13/><E6/><N who="2" m="2667" /><F131/><W2/><G2/><T84/><D128/><U39/><E39/><V55/><F129/><W67/><REACH who="3" step="1"/><G56/><REACH who="3" ten="274,282,329,105" step="2"/><T99/><D15/><U124/><E70/><V130/><F130/><W40/><G40/><T19/><D43/><U111/><E13/><V126/><F41/><W71/><G71/><T117/><D42/><U94/><E111/><V98/><F17/><W83/><G83/><T93/><D19/><U132/><E80/><V76/><F18/><W37/><G37/><T135/><D135/><U109/><E109/><V1/><F1/><W108/><G108/><T29/><D29/><U77/><E132/><V120/><F120/><W38/><G38/><T95/><D102/><U24/><E77/><V34/><F76/><W127/><G127/><T32/><D32/><AGARI ba="0,1" hai="25,30,32,54,57,60,65,66,67,90,91,97,100,105" machi="32" ten="40,2600,0" yaku="1,1,53,1" doraHai="113" doraHaiUra="92" who="3" fromWho="0" sc="274,-26,282,0,329,0,105,36" /><INIT seed="6,0,0,1,2,18" ten="248,282,329,141" oya="2" hai0="14,105,114,108,3,85,126,29,102,36,99,46,88" hai1="121,84,132,58,56,1,106,120,110,33,13,127,9" hai2="7,67,75,133,61,65,112,69,10,123,35,53,49" hai3="59,111,28,77,19,21,103,125,80,63,96,5,116"/><V54/><F75/><W45/><G116/><T70/><D3/><U64/><E106/><V130/><F35/><W51/><G125/><T92/><D108/><U94/><E1/><V98/><F98/><W124/><G111/><T34/><D126/><U24/><E110/><V50/><F10/><W68/><G124/><T71/><D114/><U97/><E84/><V62/><F7/><W113/><G68/><T2/><D2/><U25/><E127/><V109/><F109/><W22/><G113/><T87/><D87/><U17/><E132/><V11/><F11/><W81/><G5/><T82/><D14/><U40/><E40/><V73/><F73/><W23/><G28/><T76/><D36/><U115/><E115/><V30/><F30/><W4/><G4/><T41/><D34/><U91/><E33/><V78/><F78/><W74/><G19/><T12/><D12/><U100/><E100/><V79/><F79/><W26/><G26/><N who="1" m="10346" /><E64/><V37/><F112/><W57/><G63/><T60/><D60/><U118/><E118/><V0/><F0/><W128/><G128/><T20/><D29/><U6/><E6/><V38/><F133/><W52/><REACH who="3" step="1"/><G80/><REACH who="3" ten="248,282,329,131" step="2"/><T129/><D129/><U117/><E117/><V27/><F27/><W31/><G31/><T107/><D82/><U32/><E32/><V93/><F130/><W43/><G43/><T42/><D42/><U48/><E48/><V44/><F69/><W8/><G8/><T104/><D71/><U66/><E9/><V47/><F67/><W83/><G83/><T122/><D70/><U134/><E134/><RYUUKYOKU ba="0,1" sc="248,-10,282,-10,329,-10,131,30" hai3="21,22,23,45,51,52,57,59,74,77,81,96,103" /><INIT seed="7,1,1,1,2,102" ten="238,272,319,161" oya="3" hai0="29,12,36,66,110,13,19,27,37,94,105,74,11" hai1="75,86,39,111,129,98,4,63,72,106,130,68,9" hai2="88,92,48,64,85,34,70,51,113,44,116,71,56" hai3="82,17,45,42,73,1,5,90,117,122,47,97,2"/><W87/><G122/><T62/><D110/><U49/><E39/><V91/><F116/><W109/><G117/><T103/><D74/><U132/><E86/><V80/><F34/><W107/><G109/><T54/><D54/><U52/><E111/><V10/><F113/><W22/><G45/><T128/><D128/><N who="1" m="49259" /><E132/><V69/><F10/><W119/><G119/><T50/><D50/><U6/><E68/><V0/><F0/><W38/><G73/><N who="1" m="28234" /><E63/><V58/><F64/><W127/><G127/><T89/><D12/><U93/><E9/><V101/><F101/><W21/><G21/><T114/><D114/><U135/><E106/><V41/><REACH who="2" step="1"/><F51/><REACH who="2" ten="238,272,309,161" step="2"/><W125/><G125/><T46/><D103/><N who="1" m="60879" /><E135/><V32/><F32/><W115/><G115/><T25/><D37/><U40/><E40/><V28/><F28/><W60/><G60/><T96/><D29/><U53/><E53/><V124/><F124/><W65/><G65/><T112/><D112/><U24/><E52/><V77/><F77/><W33/><G33/><T100/><D62/><U84/><E49/><V76/><F76/><W7/><G2/><T23/><D11/><U108/><E108/><V16/><F16/><W134/><G134/><T118/><D66/><U59/><E6/><V18/><F18/><W78/><G1/><T104/><D118/><U126/><E4/><V43/><F43/><W26/><G78/><T3/><D3/><U57/><E126/><V61/><F61/><W55/><G55/><T67/><D67/><U15/><E59/><V35/><F35/><W83/><G83/><T123/><D36/><RYUUKYOKU ba="1,2" sc="238,-15,272,-15,309,15,161,15" hai2="41,44,48,56,58,69,70,71,80,85,88,91,92" hai3="5,7,17,22,26,38,42,47,82,87,90,97,107" /><INIT seed="7,2,2,2,2,127" ten="223,257,324,176" oya="3" hai0="104,95,78,115,105,5,118,67,61,112,64,39,124" hai1="1,21,90,7,50,35,22,116,8,19,43,27,34" hai2="103,119,89,106,49,80,4,31,134,69,94,41,113" hai3="63,2,107,54,10,60,120,62,29,72,66,73,92"/><W87/><G107/><T86/><D118/><U88/><E116/><V56/><F69/><W18/><G120/><T36/><D124/><U99/><E99/><N who="2" m="59895" /><F106/><N who="0" m="41066" /><D5/><U76/><E76/><V20/><F134/><W59/><G29/><T58/><D67/><U6/><E6/><V123/><F113/><N who="0" m="43594" /><D95/><U47/><REACH who="1" step="1"/><E22/><REACH who="1" ten="223,247,324,176" step="2"/><V25/><F119/><W79/><G79/><T111/><D111/><U26/><E26/><V84/><F123/><W135/><G135/><T81/><AGARI ba="2,3" hai="36,39,58,61,64,78,81,86" m="43594,41066" machi="81" ten="40,2700,0" yaku="15,1,11,1" doraHai="127" who="0" fromWho="0" sc="223,63,247,-9,324,-9,176,-15" owari="286,8.6,238,-16.2,315,41.5,161,-33.9" /></mjloggm>