<mjloggm ver="2.3"><GO type="169" lobby="0"/><UN n0="%E3%81%A8%E3%81%B3%E3%81%BE%E3%81%93" n1="%E4%B8%89%E6%B2%B3%E5%B1%8B%E3%81%AE%E3%82%B5%E3%83%96" n2="%E2%80%A0%E7%99%BD%E5%85%8E%E2%80%A0" n3="%E3%82%AB%E3%82%B6%E3%83%A9%E3%82%AD" dan="16,16,17,17" rate="2193.28,2144.34,2210.83,2205.82" sx="M,M,M,M"/><TAIKYOKU oya="0"/><INIT seed="0,0,0,3,4,72" ten="250,250,250,250" oya="0" hai0="66,98,9,50,44,97,14,25,7,67,132,13,71" hai1="27,17,121,37,92,53,5,134,60,87,70,115,45" hai2="110,6,10,101,33,49,19,3,123,56,114,125,91" hai3="94,89,59,51,128,124,78,39,126,30,80,96,107"/><T77/><D132/><U54/><E121/><V22/><F114/><W4/><G39/><T93/><D71/><U133/><E115/><V23/><F123/><W0/><G30/><T102/><D25/><U76/><E5/><V122/><F122/><W52/><G128/><T40/><D14/><U74/><E74/><V55/><F33/><W75/><REACH who="3" step="1"/><G107/><REACH who="3" ten="250,250,250,240" step="2"/><T62/><D62/><U2/><E37/><V63/><F63/><W46/><G46/><T42/><D42/><U64/><E45/><V82/><F110/><W104/><G104/><T79/><D97/><U88/><E134/><V131/><F131/><W69/><G69/><T61/><D61/><U32/><E133/><V116/><F49/><W36/><G36/><T18/><D18/><U68/><E68/><V29/><F19/><W20/><G20/><T65/><AGARI ba="0,1" hai="7,9,13,40,44,50,65,66,67,77,79,93,98,102" machi="65" ten="30,11700,0" yaku="0,1,8,1,52,2" doraHai="72" who="0" fromWho="0" sc="250,127,250,-39,250,-39,240,-39" /><INIT seed="0,1,0,2,1,16" ten="377,211,211,201" oya="0" hai0="47,32,105,98,7,122,30,86,68,96,1,70,72" hai1="91,74,49,109,119,12,84,67,66,117,58,124,79" hai2="50,115,133,130,77,107,61,78,6,118,23,45,33" hai3="62,38,34,92,8,44,26,18,57,2,60,59,69"/><T123/><D86/><U93/><E109/><V88/><F33/><W113/><G113/><T100/><D47/><U4/><E124/><V39/><F107/><W101/><G69/><T71/><D72/><U82/><E4/><V76/><F115/><W120/><G120/><T35/><D98/><U89/><E12/><V129/><F133/><W55/><G2/><T121/><REACH who="0" step="1"/><D30/><REACH who="0" ten="367,211,211,201" step="2"/><U80/><E119/><V102/><F118/><W42/><G44/><T5/><D5/><U28/><E28/><V73/><F6/><W54/><G38/><T24/><D24/><U126/><E117/><V108/><F39/><W112/><G112/><T114/><D114/><U29/><E29/><V111/><F73/><W75/><G75/><T52/><D52/><U11/><E84/><V3/><F45/><W85/><G85/><T110/><D110/><U13/><E74/><V97/><F111/><W94/><G42/><T65/><D65/><U104/><E66/><V22/><F108/><W21/><G34/><T9/><AGARI ba="1,1" hai="1,7,9,32,35,68,70,71,96,100,105,121,122,123" machi="9" ten="40,18000,2" yaku="1,1,0,1,23,2,53,3" doraHai="16" doraHaiUra="64" who="0" fromWho="0" sc="367,193,211,-61,211,-61,201,-61" /><INIT seed="0,2,0,0,2,132" ten="560,150,150,140" oya="0" hai0="19,85,49,6,5,31,131,90,95,72,58,1,87" hai1="56,110,112,42,55,36,24,14,77,68,34,54,88" hai2="82,15,100,116,80,26,123,33,12,113,120,18,128" hai3="106,75,40,119,79,11,127,23,16,108,97,10,37"/><T32/><D72/><U28/><E110/><V60/><F113/><W53/><G119/><T70/><D70/><U35/><E112/><V50/><F116/><W3/><G108/><T46/><D131/><U94/><E68/><V133/><F133/><W124/><G53/><T135/><D135/><U38/><E34/><V115/><F115/><W134/><G134/><T2/><D2/><U63/><E77/><V8/><F128/><W64/><G64/><T21/><D58/><U76/><E76/><V17/><F100/><W44/><G97/><T125/><D125/><N who="3" m="48201" /><G106/><T0/><D0/><U57/><E14/><V66/><F66/><W20/><G20/><T89/><D1/><U74/><E74/><V73/><F73/><W83/><G3/><T27/><D31/><U41/><E41/><V99/><F99/><W121/><G121/><T69/><D69/><U92/><E92/><V130/><F130/><W13/><AGARI ba="2,0" hai="10,11,13,16,23,37,40,44,75,79,83" m="48201" machi="13" ten="30,8000,1" yaku="18,1,52,3,54,1" doraHai="132" who="3" fromWho="3" sc="560,-42,150,-22,150,-22,140,86" /><INIT seed="1,0,0,3,3,0" ten="518,128,128,226" oya="1" hai0="24,56,44,113,124,135,101,89,31,77,6,104,59" hai1="68,84,11,7,120,46,14,98,75,118,41,117,22" hai2="32,19,15,61,92,16,17,86,108,115,100,85,93" hai3="57,116,23,66,30,38,9,58,128,125,27,122,18"/><U94/><E120/><V87/><F32/><W103/><G38/><T64/><D113/><U67/><E75/><V134/><F115/><W36/><G36/><T10/><D77/><U90/><E68/><V40/><F108/><W69/><G69/><T53/><D89/><U47/><E67/><V133/><F40/><W131/><G122/><T1/><D124/><U114/><E114/><V37/><F37/><W80/><G125/><T34/><D135/><N who="2" m="51722" /><F100/><W20/><G9/><T54/><D44/><U21/><E118/><V60/><F15/><W35/><G35/><T55/><REACH who="0" step="1"/><D64/><REACH who="0" ten="508,128,128,226" step="2"/><U112/><E112/><V126/><F126/><W39/><G66/><T5/><D5/><U51/><E117/><V88/><F88/><W105/><G116/><T132/><D132/><U8/><E47/><V78/><F78/><W25/><G128/><T83/><D83/><U74/><E74/><V121/><F121/><W91/><G91/><T2/><D2/><U71/><E71/><V102/><F102/><W43/><G80/><T123/><D123/><U109/><E109/><V33/><F33/><W45/><G131/><T3/><D3/><U82/><E11/><V111/><F111/><W26/><G58/><T127/><D127/><U119/><E119/><V76/><F76/><AGARI ba="0,1" hai="7,8,14,21,22,41,46,51,76,82,84,90,94,98" machi="76" ten="30,12000,1" yaku="7,1,25,2,8,1,52,1" doraHai="0" who="1" fromWho="2" sc="508,0,128,130,128,-120,226,0" /><INIT seed="1,1,0,5,2,21" ten="508,258,8,226" oya="1" hai0="28,93,29,25,1,124,41,64,105,108,84,8,134" hai1="101,98,36,120,42,72,106,128,121,68,46,103,122" hai2="65,115,111,56,11,77,37,100,79,52,67,131,53" hai3="135,63,17,112,34,78,23,14,32,12,24,133,75"/><U55/><E128/><V26/><F37/><W31/><G75/><T110/><D124/><U88/><E68/><V126/><F131/><W15/><G78/><N who="2" m="29705" /><F126/><W47/><G47/><T35/><D105/><U109/><E72/><V10/><F111/><N who="0" m="42538" /><D134/><N who="3" m="51209" /><G63/><T58/><D29/><U3/><E109/><V99/><F115/><W57/><G57/><T16/><D41/><U45/><E3/><V44/><F44/><W6/><G112/><T69/><D69/><U94/><REACH who="1" step="1"/><E106/><REACH who="1" ten="508,248,8,226" step="2"/><V90/><F100/><W19/><G6/><T2/><D2/><U102/><E102/><V81/><F26/><N who="3" m="18551" /><G34/><T61/><D1/><U60/><E60/><N who="2" m="38023" /><F67/><W54/><G54/><N who="2" m="21097" /><F81/><W130/><G130/><T76/><D64/><U118/><E118/><V127/><F127/><W123/><G123/><T70/><D61/><U97/><E97/><V38/><F38/><W7/><G7/><T113/><D70/><U83/><E83/><V116/><F116/><W91/><G91/><T20/><D35/><U87/><E87/><V59/><F59/><W73/><G73/><T132/><D58/><U18/><E18/><AGARI ba="1,1" hai="12,14,15,17,18,19,23,24" m="18551,51209" machi="18" ten="30,8000,1" yaku="20,1,34,2,52,2" doraHai="21" who="3" fromWho="1" sc="508,0,248,-83,8,0,226,93" /><INIT seed="2,0,0,4,5,35" ten="508,165,8,319" oya="2" hai0="51,14,6,107,34,86,27,68,19,69,95,81,101" hai1="8,75,121,120,10,103,102,64,42,112,123,46,77" hai2="130,88,126,125,70,54,115,76,127,0,57,134,135" hai3="119,62,106,2,9,87,67,30,66,100,71,36,63"/><V58/><F70/><W44/><G87/><T97/><D6/><U55/><E112/><V21/><F115/><W32/><G119/><T16/><D107/><U113/><E113/><V82/><F0/><W85/><G85/><T45/><D34/><U41/><E64/><V4/><F4/><W80/><G80/><T129/><D27/><U94/><E55/><V31/><F130/><W108/><G108/><T37/><D19/><U122/><E122/><V99/><F31/><W5/><G44/><T12/><D14/><U47/><E94/><N who="2" m="56775" /><F21/><W118/><G118/><T79/><D37/><U131/><E131/><V60/><F58/><W20/><G20/><T43/><REACH who="0" step="1"/><D129/><REACH who="0" ten="498,165,8,319" step="2"/><U73/><REACH who="1" step="1"/><E121/><REACH who="1" ten="498,155,8,319" step="2"/><V132/><F132/><W29/><G106/><T114/><D114/><U25/><E25/><V39/><F39/><W92/><G36/><T109/><D109/><U65/><E65/><V23/><F23/><AGARI ba="0,2" hai="12,16,23,43,45,51,68,69,79,81,86,95,97,101" machi="23" ten="30,3900,0" yaku="1,1,7,1,54,1,53,0" doraHai="35" doraHaiUra="116" who="0" fromWho="2" sc="498,59,155,0,8,-39,319,0" owari="557,65.7,155,-24.5,-31,-53.1,319,11.9" /></mjloggm>