<mjloggm ver="2.3"><GO type="169" lobby="0"/><UN n0="%74%73%75%6B%69%31" n1="%79%61%6E%72%6F%75" n2="%E3%83%A4%E3%83%9E%E3%83%80%E3%81%95%E3%82%93" n3="%E3%80%90%E7%BD%AA%E6%AD%8C%E3%80%91" dan="16,16,16,17" rate="2184.95,2151.89,2102.39,2144.92" sx="M,M,M,M"/><TAIKYOKU oya="0"/><INIT seed="0,0,0,5,0,62" ten="250,250,250,250" oya="0" hai0="23,120,35,30,68,31,21,135,101,42,45,52,32" hai1="119,39,66,27,116,28,90,104,3,95,87,11,123" hai2="73,122,121,111,50,12,75,46,83,94,85,56,16" hai3="58,129,29,19,84,99,5,77,108,79,4,127,34"/><T24/><D120/><U18/><E39/><V72/><F94/><W107/><G108/><T124/><D68/><U41/><E41/><V61/><F111/><W115/><G115/><T100/><D135/><U103/><E123/><V82/><F82/><W37/><G37/><T96/><D124/><U0/><E104/><V91/><F50/><W2/><G2/><T109/><D109/><U6/><E0/><V102/><F102/><W81/><G77/><T74/><D74/><U13/><E103/><V106/><F46/><W80/><G80/><T10/><D10/><U133/><E66/><V53/><REACH who="2" step="1"/><F106/><REACH who="2" ten="250,250,240,250" step="2"/><W89/><G81/><T117/><D101/><U92/><E95/><V20/><AGARI ba="0,1" hai="12,16,20,53,56,61,72,73,75,83,85,91,121,122" machi="20" ten="30,12000,2" yaku="1,1,2,1,0,1,54,1,53,3" doraHai="62" doraHaiUra="105" who="2" fromWho="2" sc="250,-60,250,-30,240,130,250,-30" /><INIT seed="1,0,0,1,5,96" ten="190,220,370,220" oya="1" hai0="39,25,2,55,110,114,29,121,64,100,83,43,59" hai1="6,93,9,122,75,111,41,127,8,52,82,28,97" hai2="23,120,20,104,11,27,38,15,84,51,45,117,32" hai3="17,80,107,3,129,14,90,0,128,85,98,34,49"/><U16/><E122/><V21/><F117/><W36/><G36/><T5/><D114/><U81/><E127/><V95/><F104/><W53/><G34/><T61/><D121/><U71/><E28/><V99/><F38/><W132/><G132/><T56/><D110/><U103/><E41/><V18/><F120/><W42/><G42/><T48/><D2/><U108/><E71/><V123/><F123/><W89/><G0/><T72/><D5/><U78/><E82/><V24/><F84/><W74/><G74/><T76/><D43/><U112/><E112/><V131/><F131/><W40/><G40/><T65/><D39/><U66/><E66/><V10/><F10/><W119/><G3/><T125/><D125/><U26/><E6/><V87/><F87/><W126/><G119/><T91/><D91/><U57/><E26/><V60/><F60/><W58/><G126/><T105/><D64/><U50/><REACH who="1" step="1"/><E8/><REACH who="1" ten="190,210,370,220" step="2"/><V63/><F27/><W86/><G129/><T79/><D83/><U133/><E133/><V54/><F24/><W35/><G128/><T47/><D25/><U102/><E102/><N who="2" m="60799" /><F32/><W44/><G35/><T113/><D29/><U109/><E109/><V4/><F4/><W124/><G124/><T73/><D113/><U92/><E92/><V31/><F31/><W22/><G107/><T62/><D105/><U115/><E115/><V46/><F11/><W116/><G116/><T101/><D100/><U135/><E135/><V30/><F30/><W19/><G80/><T12/><D101/><U130/><E130/><V134/><F134/><W106/><G106/><RYUUKYOKU ba="0,1" sc="190,-10,210,30,370,-10,220,-10" hai1="9,16,50,52,57,75,78,81,93,97,103,108,111" /><INIT seed="1,1,1,1,5,112" ten="180,240,360,210" oya="1" hai0="6,104,16,65,63,109,135,83,34,110,41,120,98" hai1="9,134,4,118,90,127,77,123,26,42,50,67,40" hai2="60,53,70,130,13,93,78,52,43,131,74,75,106" hai3="73,38,59,132,103,37,0,102,85,61,86,88,121"/><U21/><E123/><V56/><F106/><W2/><G73/><T97/><D120/><U3/><E127/><V30/><F70/><W114/><G121/><T116/><D116/><U32/><E134/><V108/><F108/><W47/><G114/><T55/><D34/><U46/><E32/><V92/><F43/><W126/><G126/><T72/><D6/><U29/><E77/><V45/><F30/><W79/><G79/><T39/><D135/><U11/><E67/><V5/><F53/><W125/><G125/><T1/><D1/><U81/><E9/><N who="2" m="4271" /><F45/><W36/><G47/><T71/><D41/><U58/><E58/><V96/><F93/><W20/><G20/><T64/><D39/><U124/><E124/><V12/><F12/><W35/><G35/><T66/><D72/><U87/><REACH who="1" step="1"/><E42/><REACH who="1" ten="180,230,360,210" step="2"/><V115/><F78/><W51/><G132/><T99/><D66/><U14/><E14/><V48/><F115/><W62/><G0/><T68/><D65/><U57/><E57/><V119/><F56/><W8/><G2/><T10/><D71/><U18/><E18/><V80/><F74/><W28/><G8/><T27/><D10/><U44/><E44/><V54/><F75/><W89/><G28/><T113/><D68/><U122/><E122/><V100/><F131/><W117/><G59/><N who="0" m="35327" /><D64/><U23/><E23/><V76/><F130/><W101/><G62/><T33/><D33/><U82/><E82/><V7/><F60/><W111/><G61/><T17/><D17/><U95/><E95/><V31/><F31/><W15/><G15/><T25/><D16/><RYUUKYOKU ba="1,2" sc="180,-10,230,30,360,-10,210,-10" hai1="3,4,11,21,26,29,40,46,50,81,87,90,118" /><INIT seed="1,2,2,3,3,71" ten="170,260,350,200" oya="1" hai0="83,67,40,73,42,39,23,3,129,43,5,24,14" hai1="27,38,92,113,87,35,117,78,81,131,30,62,57" hai2="0,82,76,45,22,111,115,119,60,103,55,124,18" hai3="9,66,112,1,98,74,127,56,26,106,13,11,7"/><U65/><E131/><V116/><F0/><W89/><G112/><T77/><D129/><U121/><E117/><V41/><F115/><W94/><G74/><T29/><D67/><U25/><E113/><V88/><F103/><W51/><G127/><T99/><D14/><U104/><E104/><V37/><F124/><W102/><G26/><T120/><D120/><U69/><E121/><V85/><F111/><W105/><G102/><T63/><D63/><U100/><E25/><V122/><F122/><W4/><REACH who="3" step="1"/><G66/><REACH who="3" ten="170,260,350,190" step="2"/><T96/><REACH who="0" step="1"/><D39/><REACH who="0" ten="160,260,350,190" step="2"/><U95/><E38/><V19/><F37/><W31/><G31/><T130/><D130/><U12/><E100/><V93/><F116/><W53/><AGARI ba="2,4" hai="1,4,7,9,11,13,51,53,56,89,94,98,105,106" machi="53" ten="30,4000,0" yaku="1,1,0,1,53,1" doraHai="71" doraHaiUra="90" who="3" fromWho="3" sc="160,-12,260,-22,350,-12,190,86" /><INIT seed="2,0,0,2,3,74" ten="148,238,338,276" oya="2" hai0="6,122,76,84,19,102,116,111,23,101,90,95,48" hai1="7,118,13,68,4,0,67,80,132,77,75,70,18" hai2="29,133,28,93,65,40,39,86,92,109,82,97,117" hai3="44,81,34,105,24,36,85,42,21,107,114,108,83"/><V100/><F117/><W126/><G108/><T94/><D122/><U113/><E113/><V15/><F109/><W3/><G3/><T22/><D111/><U33/><E118/><V51/><F39/><W123/><G123/><T91/><D116/><U35/><E132/><V62/><F133/><W54/><G126/><T59/><D6/><U37/><E37/><V47/><F93/><W56/><G34/><T11/><D11/><U104/><E104/><V26/><F15/><W55/><G83/><T130/><D130/><U115/><E115/><V61/><F65/><W58/><G58/><T106/><D106/><U99/><E99/><V135/><F135/><W38/><G54/><T50/><D59/><U127/><E127/><V88/><REACH who="2" step="1"/><F29/><REACH who="2" ten="148,238,328,276" step="2"/><W25/><G38/><T120/><D120/><U73/><E67/><V46/><F46/><W125/><G125/><T87/><REACH who="0" step="1"/><D19/><REACH who="0" ten="138,238,328,276" step="2"/><U121/><E121/><V72/><F72/><W1/><G114/><T17/><D17/><U119/><E73/><V98/><F98/><W79/><G1/><T66/><D66/><U41/><E119/><V45/><F45/><W9/><G107/><T10/><D10/><N who="1" m="4295" /><E18/><V112/><F112/><W49/><G9/><T53/><D53/><U63/><E0/><V96/><F96/><W103/><G105/><T69/><D69/><U124/><E124/><V27/><F27/><W64/><G64/><T128/><D128/><U60/><E7/><V134/><F134/><W71/><G71/><N who="1" m="27178" /><E41/><V52/><F52/><N who="3" m="31759" /><G25/><T14/><D14/><U43/><E43/><V57/><F57/><W12/><G42/><RYUUKYOKU ba="0,2" sc="138,10,238,10,328,10,276,-30" hai0="22,23,48,50,76,84,87,90,91,94,95,101,102" hai1="33,35,60,63,75,77,80" hai2="26,28,40,47,51,61,62,82,86,88,92,97,100" /><INIT seed="2,1,2,0,5,64" ten="148,248,338,246" oya="2" hai0="121,66,82,29,35,3,133,119,49,124,83,97,8" hai1="17,116,0,51,131,135,59,26,38,127,11,134,32" hai2="7,122,123,24,95,43,30,69,13,96,53,62,44" hai3="86,4,89,63,94,56,132,80,111,81,70,47,31"/><V109/><F109/><W115/><G111/><T28/><D121/><U61/><E116/><V87/><F87/><W52/><G132/><N who="1" m="50730" /><E38/><V120/><F7/><W93/><G115/><T106/><D133/><U100/><E127/><V25/><F13/><W76/><G70/><T112/><D124/><U78/><E100/><V1/><F1/><W12/><G31/><T39/><D39/><U125/><E125/><V74/><F74/><W5/><G47/><T67/><D112/><U55/><E78/><V98/><F24/><W19/><G94/><T110/><D119/><U57/><E32/><V22/><F95/><W68/><G68/><T108/><D35/><U101/><E101/><V130/><F130/><W2/><G2/><T14/><D3/><U117/><E117/><V37/><REACH who="2" step="1"/><F53/><REACH who="2" ten="148,248,328,246" step="2"/><W79/><G81/><N who="0" m="30731" /><D110/><U16/><E26/><V36/><F36/><W118/><G118/><T105/><D108/><U88/><E131/><V21/><F21/><N who="3" m="11495" /><G79/><T10/><D106/><U85/><E11/><V84/><F84/><AGARI ba="1,3" hai="4,5,52,56,63,76,80,84,86,89,93" m="11495" machi="84" ten="30,2000,0" yaku="8,1,54,1" doraHai="64" who="3" fromWho="2" sc="148,0,248,0,328,-23,246,53" /><INIT seed="3,0,0,5,2,116" ten="148,248,305,299" oya="3" hai0="49,44,40,67,22,52,54,57,8,106,31,55,70" hai1="2,74,21,5,103,39,47,135,89,118,108,66,53" hai2="119,32,76,48,68,123,96,134,26,77,86,133,15" hai3="27,38,102,83,14,110,17,87,34,64,93,30,37"/><W115/><G115/><T1/><D106/><U126/><E108/><V91/><F119/><W11/><G110/><T72/><D72/><U9/><E118/><V23/><F68/><W104/><G104/><T46/><D31/><U10/><E66/><V61/><F61/><W82/><G64/><T35/><D35/><U60/><E103/><V92/><F32/><W84/><G93/><T121/><D22/><U79/><E9/><V107/><F15/><W71/><G102/><T122/><D8/><U51/><E89/><N who="2" m="55311" /><F48/><W41/><G41/><N who="0" m="24719" /><D1/><U85/><E126/><V75/><F75/><W100/><G100/><T109/><D70/><U6/><E5/><V16/><F123/><N who="0" m="47114" /><D67/><U43/><E21/><V78/><F107/><W131/><G71/><T50/><D109/><U95/><E10/><V25/><F25/><W124/><G11/><T65/><D65/><U36/><E6/><V73/><F73/><W105/><G105/><T117/><D117/><U20/><E20/><V99/><F99/><W19/><G27/><T0/><D0/><U33/><E33/><V13/><F26/><W63/><G34/><T101/><D101/><U3/><E74/><V125/><F125/><W113/><G14/><T24/><D24/><U45/><E2/><V112/><F23/><W59/><G124/><T88/><D88/><U129/><E3/><V94/><F13/><W132/><G19/><T114/><D114/><U58/><E95/><V90/><F112/><W69/><G17/><T28/><D28/><U56/><E85/><N who="2" m="52559" /><F16/><W120/><G30/><T128/><D128/><U4/><E129/><RYUUKYOKU ba="0,0" sc="148,15,248,-15,305,15,299,-15" hai0="40,46,50,52,54,55,57" hai2="76,77,78,86,91,133,134" /><INIT seed="4,1,0,2,2,70" ten="163,233,320,284" oya="0" hai0="15,112,99,110,23,92,95,40,120,47,62,109,11" hai1="108,130,50,127,93,4,88,18,30,13,134,46,128" hai2="5,3,135,113,80,1,132,91,27,96,83,33,17" hai3="126,77,54,114,34,69,52,76,60,73,61,56,115"/><T94/><D112/><N who="3" m="43049" /><G34/><T106/><D120/><U0/><E108/><N who="0" m="41577" /><D106/><U84/><E127/><V65/><F113/><W67/><G73/><T119/><D23/><U2/><E30/><N who="2" m="19679" /><F65/><N who="3" m="41127" /><G77/><T53/><D119/><U63/><E63/><V57/><F57/><N who="3" m="37295" /><G76/><T122/><D122/><U131/><E134/><N who="2" m="51243" /><F17/><W39/><G126/><T105/><D105/><U55/><REACH who="1" step="1"/><E4/><REACH who="1" ten="163,223,320,284" step="2"/><V19/><F5/><W37/><G54/><T24/><D53/><U26/><E26/><V8/><F19/><W44/><G44/><T111/><D24/><U32/><E32/><V101/><F1/><W49/><AGARI ba="1,1" hai="37,39,49,52,56" m="37295,41127,43049" machi="49" ten="30,12000,2" yaku="15,1,34,2,52,2,54,1" doraHai="70" who="3" fromWho="3" sc="163,-61,223,-31,320,-31,284,133" /><INIT seed="5,0,0,3,4,21" ten="102,192,289,417" oya="1" hai0="19,49,17,71,33,96,91,116,108,65,62,81,36" hai1="66,113,56,61,23,101,76,50,57,44,63,84,89" hai2="131,58,86,132,15,34,90,106,20,77,80,11,41" hai3="94,128,3,74,7,121,103,6,4,64,43,25,78"/><U88/><E113/><V134/><F34/><W54/><G121/><T83/><D116/><U123/><E123/><V105/><F131/><W39/><G3/><T5/><D108/><U2/><E2/><V118/><F118/><W55/><G64/><T95/><D36/><U73/><E101/><V129/><F129/><W120/><G120/><T117/><D117/><U122/><E122/><V133/><F41/><W47/><G78/><T9/><D33/><U68/><E73/><V13/><F58/><W31/><G74/><T125/><D125/><U119/><E119/><V109/><F109/><W30/><G30/><T124/><D49/><U22/><E76/><V97/><F20/><W35/><REACH who="3" step="1"/><G128/><REACH who="3" ten="102,192,289,407" step="2"/><T102/><D124/><U37/><E68/><V100/><F77/><W98/><AGARI ba="0,1" hai="4,6,7,25,31,35,39,43,47,54,55,94,98,103" machi="98" ten="30,7900,0" yaku="1,1,2,1,0,1,52,1,53,0" doraHai="21" doraHaiUra="59" who="3" fromWho="3" sc="102,-20,192,-39,289,-20,407,89" /><INIT seed="6,0,0,0,3,77" ten="82,153,269,496" oya="2" hai0="91,11,76,129,120,47,45,80,50,3,135,128,34" hai1="127,41,66,67,58,56,22,12,97,105,65,69,7" hai2="49,71,62,122,104,44,2,115,30,125,70,116,23" hai3="43,119,60,39,82,85,4,0,5,53,73,72,27"/><V111/><F2/><W109/><G109/><T103/><D34/><U25/><E127/><V102/><F104/><W59/><G119/><T75/><D120/><U132/><E132/><V33/><F102/><W106/><G106/><T32/><D32/><U16/><E69/><V74/><F74/><W10/><G5/><T93/><D103/><U113/><E113/><V52/><F33/><W57/><G43/><T96/><D135/><U40/><E105/><V9/><F9/><W134/><G39/><T37/><D50/><U15/><E97/><V48/><F30/><W64/><G27/><T14/><D3/><U92/><E92/><V78/><F78/><W18/><G18/><T130/><REACH who="0" step="1"/><D37/><REACH who="0" ten="72,153,269,496" step="2"/><U63/><E41/><V20/><F49/><W24/><G134/><T79/><D79/><U6/><E40/><V90/><F48/><W36/><G36/><T19/><AGARI ba="0,1" hai="11,14,19,45,47,75,76,80,91,93,96,128,129,130" machi="19" ten="30,7900,0" yaku="1,1,0,1,19,1,52,1,53,0" doraHai="77" doraHaiUra="98" who="0" fromWho="0" sc="72,89,153,-20,269,-39,496,-20" /><INIT seed="7,0,0,5,0,33" ten="161,133,230,476" oya="3" hai0="71,31,58,60,25,90,121,106,132,84,37,57,54" hai1="1,98,15,74,122,72,67,96,104,23,94,34,14" hai2="47,18,51,13,101,133,88,63,35,117,30,24,109" hai3="77,59,130,12,81,95,26,126,0,87,42,135,48"/><W8/><G0/><T6/><D121/><U68/><E122/><V82/><F109/><W64/><G135/><T80/><D37/><U112/><E34/><V131/><F117/><W76/><G130/><T120/><D120/><U50/><E112/><V45/><F131/><W108/><G126/><T113/><D113/><U115/><E115/><V125/><F133/><W28/><G77/><T38/><D38/><U9/><E104/><V52/><F125/><W21/><G108/><T75/><D106/><U19/><E98/><V111/><F101/><W85/><G64/><T103/><D103/><U123/><E123/><V114/><F63/><W61/><G61/><T43/><D43/><U32/><E32/><V46/><F111/><W49/><G59/><T39/><D39/><U79/><E79/><V17/><F17/><W40/><G40/><T7/><D71/><U102/><E1/><V36/><F36/><W91/><G42/><T105/><D105/><U69/><E50/><V65/><F65/><W93/><G93/><T22/><D132/><U10/><E23/><V107/><F107/><W124/><G124/><T29/><D75/><U70/><REACH who="1" step="1"/><E67/><REACH who="1" ten="161,123,230,476" step="2"/><V62/><F51/><W110/><G110/><T128/><D128/><U16/><AGARI ba="0,1" hai="9,10,14,15,16,19,68,69,70,72,74,94,96,102" machi="16" ten="30,8000,1" yaku="1,1,2,1,0,1,9,1,54,1,53,0" doraHai="33" doraHaiUra="53" who="1" fromWho="1" sc="161,-20,123,90,230,-20,476,-40" owari="141,-35.9,213,1.3,210,-19.0,436,53.6" /></mjloggm>