<mjloggm ver="2.3"><GO type="169" lobby="0"/><UN n0="%E6%A1%9C%E5%B3%B6%E9%BA%BB%E8%A1%A3" n1="%E3%83%A8%E3%82%B7%E3%83%86%E3%83%AB%37%30%38" n2="%E5%B0%8F%E6%B3%89%E3%83%81%E3%83%AB%E3%83%89%E3%83%AC%E3%83%B3" n3="%E3%80%90%E3%83%80%E3%83%B3%E3%83%87%E3%82%A3%E3%80%91" dan="16,16,16,16" rate="2137.95,2082.58,2095.87,2168.46" sx="F,M,M,M"/><TAIKYOKU oya="0"/><INIT seed="0,0,0,4,3,99" ten="250,250,250,250" oya="0" hai0="63,71,43,20,108,130,36,37,77,55,117,66,89" hai1="3,15,93,78,8,116,7,19,122,85,11,59,30" hai2="111,61,112,105,119,35,68,62,80,103,42,39,106" hai3="107,125,26,92,126,56,49,88,0,50,24,72,51"/><T57/><D117/><U46/><E122/><V18/><F112/><W23/><G72/><T34/><D34/><U128/><E116/><V52/><F119/><W84/><G0/><T28/><D77/><U70/><E70/><V16/><F111/><W31/><G107/><T133/><D108/><U120/><E120/><V132/><F132/><W101/><G101/><T32/><D32/><U82/><E128/><V121/><F35/><W45/><G56/><T74/><D74/><U38/><E30/><V5/><F121/><W91/><G45/><T22/><D133/><U67/><E93/><V135/><F135/><W81/><REACH who="3" step="1"/><G26/><REACH who="3" ten="250,250,250,240" step="2"/><T75/><D75/><U10/><E59/><N who="2" m="35047" /><F105/><W76/><G76/><T96/><D57/><U100/><E100/><V25/><F25/><W64/><G64/><T27/><D66/><U2/><E67/><V95/><F106/><W83/><G83/><T48/><D27/><U79/><E79/><V13/><F68/><W123/><G123/><T54/><D71/><U127/><E46/><V97/><F80/><W6/><G6/><T110/><D110/><U41/><E2/><V102/><F102/><W118/><G118/><T124/><D89/><U86/><E3/><V115/><F115/><W113/><G113/><T9/><D130/><U17/><E78/><V60/><F39/><W69/><G69/><T129/><D37/><U47/><E38/><V73/><F73/><W53/><G53/><T98/><D55/><U1/><E1/><V94/><F42/><W109/><G109/><T29/><D43/><U65/><E41/><V14/><F103/><RYUUKYOKU ba="0,1" sc="250,-10,250,-10,250,-10,240,30" hai3="23,24,31,49,50,51,81,84,88,91,92,125,126" /><INIT seed="1,1,1,4,5,39" ten="240,240,240,270" oya="1" hai0="0,133,37,32,15,98,82,113,111,49,116,83,108" hai1="11,7,107,38,117,68,120,22,36,135,31,34,76" hai2="8,127,67,4,131,95,124,77,58,17,61,19,27" hai3="21,121,60,13,129,99,16,122,1,44,59,64,12"/><U65/><E120/><V45/><F131/><W94/><G129/><T6/><D37/><U87/><E117/><V51/><F77/><W46/><G1/><T29/><D0/><U105/><E22/><V100/><F27/><W88/><REACH who="3" step="1"/><G13/><REACH who="3" ten="240,240,240,260" step="2"/><T110/><D15/><U97/><E135/><V80/><F124/><W104/><G104/><T26/><D133/><U70/><E105/><V57/><F127/><W41/><G41/><T90/><D111/><U56/><E107/><V42/><F80/><W66/><G66/><T132/><D83/><U71/><E65/><V18/><F58/><W115/><G115/><T123/><D82/><U9/><E56/><V109/><F109/><W3/><G3/><T106/><D113/><U24/><E71/><V23/><F23/><W52/><G52/><T63/><D106/><U62/><E70/><V14/><F95/><W74/><G74/><T84/><D132/><U102/><E68/><V125/><F125/><W119/><G119/><T81/><D116/><U73/><E73/><V78/><F78/><W53/><G53/><T101/><D110/><U40/><E76/><V54/><F100/><W69/><G69/><T79/><D79/><U2/><E102/><V20/><F20/><W30/><G30/><T112/><D29/><U55/><E31/><V92/><F92/><W10/><G10/><T5/><D108/><U134/><E11/><V96/><F67/><W48/><G48/><T86/><D112/><U89/><E9/><V75/><F75/><W25/><G25/><T50/><D26/><U47/><E134/><V85/><F42/><RYUUKYOKU ba="1,2" sc="240,-10,240,-10,240,-10,260,30" hai3="12,16,21,44,46,59,60,64,88,94,99,121,122" /><INIT seed="2,2,2,3,1,13" ten="230,230,230,290" oya="2" hai0="35,53,124,113,57,134,44,9,86,0,14,105,23" hai1="99,42,106,49,3,89,97,69,83,73,111,130,32" hai2="51,47,8,91,128,103,109,38,98,43,120,36,74" hai3="11,101,59,41,118,62,104,95,37,46,66,40,88"/><V29/><F120/><W71/><G118/><T90/><D113/><U12/><E3/><V54/><F74/><W15/><G41/><T132/><D35/><U22/><E32/><V10/><F128/><W4/><G101/><T76/><D76/><U119/><E69/><V96/><F29/><W7/><G104/><T19/><D105/><U121/><E119/><V30/><F30/><W64/><G71/><T78/><D78/><U135/><E73/><V122/><F122/><W108/><G108/><T18/><D124/><U25/><E121/><V116/><F116/><W1/><G66/><T112/><D112/><U80/><E106/><V28/><F28/><W33/><G33/><T65/><D65/><U20/><E111/><V39/><F109/><W45/><G45/><T85/><D44/><N who="1" m="25751" /><E130/><V16/><F43/><W6/><REACH who="3" step="1"/><G1/><REACH who="3" ten="230,230,230,280" step="2"/><T63/><D0/><U125/><E125/><V24/><F103/><W58/><G58/><T114/><D114/><U129/><E129/><V87/><F8/><W133/><G133/><N who="0" m="51307" /><D90/><U102/><E135/><V72/><F72/><W110/><G110/><T94/><D94/><U92/><E102/><V131/><F131/><W81/><G81/><T2/><D2/><U5/><E83/><N who="2" m="49663" /><F24/><AGARI ba="2,3" hai="9,14,18,19,23,24,53,57,63,85,86" m="51307" machi="24" ten="30,3900,0" yaku="20,1,52,2" doraHai="13" who="0" fromWho="2" sc="230,75,230,0,230,-45,280,0" /><INIT seed="3,0,0,5,1,90" ten="305,230,185,280" oya="3" hai0="16,91,29,84,18,116,38,36,3,6,7,128,68" hai1="125,2,17,30,24,39,65,11,95,92,102,78,115" hai2="89,44,79,19,15,53,49,88,56,121,130,50,106" hai3="112,64,8,101,20,134,71,109,93,40,126,46,47"/><W27/><G112/><T67/><D116/><U75/><E115/><V82/><F130/><W129/><G129/><T59/><D128/><U13/><E102/><V123/><F106/><W131/><G131/><T1/><D29/><U76/><E65/><V87/><F121/><W97/><G134/><T119/><D68/><U37/><E125/><V21/><REACH who="2" step="1"/><F123/><REACH who="2" ten="305,230,175,280" step="2"/><W74/><G126/><T72/><D119/><U80/><E76/><V86/><F86/><W124/><G124/><T10/><D72/><U28/><E78/><V117/><F117/><W122/><G122/><T51/><D84/><U9/><E75/><V103/><F103/><W31/><G74/><T85/><D85/><U4/><E80/><V55/><AGARI ba="0,1" hai="15,19,21,44,49,50,53,55,56,79,82,87,88,89" machi="55" ten="20,8000,1" yaku="1,1,0,1,7,1,8,1,54,1,53,0" doraHai="90" doraHaiUra="110" who="2" fromWho="2" sc="305,-20,230,-20,175,90,280,-40" /><INIT seed="4,0,0,1,2,91" ten="285,210,265,240" oya="0" hai0="33,76,10,58,39,126,72,131,134,13,53,59,127" hai1="108,86,65,117,8,66,123,79,7,46,50,92,43" hai2="24,120,100,128,27,49,93,36,88,17,16,4,18" hai3="55,3,85,89,90,103,81,106,96,69,45,114,26"/><T111/><D33/><U78/><E108/><V25/><F120/><W94/><G69/><T0/><D0/><U31/><E123/><V57/><F128/><W11/><G26/><T14/><D131/><U23/><E117/><V12/><F36/><W84/><G55/><T60/><D39/><U30/><E79/><V34/><F100/><W19/><G45/><T64/><D134/><U42/><E42/><V75/><F75/><W82/><G19/><T29/><D29/><U40/><E40/><V21/><F4/><W61/><G61/><T118/><D118/><U110/><E110/><V22/><F34/><W71/><G71/><T44/><D44/><U115/><E115/><V70/><F70/><W132/><G11/><T77/><D111/><U67/><E23/><V83/><F83/><N who="3" m="31755" /><G3/><T125/><D72/><U2/><REACH who="1" step="1"/><E78/><REACH who="1" ten="285,200,265,240" step="2"/><N who="0" m="30313" /><D10/><U48/><E48/><AGARI ba="0,1" hai="13,14,48,53,58,59,60,64,125,126,127" m="30313" machi="48" ten="30,1500,0" yaku="18,1" doraHai="91" who="0" fromWho="1" sc="285,25,200,-15,265,0,240,0" /><INIT seed="4,1,0,3,5,11" ten="310,185,265,240" oya="0" hai0="72,114,76,122,56,68,43,33,18,92,70,59,119" hai1="7,55,9,2,20,34,107,54,82,45,14,73,95" hai2="118,135,115,28,64,23,124,65,131,0,127,104,99" hai3="94,106,78,101,111,129,110,15,51,8,17,125,88"/><T84/><D119/><U85/><E107/><V5/><F115/><W10/><G125/><N who="2" m="48201" /><F118/><W30/><G129/><T134/><D122/><U1/><E34/><V35/><F35/><W96/><G78/><T128/><D33/><U123/><E123/><V39/><F39/><W66/><G66/><N who="2" m="25705" /><F0/><W50/><G30/><T31/><D31/><U46/><E73/><V38/><F5/><W120/><G120/><T49/><D72/><U75/><E75/><V36/><F131/><W69/><G69/><T91/><D128/><U132/><E132/><V113/><F113/><W81/><G81/><T77/><D114/><U100/><E2/><V97/><F135/><W21/><G21/><T16/><D134/><U103/><E20/><V102/><F99/><W25/><G25/><AGARI ba="1,0" hai="23,25,28,36,38,97,102,104" m="25705,48201" machi="25" ten="30,1000,0" yaku="18,1" doraHai="11" who="2" fromWho="3" sc="310,0,185,0,265,13,240,-13" /><INIT seed="5,0,0,1,4,71" ten="310,185,278,227" oya="1" hai0="121,85,33,108,123,35,99,101,113,67,8,74,59" hai1="68,6,117,62,132,128,125,79,111,58,93,18,47" hai2="105,40,31,28,38,94,13,65,89,43,12,55,57" hai3="77,9,119,26,78,1,120,63,29,91,42,104,118"/><U109/><E117/><N who="3" m="44554" /><G104/><T27/><D108/><N who="1" m="41547" /><E128/><V88/><F105/><W7/><G120/><N who="0" m="46155" /><D74/><U133/><E6/><V46/><F65/><W134/><G134/><N who="1" m="51818" /><E79/><V16/><F43/><W52/><G42/><T124/><D124/><U90/><E18/><V22/><F13/><W130/><G130/><T129/><D113/><U37/><E68/><V76/><F76/><W92/><G91/><T116/><D116/><U23/><E23/><V97/><F89/><W14/><G1/><T87/><D8/><U24/><E24/><V45/><F45/><W4/><G4/><T84/><D27/><U44/><E125/><V15/><F15/><W5/><G5/><T115/><D115/><U86/><E37/><V126/><F126/><W135/><G135/><T10/><D10/><U25/><E25/><V112/><F112/><W102/><G26/><T49/><D129/><U114/><E114/><V83/><F83/><W127/><G127/><T95/><D67/><AGARI ba="0,0" hai="44,47,58,62,67,86,90,93" m="51818,41547" machi="67" ten="30,2900,0" yaku="10,1,20,1" doraHai="71" who="1" fromWho="0" sc="310,-29,185,29,278,0,227,0" /><INIT seed="5,1,0,0,5,102" ten="281,214,278,227" oya="1" hai0="59,124,5,56,75,65,18,15,62,121,88,3,47" hai1="113,36,110,26,97,33,125,92,34,0,2,134,70" hai2="21,51,19,79,14,10,95,39,6,7,84,131,44" hai3="135,119,55,98,31,118,48,87,128,53,68,27,20"/><U42/><E113/><V11/><F131/><W83/><G128/><T80/><D124/><U13/><E125/><V132/><F132/><W99/><G135/><T96/><D121/><U41/><E134/><V35/><F39/><W64/><G68/><T1/><D5/><N who="2" m="1546" /><F35/><W38/><G64/><T90/><D47/><U108/><E70/><V63/><F63/><W123/><G38/><T116/><D116/><N who="3" m="44585" /><G123/><T57/><D3/><N who="1" m="1067" /><E13/><V49/><F49/><W77/><G55/><T4/><D4/><U12/><E12/><V126/><F126/><W67/><G67/><T8/><D1/><U103/><E26/><V66/><F66/><W50/><G50/><T71/><REACH who="0" step="1"/><D96/><REACH who="0" ten="271,214,278,227" step="2"/><U52/><E36/><V107/><F44/><AGARI ba="1,1" hai="20,27,31,44,48,53,77,83,87,98,99" m="44585" machi="44" ten="30,1000,0" yaku="12,1" doraHai="102" who="3" fromWho="2" sc="271,0,214,0,278,-13,227,23" /><INIT seed="6,0,0,4,5,66" ten="271,214,265,250" oya="2" hai0="71,113,30,6,46,36,132,101,35,135,78,48,67" hai1="38,68,33,44,53,40,37,72,65,134,92,14,87" hai2="63,90,50,57,49,23,112,21,79,7,115,125,108" hai3="64,59,74,20,32,100,93,126,1,45,81,105,24"/><V60/><F125/><W89/><G1/><T99/><D36/><U97/><E72/><V80/><F108/><W110/><G110/><T62/><D78/><U98/><E33/><V41/><F7/><W127/><G32/><T29/><D6/><U2/><E38/><V51/><F90/><W76/><G45/><T61/><D61/><N who="2" m="23626" /><F57/><W34/><G34/><T88/><D113/><N who="2" m="43594" /><F41/><W54/><G64/><T85/><D48/><N who="2" m="12290" /><V27/><DORA hai="11" /><F27/><W43/><G43/><T0/><D46/><U107/><E44/><V42/><F42/><W75/><G59/><T118/><D0/><U56/><E65/><V70/><F70/><W117/><G89/><T13/><D13/><U82/><E68/><V18/><F18/><W55/><G126/><T69/><D69/><U19/><E56/><V3/><F3/><W86/><G127/><T47/><D47/><U103/><E2/><V106/><F106/><W96/><G105/><T102/><D35/><U12/><E40/><V124/><F124/><W58/><G58/><T119/><D30/><U130/><E37/><V129/><F129/><W83/><G76/><T116/><D29/><U28/><E130/><V111/><F111/><W120/><G24/><T95/><REACH who="0" step="1"/><D102/><REACH who="0" ten="261,214,265,250" step="2"/><N who="1" m="60711" /><E28/><V123/><F123/><W122/><G122/><T121/><D121/><U22/><E14/><V8/><F8/><W114/><G120/><T84/><D84/><AGARI ba="0,1" hai="21,23,79,80,84" m="12290,43594,23626" machi="84" ten="40,2000,0" yaku="15,1" doraHai="66,11" who="2" fromWho="0" sc="261,-20,214,0,265,30,250,0" /><INIT seed="6,1,0,5,1,30" ten="241,214,295,250" oya="2" hai0="129,104,0,113,88,26,57,66,43,19,62,89,125" hai1="119,46,49,33,31,38,44,118,83,63,11,36,13" hai2="131,132,14,37,67,32,105,73,45,102,122,55,42" hai3="24,23,97,115,117,96,72,116,9,82,103,28,92"/><V65/><F122/><W10/><G115/><T6/><D104/><U90/><E63/><V95/><F73/><W101/><G72/><T84/><D113/><U48/><E36/><V39/><F131/><W77/><G77/><T79/><D129/><U85/><E38/><V86/><F132/><W111/><G82/><T53/><D125/><U100/><E100/><V114/><F32/><W47/><G111/><T54/><D43/><U94/><E94/><V120/><F39/><W127/><G127/><T69/><D0/><U18/><E31/><V80/><F105/><W22/><G47/><T109/><D6/><U16/><E18/><V93/><F93/><W56/><G56/><T107/><D107/><U76/><E76/><V17/><F55/><N who="0" m="21002" /><D69/><U75/><E75/><V34/><F34/><W133/><G92/><T29/><D29/><U128/><E33/><V98/><F120/><W110/><G28/><T51/><D51/><U70/><E70/><V50/><F37/><W68/><G68/><T59/><D59/><U12/><E128/><V126/><F126/><W121/><G121/><T8/><D109/><U106/><E106/><V123/><F114/><W81/><G110/><T74/><D74/><U58/><E58/><V41/><F41/><W61/><G133/><T108/><D108/><U112/><E112/><V99/><F99/><W21/><G97/><T2/><D2/><U3/><E3/><V15/><F123/><W78/><G96/><T71/><D71/><U64/><E64/><N who="2" m="24651" /><F17/><W40/><G40/><T5/><D66/><U134/><E134/><V91/><AGARI ba="1,0" hai="14,15,42,45,50,80,86,91,95,98,102" m="24651" machi="91" ten="30,3000,0" yaku="5,1,8,1" doraHai="30" who="2" fromWho="2" sc="241,-11,214,-11,295,33,250,-11" /><INIT seed="6,2,0,1,0,118" ten="230,203,328,239" oya="2" hai0="46,123,98,49,81,47,65,97,100,127,94,92,74" hai1="38,86,83,56,113,60,75,111,84,95,57,34,125" hai2="7,124,1,3,30,29,5,18,59,63,0,104,20" hai3="99,2,39,16,69,132,50,88,96,66,72,8,109"/><V41/><F104/><W103/><G109/><T119/><D119/><U93/><E34/><V6/><F41/><W135/><G39/><T133/><D133/><N who="3" m="51273" /><G72/><T26/><D127/><U42/><E111/><V102/><F102/><W15/><G2/><N who="2" m="1129" /><F59/><W117/><G117/><T79/><D65/><U64/><E113/><V85/><F85/><W36/><G36/><T52/><D26/><U106/><E106/><V10/><F63/><N who="3" m="40159" /><G103/><T78/><D78/><U129/><E129/><V44/><F44/><W101/><G101/><T43/><D123/><U80/><E125/><V25/><F124/><W114/><G114/><T58/><REACH who="0" step="1"/><D43/><REACH who="0" ten="220,203,328,239" step="2"/><U90/><E42/><V70/><F70/><W51/><G99/><T4/><D4/><AGARI ba="2,1" hai="3,4,5,6,7,10,18,20,25,29,30" m="1129" machi="4" ten="30,12000,1" yaku="35,5" doraHai="118" who="2" fromWho="0" sc="220,-126,203,0,328,136,239,0" /><INIT seed="6,3,0,4,2,48" ten="94,203,464,239" oya="2" hai0="16,90,51,29,9,95,14,105,31,94,33,83,107" hai1="78,123,64,116,66,103,35,1,127,50,24,93,11" hai2="47,104,89,110,70,28,8,15,102,124,41,87,126" hai3="72,25,92,60,97,119,52,43,112,133,39,38,26"/><V27/><F70/><W61/><G119/><T88/><D83/><U23/><E116/><V36/><F110/><W55/><G72/><T131/><D131/><U81/><E35/><V37/><F37/><W4/><G4/><T63/><D63/><U71/><E71/><V134/><F134/><W42/><G92/><T57/><D105/><U32/><E32/><V18/><F102/><W128/><G97/><N who="0" m="57543" /><D107/><U21/><E93/><V30/><F104/><W53/><G53/><N who="0" m="31935" /><D33/><U130/><E66/><V7/><F87/><AGARI ba="3,0" hai="9,14,16,29,31,87,90,95" m="31935,57543" machi="87" ten="30,7700,0" yaku="8,1,52,1,54,2" doraHai="48" who="0" fromWho="2" sc="94,86,203,0,464,-86,239,0" /><INIT seed="7,0,0,3,0,16" ten="180,203,378,239" oya="3" hai0="132,58,38,40,121,49,109,73,0,91,101,27,102" hai1="29,24,67,116,90,15,122,123,70,32,31,81,124" hai2="74,71,133,78,111,92,50,47,43,48,56,113,77" hai3="7,108,94,60,126,96,129,35,93,6,131,120,110"/><W3/><G120/><T79/><D109/><N who="3" m="42089" /><G35/><T128/><D121/><U5/><E124/><V112/><F111/><W1/><G126/><T135/><D0/><N who="3" m="73" /><G60/><T33/><D38/><U115/><E31/><V13/><F71/><W89/><G94/><T95/><D79/><U11/><E115/><N who="2" m="44107" /><F133/><W97/><G97/><T53/><D73/><U12/><E116/><V84/><F74/><W2/><G2/><T42/><D128/><AGARI ba="0,0" hai="6,7,89,93,96,128,129,131" m="73,42089" machi="128" ten="40,3900,0" yaku="19,1,10,1" doraHai="16" who="3" fromWho="0" sc="180,-39,203,0,378,0,239,39" /><INIT seed="7,1,0,5,1,100" ten="141,203,378,278" oya="3" hai0="8,6,56,135,130,126,26,91,90,131,32,66,7" hai1="64,15,24,88,38,106,113,36,35,55,68,51,73" hai2="20,89,33,29,124,96,74,81,21,114,110,58,116" hai3="28,86,47,69,72,76,16,79,48,87,75,31,128"/><W101/><G69/><T80/><D135/><U123/><E73/><V103/><F110/><W13/><G75/><T34/><D26/><U105/><E123/><V46/><F116/><W71/><G71/><T25/><D25/><U39/><E113/><V107/><F114/><W22/><G72/><T117/><D117/><U92/><E68/><V98/><F124/><W127/><G101/><T82/><D56/><U17/><E64/><V118/><F33/><W57/><G57/><T1/><D8/><U63/><E63/><V14/><F118/><W70/><G70/><T23/><D23/><U119/><E119/><V19/><F29/><W115/><G115/><T112/><D112/><U99/><E24/><V40/><F21/><W9/><G128/><T11/><D11/><U108/><E108/><V120/><F120/><W0/><G0/><T84/><D84/><N who="3" m="32297" /><G127/><T97/><D97/><U30/><E35/><V52/><F74/><W77/><G9/><T102/><D102/><U133/><E30/><V2/><F2/><W27/><G27/><T61/><D1/><U18/><E133/><V67/><F103/><W129/><G129/><T42/><D42/><AGARI ba="1,0" hai="13,16,22,28,31,42,47,48,76,77,79" m="32297" machi="42" ten="30,2900,0" yaku="8,1,54,1" doraHai="100" who="3" fromWho="0" sc="141,-32,203,0,378,0,278,32" /><INIT seed="7,2,0,3,4,98" ten="109,203,378,310" oya="3" hai0="40,28,2,130,8,36,93,96,133,134,5,73,125" hai1="79,105,63,25,87,107,95,48,82,49,113,121,31" hai2="14,26,27,119,59,58,32,80,33,37,15,47,127" hai3="35,57,131,115,67,9,60,16,124,4,81,71,110"/><W123/><G123/><T84/><D84/><U99/><E113/><V101/><F119/><W86/><G115/><T97/><D28/><U117/><E121/><V75/><F127/><W30/><G124/><T19/><D19/><U18/><E18/><V132/><F101/><W7/><G131/><T64/><D125/><U12/><E12/><V108/><F108/><W109/><G71/><T6/><D130/><U41/><E41/><V39/><F80/><W128/><G128/><T3/><D64/><U51/><E63/><V104/><F47/><W23/><G30/><T10/><D73/><U69/><E69/><V44/><F44/><W62/><G35/><T50/><D50/><U70/><E70/><V20/><F104/><W38/><G38/><T68/><D68/><U1/><E1/><V56/><F56/><W74/><G74/><T88/><D40/><U22/><E117/><V135/><F75/><W55/><G9/><T112/><D36/><U126/><E126/><V89/><F89/><N who="3" m="51407" /><G62/><T0/><D112/><U45/><E45/><V43/><F43/><W66/><G110/><T114/><D114/><U102/><AGARI ba="2,0" hai="22,25,31,48,49,51,79,82,87,95,99,102,105,107" machi="102" ten="30,2000,0" yaku="0,1,52,1" doraHai="98" who="1" fromWho="1" sc="109,-7,203,26,378,-7,310,-12" owari="102,-39.8,229,-17.1,371,47.1,298,9.8" /></mjloggm>