<mjloggm ver="2.3"><GO type="169" lobby="0"/><UN n0="%E3%81%93%E3%81%94%E3%81%A6%E3%81%83%E3%83%BC" n1="%52%65%61%6C%58" n2="%E5%8B%98%E5%BC%81%E3%81%97%E3%81%A6%E3%82%88" n3="%E3%81%AF%E3%81%84%E3%82%8C%E3%81%AB%E3%82%83%E3%82%93" dan="16,16,17,16" rate="2006.26,2176.38,2233.83,2064.86" sx="M,F,M,M"/><TAIKYOKU oya="0"/><INIT seed="0,0,0,2,0,80" ten="250,250,250,250" oya="0" hai0="120,102,61,26,37,117,97,27,54,16,96,31,43" hai1="6,119,114,62,59,126,1,129,121,123,134,101,87" hai2="92,18,53,72,48,128,32,3,44,55,68,50,81" hai3="95,8,71,83,94,106,135,22,88,13,33,30,132"/><T91/><D117/><U67/><E119/><V74/><F68/><W90/><G106/><T107/><D120/><U11/><E114/><V9/><F128/><W52/><G71/><T98/><D43/><U99/><E129/><V20/><F32/><W131/><G33/><T124/><D37/><U38/><E38/><V105/><F105/><W57/><G131/><T104/><D124/><U47/><E126/><V2/><F92/><W85/><G30/><T34/><D104/><U29/><E47/><V73/><F9/><W108/><G108/><T25/><D25/><U56/><E56/><V14/><REACH who="2" step="1"/><F81/><REACH who="2" ten="250,250,240,250" step="2"/><W75/><G75/><T100/><D107/><U45/><E123/><V19/><F19/><N who="3" m="10607" /><G8/><T60/><D16/><U49/><E121/><V69/><F69/><W93/><G135/><T12/><D31/><U125/><E134/><V76/><F76/><N who="3" m="46311" /><G132/><T89/><D34/><U0/><E125/><V110/><F110/><W46/><G46/><AGARI ba="0,1" hai="2,3,14,18,20,44,46,48,50,53,55,72,73,74" machi="46" ten="40,2600,0" yaku="1,1,9,1,53,0" doraHai="80" doraHaiUra="66" who="2" fromWho="3" sc="250,0,250,0,240,36,250,-26" /><INIT seed="1,0,0,0,0,58" ten="250,250,276,224" oya="1" hai0="59,66,123,76,121,15,33,89,45,65,38,96,88" hai1="14,73,69,86,68,53,94,49,93,39,111,90,99" hai2="52,132,127,43,9,119,84,82,46,74,116,30,134" hai3="124,100,60,18,56,25,36,117,61,95,78,67,115"/><U70/><E73/><V24/><F74/><W40/><G115/><T12/><D33/><U27/><E39/><V126/><F9/><W19/><G124/><N who="2" m="47657" /><F82/><W2/><G2/><T54/><D76/><U3/><E3/><V135/><F84/><W57/><G117/><T129/><D129/><U110/><E27/><V120/><F120/><N who="0" m="46154" /><D38/><U35/><E14/><N who="0" m="5161" /><D45/><U44/><E35/><N who="2" m="20935" /><F52/><N who="3" m="33799" /><G36/><AGARI ba="0,0" hai="36,43,46,116,119,132,134,135" m="20935,47657" machi="36" ten="40,5200,0" yaku="20,1,18,1,23,1" doraHai="58" who="2" fromWho="3" sc="250,0,250,0,276,52,224,-52" /><INIT seed="2,0,0,3,1,103" ten="250,250,328,172" oya="2" hai0="23,13,105,46,99,113,104,19,90,107,118,50,134" hai1="53,1,108,3,17,100,6,101,72,55,10,70,47" hai2="115,27,111,51,60,58,92,40,12,127,33,57,4" hai3="34,130,30,122,120,79,24,69,68,28,42,98,16"/><V8/><F115/><W36/><G130/><T63/><D113/><U48/><E108/><V26/><F127/><W96/><G79/><T114/><D114/><U123/><E123/><V5/><F111/><W7/><G7/><T49/><D118/><U71/><E72/><V116/><F116/><W2/><G2/><T39/><D134/><U83/><E83/><V76/><F33/><W133/><G133/><T11/><D39/><U38/><E38/><V80/><F92/><W61/><G30/><T110/><D110/><U129/><E129/><V128/><F4/><W124/><G124/><T56/><D11/><U29/><E29/><V75/><F128/><W126/><G126/><T89/><D99/><U125/><E125/><V37/><F37/><W73/><G73/><T93/><D93/><U32/><E32/><V64/><F57/><W84/><G84/><T35/><D35/><U94/><E3/><V59/><REACH who="2" step="1"/><F58/><REACH who="2" ten="250,250,318,172" step="2"/><W74/><G36/><T82/><D82/><U15/><E94/><V18/><F18/><W67/><G16/><T112/><D112/><U44/><E17/><V21/><F21/><W78/><G122/><T88/><REACH who="0" step="1"/><D46/><AGARI ba="0,1" hai="5,8,12,26,27,40,46,51,59,60,64,75,76,80" machi="46" ten="40,3900,0" yaku="1,1,53,1" doraHai="103" doraHaiUra="54" who="2" fromWho="0" sc="250,-39,250,0,318,49,172,0" /><INIT seed="2,1,0,3,1,28" ten="211,250,367,172" oya="2" hai0="94,25,13,19,80,47,110,74,105,40,120,91,26" hai1="53,67,81,14,123,86,107,122,58,5,96,72,65" hai2="75,68,133,8,55,31,121,29,27,97,132,113,43" hai3="111,93,90,71,109,16,100,35,92,57,131,78,21"/><V101/><F113/><W50/><G71/><T102/><D120/><U126/><E72/><V60/><F121/><N who="1" m="46089" /><E126/><V6/><F75/><W51/><G131/><T62/><D110/><N who="3" m="41993" /><G78/><T112/><D112/><U36/><E36/><V18/><F31/><W9/><G9/><T59/><D102/><N who="1" m="62919" /><E5/><V48/><F18/><W88/><G100/><T37/><D105/><U130/><E14/><V11/><F43/><W17/><G35/><T95/><D95/><N who="3" m="36425" /><G57/><T108/><D80/><U87/><E130/><V114/><F114/><W117/><G117/><T0/><D0/><U12/><E12/><V39/><F39/><W61/><G61/><T73/><D73/><U89/><E86/><V2/><F8/><W127/><G127/><T22/><D74/><U70/><E70/><V125/><F125/><W134/><G134/><T99/><D108/><U41/><E41/><V115/><F115/><W30/><G30/><T4/><D4/><U103/><E103/><V20/><F68/><W119/><G119/><T98/><REACH who="0" step="1"/><D98/><REACH who="0" ten="201,250,367,172" step="2"/><U24/><E81/><V44/><F133/><W85/><G85/><T66/><AGARI ba="1,1" hai="13,19,22,25,26,37,40,47,59,62,66,91,94,99" machi="66" ten="20,12000,2" yaku="1,1,2,1,0,1,7,1,53,2" doraHai="28" doraHaiUra="23" who="0" fromWho="0" sc="201,133,250,-31,367,-61,172,-31" /><INIT seed="3,0,0,1,4,38" ten="334,219,306,141" oya="3" hai0="1,56,60,123,5,48,57,83,117,98,53,110,76" hai1="33,46,118,45,100,47,120,116,126,97,65,115,96" hai2="78,112,64,52,88,30,108,68,42,63,91,133,62" hai3="128,109,73,121,84,87,6,39,61,21,81,18,101"/><W130/><G121/><T36/><D117/><U132/><E115/><V75/><F112/><W94/><G6/><T44/><D123/><U50/><E120/><V51/><F30/><W67/><G39/><T55/><D110/><U28/><E126/><V72/><F108/><W13/><G109/><T41/><D98/><U26/><E132/><V24/><F24/><W113/><G113/><T58/><D5/><U119/><E65/><V103/><F133/><W4/><G4/><T104/><D104/><U43/><REACH who="1" step="1"/><E97/><REACH who="1" ten="334,209,306,141" step="2"/><V49/><F64/><W71/><G130/><T0/><REACH who="0" step="1"/><D58/><REACH who="0" ten="324,209,306,141" step="2"/><U25/><E25/><V82/><F68/><W66/><G71/><T85/><AGARI ba="0,2" hai="0,1,36,41,44,48,53,55,56,57,60,76,83,85" machi="85" ten="20,8000,1" yaku="1,1,2,1,0,1,7,1,52,1,53,0" doraHai="38" doraHaiUra="122" who="0" fromWho="0" sc="324,100,209,-20,306,-20,141,-40" /><INIT seed="4,0,0,3,5,105" ten="424,189,286,101" oya="0" hai0="57,2,20,134,116,64,6,1,60,22,99,70,91" hai1="49,40,17,81,115,18,55,63,109,39,82,33,76" hai2="52,92,35,75,118,0,71,53,104,129,56,54,43" hai3="8,119,77,84,74,83,130,61,98,50,131,29,111"/><T132/><D116/><U106/><E109/><V97/><F104/><W102/><G111/><T117/><D117/><U127/><E106/><V128/><F118/><W4/><G119/><T26/><D70/><U120/><E120/><V51/><F71/><W90/><G29/><T125/><D125/><U126/><E33/><V101/><F0/><W107/><G61/><T78/><D78/><U59/><E81/><V65/><F35/><W19/><G19/><T87/><D99/><U12/><E39/><V11/><F11/><W15/><REACH who="3" step="1"/><G50/><REACH who="3" ten="424,189,286,91" step="2"/><T80/><D6/><U27/><E18/><V67/><F51/><W112/><G112/><T25/><D22/><U103/><E115/><V46/><F128/><W95/><AGARI ba="0,1" hai="4,8,15,74,77,83,84,90,95,98,102,107,130,131" machi="95" ten="30,8000,1" yaku="1,1,0,1,24,2,52,1,53,0" doraHai="105" doraHaiUra="135" who="3" fromWho="3" sc="424,-40,189,-20,286,-20,91,90" /><INIT seed="5,0,0,2,2,122" ten="384,169,266,181" oya="1" hai0="82,121,74,46,73,105,3,27,101,76,20,104,56" hai1="112,55,42,41,93,119,51,79,120,77,125,111,128" hai2="92,117,70,65,2,25,116,37,49,81,12,97,130" hai3="5,66,50,48,89,32,102,31,132,124,83,10,68"/><U87/><E120/><V103/><F2/><W63/><G124/><T108/><D3/><U69/><E119/><V11/><F37/><W4/><G132/><T96/><D121/><U17/><E125/><V60/><F130/><W16/><G102/><T118/><D118/><U44/><E69/><V90/><F49/><W14/><G32/><T61/><D46/><U100/><E128/><V98/><F25/><W113/><G31/><T80/><D80/><U86/><E112/><V24/><F24/><W8/><G113/><T123/><D123/><U58/><E17/><V135/><F135/><W67/><G67/><T115/><D115/><U38/><E41/><V18/><REACH who="2" step="1"/><F81/><REACH who="2" ten="384,169,256,181" step="2"/><W9/><G50/><T59/><D82/><U109/><E79/><V6/><F6/><W22/><REACH who="3" step="1"/><G48/><REACH who="3" ten="384,169,256,171" step="2"/><T35/><D35/><U39/><E38/><V106/><AGARI ba="0,2" hai="11,12,18,60,65,70,90,92,97,98,103,106,116,117" machi="106" ten="20,2700,0" yaku="1,1,0,1,7,1,53,0" doraHai="122" doraHaiUra="47" who="2" fromWho="2" sc="384,-7,169,-13,256,47,171,-7" /><INIT seed="6,0,0,1,1,19" ten="377,156,303,164" oya="2" hai0="122,50,55,79,29,119,45,41,61,113,110,64,135" hai1="14,8,125,120,112,69,35,28,5,42,58,2,105" hai2="47,73,100,104,71,68,9,91,95,134,25,107,33" hai3="24,4,132,86,102,34,67,49,103,74,40,31,96"/><V118/><F118/><W128/><BYE who="2" /><G74/><T17/><D79/><UN n2="%E5%8B%98%E5%BC%81%E3%81%97%E3%81%A6%E3%82%88" /><U39/><E69/><V77/><F134/><W83/><G132/><T88/><D110/><U97/><E112/><V56/><F9/><W59/><G128/><T62/><D122/><U6/><E120/><V87/><F47/><W117/><G117/><T130/><D135/><U89/><E125/><V90/><F104/><W93/><G4/><T75/><D75/><U38/><E58/><V63/><F33/><W81/><G103/><T26/><D113/><U3/><E14/><V109/><F90/><W85/><G40/><T94/><D130/><U54/><E54/><V51/><F51/><W98/><G98/><N who="0" m="57671" /><D29/><U37/><E42/><V15/><F15/><W70/><G70/><T13/><D26/><N who="1" m="18839" /><E89/><V84/><F25/><W0/><G0/><T10/><D119/><U43/><E43/><V32/><F32/><W20/><G34/><T82/><D82/><N who="3" m="31241" /><G49/><N who="0" m="26799" /><D64/><U92/><E105/><V57/><F73/><W108/><G108/><T133/><D133/><U114/><E114/><V121/><F121/><W123/><G123/><T12/><D12/><N who="1" m="5135" /><E6/><V116/><F116/><W11/><G11/><T22/><D10/><U44/><E44/><AGARI ba="0,0" hai="13,17,22,44,50,55,61,62" m="26799,57671" machi="44" ten="30,3900,0" yaku="8,1,52,1,54,1" doraHai="19" who="0" fromWho="1" sc="377,39,156,-39,303,0,164,0" /><INIT seed="7,0,0,0,0,107" ten="416,117,303,164" oya="3" hai0="48,104,86,23,116,53,122,42,51,106,22,88,108" hai1="120,58,41,94,4,125,47,132,69,32,38,80,66" hai2="2,67,99,39,95,85,8,49,57,103,101,82,29" hai3="0,5,91,9,78,92,54,74,87,60,121,83,27"/><W43/><G121/><T90/><D108/><U70/><E32/><V79/><F39/><W6/><G6/><T98/><D116/><U56/><E4/><V45/><F2/><W24/><G54/><T126/><D122/><U114/><E120/><V59/><F8/><W110/><G110/><T68/><D68/><U10/><E10/><V21/><F101/><W113/><G113/><T65/><D65/><U127/><E94/><V124/><F124/><N who="1" m="47689" /><E80/><V19/><F29/><W40/><G60/><T84/><D126/><U64/><E114/><V81/><F81/><W119/><G119/><T31/><D31/><U61/><E132/><V20/><F20/><W7/><G5/><T62/><D62/><N who="1" m="37959" /><E69/><V93/><F93/><W16/><G27/><T13/><D53/><U46/><E46/><V36/><F36/><W115/><G115/><T11/><D11/><U105/><E105/><V50/><F67/><W71/><G71/><T96/><D13/><U100/><E100/><V30/><F30/><W117/><G117/><T63/><D63/><U3/><E3/><V77/><F77/><W76/><G78/><T72/><D72/><U28/><E28/><V109/><F109/><W118/><G118/><T123/><D123/><U131/><E70/><V44/><F44/><W75/><G7/><T73/><D73/><U25/><E25/><N who="2" m="14527" /><F50/><W102/><G24/><T89/><D89/><U112/><E112/><V129/><F129/><W133/><G133/><T14/><D14/><U55/><E131/><V134/><F134/><W17/><G0/><T128/><D128/><U135/><E135/><RYUUKYOKU ba="0,0" sc="416,10,117,10,303,10,164,-30" hai0="22,23,42,48,51,84,86,88,90,96,98,104,106" hai1="38,41,47,55,58,61,66" hai2="45,49,57,59,79,82,85,95,99,103" owari="426,52.6,127,-37.3,313,11.3,134,-26.6" /></mjloggm>