<mjloggm ver="2.3"><GO type="169" lobby="0"/><UN n0="%E3%81%99%E3%81%91%E3%81%B4%E3%82%87%E3%82%93" n1="%E3%81%9D%E3%82%93%E3%81%97%E6%A7%98" n2="%E8%B6%85%E7%B5%B6%E5%82%99%E9%95%B7%E7%82%AD" n3="%E4%B8%89%E5%B3%B6%E5%85%AB%E9%9B%B2" dan="16,17,17,17" rate="2128.72,2209.08,2109.41,2243.87" sx="M,M,M,M"/><TAIKYOKU oya="0"/><INIT seed="0,0,0,3,4,7" ten="250,250,250,250" oya="0" hai0="50,78,122,127,53,9,126,60,0,131,102,48,61" hai1="26,56,97,49,114,15,132,99,84,82,121,64,36" hai2="113,12,28,51,4,81,67,29,5,42,117,77,22" hai3="65,88,103,27,111,57,87,68,8,44,10,130,58"/><T18/><D122/><U80/><E121/><V109/><F113/><W6/><G111/><T104/><D131/><U17/><E36/><V55/><F109/><W70/><G130/><T76/><D102/><U62/><E132/><V98/><F5/><W14/><G103/><T30/><D104/><U93/><E114/><V125/><F125/><N who="0" m="47626" /><D30/><U45/><E26/><V59/><F117/><W38/><G27/><T101/><D101/><U72/><E93/><V1/><F98/><W66/><G38/><T35/><D35/><U123/><E80/><V24/><F1/><W71/><G44/><N who="0" m="27783" /><D50/><U86/><E72/><V41/><F29/><W33/><G33/><T46/><D46/><U134/><E134/><V20/><F67/><W133/><G133/><T31/><D31/><U135/><E123/><V100/><F100/><W120/><G120/><T23/><D0/><U34/><E34/><V19/><REACH who="2" step="1"/><F4/><REACH who="2" ten="250,250,240,250" step="2"/><W124/><G124/><T110/><D110/><U63/><E135/><V25/><F25/><W118/><G118/><T129/><D129/><U11/><E97/><V96/><F96/><W89/><G6/><T112/><D112/><U119/><E99/><V106/><F106/><W54/><G66/><T116/><D116/><U13/><E119/><V90/><F90/><W74/><G89/><T40/><D76/><U79/><E79/><V43/><F43/><W3/><G3/><T73/><D78/><U92/><E64/><V128/><F128/><W83/><G65/><T16/><D40/><U94/><E15/><V105/><F105/><W47/><G88/><T52/><D18/><RYUUKYOKU ba="0,1" sc="250,-10,250,-10,240,30,250,-10" hai2="12,19,20,22,24,28,41,42,51,55,59,77,81" /><INIT seed="1,1,1,1,2,64" ten="240,240,270,240" oya="1" hai0="11,120,10,20,116,133,39,115,35,93,103,98,43" hai1="4,62,8,134,54,32,75,17,25,38,101,89,58" hai2="131,104,1,112,52,97,128,92,49,86,60,30,28" hai3="37,107,130,100,73,55,19,119,29,15,22,135,65"/><U125/><E125/><V23/><F1/><W102/><G73/><T72/><D35/><U117/><E117/><V83/><F104/><W18/><G37/><T79/><D116/><U2/><E134/><V9/><F60/><W132/><G119/><T106/><D115/><U24/><E38/><V71/><F9/><W57/><G130/><N who="2" m="49705" /><F23/><W26/><G65/><T27/><D133/><N who="3" m="51273" /><G107/><T33/><D33/><U129/><E129/><V63/><F112/><W42/><G42/><T44/><D120/><U7/><E75/><V16/><F16/><N who="3" m="6187" /><G15/><T3/><D106/><U46/><E7/><V5/><F5/><W99/><G99/><T80/><D3/><U41/><E32/><V95/><F97/><W67/><G67/><T31/><AGARI ba="1,1" hai="10,11,20,27,31,39,43,44,72,79,80,93,98,103" machi="31" ten="20,1500,0" yaku="0,1,7,1" doraHai="64" who="0" fromWho="0" sc="240,28,240,-8,270,-5,240,-5" /><INIT seed="2,0,0,2,4,134" ten="268,232,265,235" oya="2" hai0="11,46,103,75,76,30,96,38,113,48,132,100,84" hai1="9,89,129,111,97,28,102,115,51,24,90,112,108" hai2="78,61,26,94,5,93,41,124,82,4,17,2,105" hai3="123,65,87,88,80,68,15,22,122,49,18,77,73"/><V20/><F105/><W37/><G37/><T50/><D113/><N who="1" m="43595" /><E51/><V25/><F41/><W12/><G68/><T70/><D70/><U101/><E9/><V44/><F44/><W81/><G65/><T128/><D38/><U95/><E24/><V114/><F114/><W116/><G116/><T118/><D118/><U131/><E28/><V79/><F61/><W45/><REACH who="3" step="1"/><G12/><REACH who="3" ten="268,232,265,225" step="2"/><T43/><D132/><U92/><E111/><V127/><F2/><W8/><G8/><T74/><D11/><U34/><E108/><V85/><F26/><W14/><G14/><T110/><D110/><U121/><E121/><V36/><F36/><W106/><G106/><T120/><D120/><U67/><E67/><V23/><F23/><W16/><G16/><T64/><D64/><U66/><E66/><V109/><F109/><W86/><G86/><T40/><D84/><N who="1" m="52263" /><E34/><V133/><F133/><W35/><G35/><T83/><D30/><U13/><E13/><V53/><F5/><W72/><G72/><T52/><D75/><U33/><E33/><V99/><F4/><W19/><G19/><T91/><D74/><U56/><E56/><V31/><F17/><W6/><G6/><T125/><D46/><U119/><E119/><V54/><F25/><W107/><G107/><T58/><D58/><U126/><E126/><N who="2" m="48171" /><F20/><W1/><G1/><T47/><D125/><U71/><E71/><V42/><F31/><W3/><G3/><T0/><D0/><U98/><E98/><V21/><F21/><W135/><G135/><T7/><D7/><U29/><E29/><V60/><F99/><RYUUKYOKU ba="0,1" sc="268,-15,232,15,265,-15,225,15" hai1="90,95,97,101,102,129,131" hai3="15,18,22,45,49,73,77,80,81,87,88,122,123" /><INIT seed="3,1,1,1,5,36" ten="253,247,250,240" oya="3" hai0="85,4,16,102,87,121,103,30,125,131,90,17,38" hai1="91,86,101,43,112,7,11,130,67,127,46,134,120" hai2="118,27,110,119,55,114,79,71,94,15,56,116,113" hai3="26,133,29,35,47,73,59,51,6,98,2,42,99"/><W21/><G73/><T40/><D121/><U45/><E120/><V104/><F104/><W53/><G133/><T23/><D125/><U115/><E127/><V77/><F71/><W57/><G2/><T83/><D131/><U128/><E134/><V135/><F135/><W93/><G6/><T109/><D109/><U65/><E101/><V75/><F110/><W37/><G35/><T8/><D30/><U89/><E86/><V132/><F132/><W32/><G32/><T19/><D23/><U129/><E46/><V106/><F106/><W82/><G82/><T9/><D87/><U117/><E117/><V126/><F126/><W74/><G74/><T10/><REACH who="0" step="1"/><D4/><REACH who="0" ten="243,247,250,240" step="2"/><U48/><E115/><V0/><F75/><W33/><G33/><T92/><D92/><U13/><E112/><V34/><F34/><W97/><REACH who="3" step="1"/><G59/><REACH who="3" ten="243,247,250,230" step="2"/><T39/><D39/><U31/><E31/><V66/><F114/><W62/><G62/><T52/><D52/><U108/><E108/><V44/><F113/><W123/><G123/><T78/><D78/><U20/><E65/><V24/><F116/><W12/><G12/><T54/><D54/><U58/><E58/><V88/><F118/><W105/><G105/><T3/><D3/><N who="1" m="511" /><E67/><V100/><F0/><W22/><G22/><T111/><D111/><U122/><E122/><V68/><F119/><W72/><G72/><T124/><D124/><U64/><E64/><V28/><F68/><W5/><G5/><T41/><D41/><U96/><E20/><V81/><F66/><W80/><G80/><T107/><D107/><U61/><E129/><RYUUKYOKU ba="1,3" sc="243,15,247,-15,250,-15,230,15" hai0="8,9,10,16,17,19,38,40,83,85,90,102,103" hai3="21,26,29,37,42,47,51,53,57,93,97,98,99" /><INIT seed="3,2,3,2,2,2" ten="258,232,235,245" oya="3" hai0="56,11,30,74,79,81,67,72,107,61,8,76,88" hai1="86,106,119,14,82,10,27,51,33,5,40,69,16" hai2="0,49,121,93,41,37,71,84,120,7,59,47,114" hai3="66,85,19,112,125,62,129,130,104,122,124,24,103"/><W117/><G112/><T9/><D107/><U28/><E106/><V15/><F71/><W123/><G117/><T12/><D30/><U25/><E69/><V3/><F114/><W135/><G19/><T77/><REACH who="0" step="1"/><D12/><REACH who="0" ten="248,232,235,245" step="2"/><N who="1" m="5199" /><E28/><V43/><F15/><W116/><G116/><T132/><D132/><U13/><E13/><V58/><F3/><W22/><G135/><T42/><D42/><U68/><E119/><V73/><F43/><W52/><G104/><T57/><D57/><U34/><E68/><V55/><F59/><W29/><G29/><T98/><D98/><U101/><E34/><V96/><F96/><W95/><G24/><T70/><D70/><U26/><E33/><V23/><F58/><W102/><G123/><T31/><D31/><U134/><E134/><V110/><F41/><W65/><G122/><T36/><D36/><U78/><E40/><V109/><F37/><W115/><G115/><T118/><D118/><U53/><E27/><V21/><F120/><W44/><G130/><T126/><D126/><U46/><E101/><V133/><F133/><W18/><G129/><T80/><D80/><U99/><E99/><V63/><F121/><W17/><G103/><T1/><D1/><U127/><E127/><V91/><F0/><W94/><G102/><T60/><D60/><U113/><E113/><V48/><F63/><W128/><G128/><T54/><D54/><U105/><E105/><V92/><F55/><W108/><G62/><T39/><D39/><U111/><E111/><V87/><F109/><W131/><G108/><T32/><D32/><U6/><E16/><RYUUKYOKU ba="2,4" sc="248,15,232,15,235,-15,245,-15" hai0="8,9,11,56,61,67,72,74,76,77,79,81,88" hai1="6,14,25,26,46,51,53,78,82,86" /><INIT seed="4,3,4,4,5,125" ten="263,247,220,230" oya="0" hai0="41,98,40,44,11,59,17,91,45,36,30,16,118" hai1="130,39,49,21,120,110,51,132,129,47,112,72,127" hai2="7,3,88,96,71,101,114,12,82,122,103,104,34" hai3="20,8,68,70,38,50,9,97,123,93,63,131,15"/><T74/><D74/><U53/><E110/><V60/><F3/><W2/><G38/><T111/><D118/><U46/><E120/><V135/><F122/><W95/><G123/><T64/><D111/><U37/><E72/><V106/><F34/><W1/><G50/><T57/><D30/><U55/><E21/><V29/><F29/><W61/><G97/><T107/><D11/><U42/><E127/><V83/><F103/><W65/><G20/><T126/><D126/><U124/><E124/><V25/><F25/><W116/><G65/><T87/><D107/><U76/><E76/><V22/><F106/><W100/><G100/><T4/><D4/><U78/><E78/><V26/><F7/><W121/><G121/><T79/><D98/><U43/><E112/><V66/><F12/><W94/><G94/><T14/><D79/><U108/><E108/><V99/><F114/><W81/><G81/><T13/><D64/><U24/><E24/><V67/><F66/><W89/><G89/><T113/><D113/><U119/><E132/><V35/><F135/><W73/><G73/><T54/><D91/><U18/><E18/><N who="2" m="12631" /><F35/><W80/><G116/><AGARI ba="3,4" hai="37,39,42,43,46,47,49,51,53,55,116,119,129,130" machi="116" ten="25,12000,2" yaku="22,2,34,3,52,2" doraHai="125" who="1" fromWho="3" sc="263,0,247,169,220,0,230,-129" /><INIT seed="5,0,0,1,1,119" ten="263,416,220,101" oya="1" hai0="131,57,34,66,47,79,92,73,63,45,91,2,122" hai1="134,87,98,95,46,129,6,135,9,124,28,101,60" hai2="82,58,21,93,117,27,39,49,118,35,133,107,81" hai3="78,51,44,69,5,48,41,55,30,84,103,26,72"/><U7/><E129/><V24/><F107/><W16/><G69/><T20/><D34/><U15/><E124/><V77/><F39/><W13/><G72/><T62/><D2/><U108/><E108/><V67/><F82/><W112/><G112/><T127/><D127/><U14/><E28/><V130/><F130/><W132/><G132/><T25/><D131/><U106/><E60/><V128/><F128/><W0/><G103/><T18/><D79/><U3/><E46/><V32/><F133/><N who="1" m="50697" /><E7/><V4/><F4/><W86/><G0/><T116/><D73/><U110/><E110/><V121/><F35/><W70/><G70/><T120/><D63/><U123/><E123/><N who="0" m="47145" /><D116/><U114/><E114/><V96/><F121/><W53/><G5/><T43/><D43/><U90/><AGARI ba="0,0" hai="3,6,9,14,15,87,90,95,98,101,106" m="50697" machi="90" ten="30,1500,0" yaku="20,1" doraHai="119" who="1" fromWho="1" sc="263,-5,416,15,220,-5,101,-5" /><INIT seed="5,1,0,2,5,106" ten="258,431,215,96" oya="1" hai0="21,102,38,9,77,105,124,82,41,79,118,122,133" hai1="114,4,0,69,51,96,120,110,74,63,12,49,8" hai2="98,1,24,113,86,10,53,28,78,109,127,107,130" hai3="30,57,35,116,22,132,85,36,65,52,54,84,47"/><U76/><E120/><V94/><F109/><W90/><G35/><T11/><D118/><U26/><E110/><V95/><F107/><W111/><G111/><T121/><D124/><U71/><E114/><V112/><F127/><W40/><G132/><T16/><D133/><U13/><E26/><V6/><F130/><W59/><G116/><T119/><D119/><U125/><E125/><V91/><F53/><W135/><G135/><T115/><D115/><N who="2" m="44106" /><F78/><W34/><G34/><T45/><D102/><U62/><E96/><V72/><F72/><W88/><G65/><T87/><D77/><U33/><E33/><N who="2" m="20615" /><F95/><W83/><G30/><T128/><D105/><U29/><E29/><V123/><F123/><N who="0" m="47114" /><D128/><U129/><E129/><V14/><F98/><W100/><G22/><T64/><D64/><U117/><E117/><V5/><F5/><W126/><G100/><T92/><D92/><U43/><E76/><V103/><F103/><W131/><G126/><T25/><AGARI ba="1,0" hai="9,11,16,21,25,38,41,45,79,82,87" m="47114" machi="25" ten="30,2000,0" yaku="13,1,54,1" doraHai="106" who="0" fromWho="0" sc="258,23,431,-11,215,-6,96,-6" /><INIT seed="6,0,0,3,3,36" ten="281,420,209,90" oya="2" hai0="78,40,85,26,87,75,37,11,101,106,44,38,23" hai1="118,0,115,119,57,17,124,126,45,82,112,34,108" hai2="59,20,13,70,121,110,125,116,22,15,120,104,93" hai3="90,95,35,67,65,3,69,25,33,98,77,131,128"/><V9/><F104/><W133/><G3/><T97/><D38/><U89/><E108/><V31/><F70/><W127/><G133/><T6/><D75/><U10/><E34/><V4/><F116/><N who="1" m="44585" /><E57/><V88/><F110/><W16/><G77/><T46/><D78/><U113/><E45/><V91/><F125/><N who="1" m="48233" /><E89/><V74/><F91/><W41/><G127/><T21/><D46/><U29/><E82/><V7/><F74/><W30/><G35/><T68/><D68/><U73/><E73/><V47/><F59/><W19/><G69/><T107/><D107/><U24/><E17/><N who="3" m="6730" /><G67/><T12/><REACH who="0" step="1"/><D23/><REACH who="0" ten="271,420,209,90" step="2"/><N who="1" m="15519" /><E115/><V52/><F22/><W62/><G65/><T32/><D32/><U48/><E48/><N who="2" m="28703" /><F20/><W43/><G62/><T132/><D132/><U60/><E60/><V96/><F121/><W81/><G81/><T63/><D63/><U56/><E56/><V72/><F120/><W58/><G58/><T61/><D61/><U50/><E50/><V2/><F72/><W71/><G71/><T14/><D14/><U92/><E113/><V109/><F109/><W64/><G64/><T28/><AGARI ba="0,1" hai="6,11,12,21,26,28,37,40,44,85,87,97,101,106" machi="28" ten="20,5200,0" yaku="1,1,0,1,7,1,52,1,53,0" doraHai="36" doraHaiUra="86" who="0" fromWho="0" sc="271,62,420,-13,209,-26,90,-13" /><INIT seed="7,0,0,3,1,105" ten="333,407,183,77" oya="3" hai0="20,125,27,11,124,10,113,110,98,2,100,66,35" hai1="69,81,56,15,84,34,4,22,72,53,23,129,133" hai2="123,1,74,116,118,38,111,106,32,108,86,70,43" hai3="121,42,126,117,64,128,134,14,46,77,79,30,85"/><W44/><G117/><T92/><D110/><U93/><E72/><V57/><F86/><W76/><G121/><T59/><D35/><U127/><E69/><V78/><F78/><W120/><G120/><T47/><D47/><U45/><E34/><V96/><F96/><W119/><G119/><T65/><D65/><U135/><E129/><V37/><F57/><W107/><G107/><T94/><D94/><U7/><E127/><N who="0" m="48713" /><D2/><U21/><E45/><V109/><F43/><W131/><G126/><T130/><D130/><N who="3" m="49705" /><G134/><N who="1" m="51210" /><E15/><V52/><F123/><W71/><G30/><N who="0" m="17767" /><D113/><U82/><E93/><V55/><F106/><W87/><G14/><T36/><D36/><U122/><E122/><V91/><F111/><W17/><G17/><T61/><AGARI ba="0,0" hai="10,11,59,61,66,92,98,100" m="17767,48713" machi="61" ten="30,2000,0" yaku="25,1,18,1" doraHai="105" who="0" fromWho="0" sc="333,20,407,-5,183,-5,77,-10" owari="353,15.3,402,50.2,178,-22.2,67,-43.3" /></mjloggm>