<mjloggm ver="2.3"><GO type="169" lobby="0"/><UN n0="%42%65%6E%63%68%69%6E%67" n1="%E3%81%BE%E3%82%86%E3%81%92" n2="%E5%85%A9%E5%84%80%E4%B8%B6%E5%BC%8F" n3="%E6%A4%9B%E5%8D%97" dan="16,16,16,18" rate="2112.41,2119.82,2145.69,2206.47" sx="M,M,M,F"/><TAIKYOKU oya="0"/><INIT seed="0,0,0,2,2,8" ten="250,250,250,250" oya="0" hai0="58,13,118,106,26,116,123,95,60,55,115,126,78" hai1="1,76,107,74,31,34,36,50,40,3,77,39,22" hai2="23,92,25,24,38,14,87,100,113,97,59,51,68" hai3="18,101,135,19,44,15,72,122,119,70,32,9,49"/><T79/><D123/><U48/><E107/><V121/><F68/><W86/><G135/><T35/><D106/><U0/><E34/><V7/><F38/><W20/><G32/><T33/><D115/><U16/><E31/><V94/><F113/><W46/><G72/><T99/><D126/><U71/><E71/><V85/><F121/><W83/><G70/><T73/><D118/><U21/><E74/><V69/><F69/><W47/><G122/><T80/><D116/><U67/><E67/><V6/><F24/><W88/><G101/><T56/><D79/><U10/><E10/><N who="2" m="4439" /><F94/><W65/><G65/><T42/><D42/><U4/><E4/><V64/><F7/><W41/><REACH who="3" step="1"/><G119/><REACH who="3" ten="250,250,250,240" step="2"/><T96/><D35/><U37/><E40/><V109/><F109/><W105/><G105/><T52/><D33/><U103/><E103/><V102/><F102/><W93/><G93/><T2/><D2/><U128/><E128/><V75/><F75/><W111/><G111/><T54/><D95/><U81/><E81/><V17/><F64/><W11/><G11/><T27/><D73/><U57/><E22/><V117/><F117/><W110/><G110/><T84/><D96/><U82/><E82/><V127/><F127/><W104/><G104/><T12/><D99/><U66/><E66/><V43/><F100/><W91/><G91/><T108/><D108/><U61/><E77/><V129/><F97/><W134/><G134/><T28/><D78/><U90/><E90/><V125/><F92/><W89/><G89/><T132/><D132/><U30/><E76/><V62/><F125/><RYUUKYOKU ba="0,1" sc="250,-10,250,-10,250,-10,240,30" hai3="9,15,18,19,20,41,44,46,47,49,83,86,88" /><INIT seed="1,1,1,1,0,107" ten="240,240,240,270" oya="1" hai0="63,133,41,83,52,47,130,53,1,59,113,119,60" hai1="9,124,48,68,62,32,58,101,26,30,98,109,103" hai2="76,114,21,115,131,74,92,116,77,67,88,45,17" hai3="102,16,128,39,100,122,20,112,3,120,94,118,13"/><U50/><E124/><V89/><F67/><W111/><G112/><N who="2" m="43049" /><F45/><W65/><G3/><T84/><D119/><U49/><E109/><V85/><F116/><W33/><G111/><T54/><D113/><U11/><E103/><V105/><F105/><W91/><G128/><T8/><D130/><U6/><E68/><V70/><F70/><W64/><G33/><T82/><D133/><U4/><E4/><V79/><F17/><W15/><G39/><T135/><D135/><U51/><N who="1" m="12288" /><DORA hai="57" /><U18/><E18/><V5/><F21/><W14/><G118/><T44/><D41/><U132/><E132/><V125/><F5/><W121/><G102/><T28/><D28/><U96/><E101/><V22/><F22/><W35/><G100/><T110/><D110/><U19/><E19/><V7/><F7/><W27/><REACH who="3" step="1"/><G35/><REACH who="3" ten="240,240,240,260" step="2"/><T31/><D1/><U34/><E34/><V104/><F131/><W90/><G90/><T72/><D44/><U126/><E126/><V127/><F127/><W25/><G25/><T93/><D47/><U134/><E134/><V40/><F125/><W38/><G38/><T108/><D108/><U78/><E78/><V36/><F104/><W61/><G61/><T23/><D63/><U87/><E62/><V99/><F36/><W37/><G37/><T56/><D60/><U55/><E32/><V2/><F2/><W129/><G129/><T81/><D59/><U29/><E26/><V10/><F89/><W69/><G69/><T73/><D56/><U66/><E58/><V43/><F88/><W46/><G46/><T42/><D54/><RYUUKYOKU ba="1,2" sc="240,-10,240,-10,240,-10,260,30" hai3="13,14,15,16,20,27,64,65,91,94,120,121,122" /><INIT seed="2,2,2,1,0,105" ten="230,230,230,290" oya="2" hai0="73,110,96,7,14,65,121,134,69,57,1,49,91" hai1="48,112,6,33,132,75,53,18,83,111,51,19,22" hai2="35,89,44,114,39,104,54,84,130,40,17,74,122" hai3="117,123,78,79,66,109,26,36,128,15,116,59,43"/><V129/><F114/><W71/><G109/><T12/><D110/><U82/><E111/><V41/><F122/><W60/><G128/><N who="2" m="49257" /><F104/><W76/><G123/><T28/><D121/><U56/><E33/><V72/><F35/><W118/><G26/><T46/><D69/><U58/><E112/><V45/><F54/><W97/><G97/><T32/><D134/><U95/><E132/><V27/><F17/><W86/><G15/><T115/><D73/><N who="2" m="28266" /><F27/><W29/><G29/><T120/><D115/><U70/><E6/><V131/><N who="2" m="49265" /><V31/><DORA hai="87" /><F31/><W133/><G133/><T61/><D28/><U30/><E30/><V135/><F135/><W119/><G119/><T21/><D32/><U126/><E19/><V63/><F63/><W16/><G16/><N who="0" m="10375" /><D120/><U52/><E75/><V42/><F39/><W9/><G36/><T93/><D7/><U88/><E70/><V108/><F108/><W106/><G71/><T92/><D61/><U80/><E18/><V0/><F0/><W10/><G106/><T77/><D1/><U99/><E22/><V90/><F90/><W100/><G118/><T125/><D14/><U5/><E5/><V67/><F67/><W81/><G117/><T47/><D65/><U11/><E11/><V85/><F85/><W62/><G116/><T64/><D64/><U127/><AGARI ba="2,2" hai="48,51,52,53,56,58,80,82,83,88,95,99,126,127" machi="127" ten="30,8000,1" yaku="0,1,9,1,52,1,54,2" doraHai="105,87" who="1" fromWho="1" sc="230,-22,230,106,230,-42,290,-22" /><INIT seed="3,0,0,5,0,64" ten="208,336,188,268" oya="3" hai0="30,53,18,93,130,77,6,122,110,61,116,82,44" hai1="42,46,23,5,98,83,28,35,57,34,119,118,111" hai2="58,106,39,70,21,112,131,73,134,99,50,117,129" hai3="2,47,9,37,45,0,59,109,72,49,123,87,22"/><W76/><G123/><T52/><D122/><U127/><E127/><V36/><F112/><W126/><G126/><T81/><D116/><U92/><E5/><V96/><F73/><W55/><G72/><T8/><D110/><U89/><E111/><V68/><F117/><N who="1" m="44553" /><E57/><V133/><F21/><W7/><G109/><T41/><D130/><N who="2" m="49674" /><F106/><W88/><G76/><T69/><D30/><U63/><E63/><V85/><F85/><W16/><G37/><N who="2" m="14409" /><F96/><W105/><G2/><T60/><D93/><U62/><E62/><V10/><F10/><W43/><G105/><T114/><D114/><U26/><E83/><V13/><F13/><W33/><G43/><T108/><D108/><U65/><E65/><V31/><F31/><W75/><G33/><T67/><D18/><U14/><E14/><V51/><F99/><W4/><G4/><T90/><D61/><U84/><E98/><V27/><F27/><W124/><G124/><T121/><D90/><U135/><E92/><V80/><F80/><W20/><G0/><T24/><D24/><U32/><E89/><V74/><F74/><W94/><G75/><T15/><D121/><U79/><E84/><V71/><F58/><W128/><G128/><T25/><D25/><U1/><E79/><V120/><F120/><W100/><G7/><T29/><D29/><U107/><E107/><V104/><F104/><W40/><G87/><N who="0" m="48559" /><D82/><U56/><E56/><V91/><F91/><W12/><G88/><T66/><D66/><U103/><E103/><V54/><F54/><W3/><G100/><T101/><D101/><U113/><E113/><RYUUKYOKU ba="0,0" sc="208,15,336,-15,188,15,268,-15" hai0="6,8,15,41,44,52,53,60,67,69" hai2="50,51,68,70,71,133,134" /><INIT seed="4,1,0,3,5,99" ten="223,321,203,253" oya="0" hai0="54,71,44,134,74,7,122,56,61,48,113,87,26" hai1="42,41,23,8,64,111,58,5,51,106,70,86,77" hai2="128,40,36,75,2,55,35,115,0,112,108,60,100" hai3="85,29,1,133,45,67,132,18,13,43,135,114,104"/><T4/><D122/><U34/><E34/><V19/><F75/><W78/><G1/><T30/><D113/><N who="2" m="43594" /><F108/><W96/><G114/><T47/><D134/><U130/><E106/><V14/><F35/><W109/><G29/><T21/><D74/><U72/><E72/><V37/><F128/><W123/><G109/><T129/><D129/><U117/><E111/><V32/><F32/><W119/><G119/><T10/><D71/><U38/><E117/><V95/><F60/><W84/><G67/><T94/><D47/><U52/><E130/><V28/><F28/><W27/><G27/><T83/><D94/><U102/><E102/><V68/><F55/><W76/><G123/><T63/><D10/><U16/><E38/><N who="2" m="14955" /><F40/><N who="1" m="15465" /><E70/><V59/><F59/><W89/><G43/><T126/><D126/><U120/><E64/><V121/><F68/><W66/><G66/><N who="0" m="39207" /><D63/><U6/><E8/><N who="2" m="6599" /><F121/><W98/><G45/><T97/><D97/><AGARI ba="1,0" hai="0,2,95,97,100" m="6599,14955,43594" machi="97" ten="30,2000,0" yaku="15,1,52,1" doraHai="99" who="2" fromWho="0" sc="223,-23,321,0,203,23,253,0" /><INIT seed="5,0,0,2,3,33" ten="200,321,226,253" oya="1" hai0="107,1,118,22,117,96,92,132,9,19,105,75,102" hai1="100,74,133,116,87,64,114,90,69,115,97,93,8" hai2="66,56,5,41,68,20,129,10,37,36,70,15,79" hai3="61,130,86,6,101,112,122,73,80,81,120,52,127"/><U71/><E116/><V0/><F129/><W30/><G130/><T60/><D132/><U72/><E133/><V31/><F41/><W50/><G112/><N who="1" m="43050" /><E8/><V43/><F79/><W83/><G127/><T98/><D75/><N who="1" m="28715" /><E64/><V121/><F121/><W25/><G73/><T63/><D118/><U49/><E49/><V110/><F110/><W48/><G101/><T82/><D82/><AGARI ba="0,0" hai="69,71,82,87,90,93,97,100" m="28715,43050" machi="82" ten="30,1500,0" yaku="15,1" doraHai="33" who="1" fromWho="0" sc="200,-15,321,15,226,0,253,0" /><INIT seed="5,1,0,5,4,10" ten="185,336,226,253" oya="1" hai0="124,108,133,57,45,50,126,87,121,134,40,128,125" hai1="25,103,56,79,84,46,59,1,4,7,15,11,52" hai2="82,43,22,34,13,47,107,70,74,135,132,68,76" hai3="9,97,63,88,96,85,37,44,5,69,23,6,0"/><U100/><E46/><V123/><F34/><W61/><G6/><T64/><D87/><U35/><E59/><V60/><F107/><W66/><G63/><N who="0" m="37999" /><D108/><U53/><E53/><V80/><F123/><W32/><G32/><T24/><D24/><U114/><E114/><V33/><F33/><W130/><G130/><T89/><D89/><U41/><E41/><V28/><F82/><W58/><G69/><T119/><D121/><U30/><E7/><V120/><F120/><W129/><G129/><T112/><D128/><U67/><E67/><V106/><F106/><W115/><G115/><T54/><D112/><U72/><E72/><V73/><F73/><W12/><G37/><N who="0" m="21647" /><D119/><U93/><E1/><V127/><F74/><W39/><G39/><T48/><D48/><U36/><E36/><V20/><F70/><W2/><G2/><T83/><D83/><U31/><E31/><V92/><F28/><W16/><G44/><AGARI ba="1,0" hai="44,50,54,124,125,126,133,134" m="21647,37999" machi="44" ten="30,3900,0" yaku="18,1,34,2" doraHai="10" who="0" fromWho="3" sc="185,42,336,0,226,0,253,-42" /><INIT seed="6,0,0,3,4,125" ten="227,336,226,211" oya="2" hai0="56,78,61,8,36,84,28,106,134,43,119,94,7" hai1="93,47,112,130,60,90,25,30,20,63,24,22,11" hai2="48,72,68,44,127,110,77,51,85,111,115,14,126" hai3="88,37,114,1,118,101,62,49,89,46,124,100,116"/><V64/><F72/><W57/><G124/><N who="2" m="47657" /><F14/><W133/><G133/><T18/><D134/><U98/><E130/><V38/><F77/><W86/><G37/><T83/><D106/><U92/><E112/><V81/><F81/><W15/><G1/><T52/><D119/><U34/><E34/><V35/><F85/><W128/><G128/><T108/><D108/><N who="2" m="41514" /><F35/><W82/><G114/><T123/><D123/><U10/><E93/><V117/><F115/><W76/><G118/><T33/><D36/><U27/><E27/><V58/><F117/><W54/><G116/><T4/><D43/><U107/><E107/><V129/><F129/><W40/><G15/><N who="0" m="7527" /><D33/><U13/><E13/><V65/><F68/><W17/><G17/><T103/><D28/><U31/><E11/><V97/><F97/><AGARI ba="0,0" hai="4,7,52,56,61,78,83,84,94,97,103" m="7527" machi="97" ten="30,2000,0" yaku="8,1,54,1" doraHai="125" who="0" fromWho="2" sc="227,20,336,0,226,-20,211,0" /><INIT seed="7,0,0,5,3,125" ten="247,336,206,211" oya="3" hai0="50,40,87,47,108,74,51,60,127,27,2,116,49" hai1="121,94,8,82,28,122,80,67,34,115,110,48,29" hai2="59,72,4,106,64,25,62,73,18,58,123,83,19" hai3="41,75,90,92,33,22,15,118,97,44,56,98,78"/><W96/><G33/><T129/><D74/><U26/><E110/><V43/><F106/><W55/><G118/><T77/><D108/><U132/><E132/><V111/><F111/><W6/><G75/><T7/><D116/><U85/><E115/><V1/><F123/><W46/><G78/><T88/><D129/><U53/><E67/><V135/><F135/><W76/><G76/><T128/><D128/><U134/><E134/><V52/><F43/><W130/><G130/><T119/><D119/><U105/><E105/><V54/><F64/><W63/><G22/><T131/><D131/><U3/><E29/><V117/><F117/><W113/><G113/><T112/><D112/><U20/><E34/><V95/><F95/><W71/><G71/><T68/><D77/><U89/><E121/><V11/><F83/><W45/><REACH who="3" step="1"/><G41/><REACH who="3" ten="247,336,206,201" step="2"/><T107/><D68/><U0/><E122/><V12/><F25/><W99/><G99/><T21/><D27/><U93/><E20/><V81/><F73/><W79/><G79/><T66/><D40/><U9/><E26/><V84/><F72/><W61/><G61/><T31/><D60/><U57/><E9/><AGARI ba="0,1" hai="6,9,15,44,45,46,55,56,63,90,92,96,97,98" machi="9" ten="40,3900,0" yaku="1,1,8,1,53,0" doraHai="125" doraHaiUra="124" who="3" fromWho="1" sc="247,0,336,-39,206,0,201,49" /><INIT seed="7,1,0,4,4,44" ten="247,297,206,250" oya="3" hai0="133,54,116,83,97,122,90,74,80,108,59,109,92" hai1="101,78,71,84,18,129,77,51,4,37,46,26,12" hai2="132,67,65,14,106,95,33,123,111,86,113,94,96" hai3="73,72,135,2,48,69,17,127,75,112,119,76,35"/><W23/><G35/><T104/><D122/><U28/><E71/><V121/><F111/><W66/><G119/><T27/><D116/><U7/><E37/><V45/><F33/><W40/><G2/><T15/><D133/><U134/><E101/><V11/><F132/><W34/><G34/><T10/><D27/><U126/><E134/><V70/><F106/><W52/><G135/><T19/><D104/><U68/><E68/><V31/><F31/><W56/><G112/><T21/><D74/><U105/><E105/><V50/><F113/><W22/><G127/><T64/><D64/><U103/><E103/><N who="2" m="60823" /><F70/><W57/><G69/><T125/><D125/><U99/><E99/><V53/><F123/><W131/><G40/><T82/><REACH who="0" step="1"/><D21/><REACH who="0" ten="237,297,206,250" step="2"/><N who="1" m="15439" /><E126/><V130/><F121/><W24/><G75/><T89/><D89/><U58/><E129/><V85/><F130/><W93/><G131/><T9/><D9/><N who="1" m="6415" /><E78/><V36/><F36/><W5/><G76/><T13/><D13/><U3/><E3/><V1/><F1/><W39/><G73/><T38/><D38/><U79/><E79/><V102/><F102/><W63/><G39/><T100/><D100/><U60/><E77/><V115/><F115/><W120/><G120/><T25/><D25/><U30/><E30/><V61/><F67/><W8/><G72/><T20/><D20/><U41/><E84/><N who="2" m="32363" /><F95/><W107/><G107/><T29/><D29/><U118/><E118/><V16/><F65/><AGARI ba="1,1" hai="4,7,41,46,51,58,60,65" m="6415,15439" machi="65" ten="30,2000,0" yaku="8,1,52,1" doraHai="44" who="1" fromWho="2" sc="237,0,297,33,206,-23,250,0" owari="237,-16.3,330,43.0,183,-31.7,250,5.0" /></mjloggm>