<mjloggm ver="2.3"><GO type="169" lobby="0"/><UN n0="%E6%9C%A8%E5%8E%9F%E8%B1%AA%E4%B8%80" n1="%70%6F%6E%2D%65%6E" n2="%E7%B9%AD%E3%82%92%E8%A7%A3%E3%81%8F" n3="%72%75%69%6E%65%76%65%72" dan="16,16,17,16" rate="2190.73,2117.30,2202.90,2098.20" sx="M,F,M,M"/><TAIKYOKU oya="0"/><INIT seed="0,0,0,0,5,88" ten="250,250,250,250" oya="0" hai0="86,121,124,37,51,62,79,94,113,14,97,12,81" hai1="100,7,116,96,87,17,20,78,47,22,26,3,126" hai2="28,39,71,84,77,115,42,2,93,60,98,31,95" hai3="53,41,118,49,40,34,127,107,43,38,68,32,11"/><T59/><D113/><U6/><E126/><V1/><F115/><W91/><G118/><T61/><D121/><U128/><E128/><V106/><F39/><W82/><G38/><T130/><D37/><U27/><E116/><V120/><F120/><W63/><G107/><T102/><D124/><U64/><E64/><V92/><F42/><W18/><G127/><T89/><D130/><U35/><E35/><V55/><F2/><W72/><G63/><T56/><D51/><U9/><E47/><V122/><F1/><W57/><G68/><T108/><D108/><U123/><E7/><V105/><F122/><W30/><G30/><N who="2" m="11305" /><F106/><W54/><G54/><T48/><D48/><U0/><E0/><V104/><F104/><W135/><G135/><T4/><D4/><U131/><E131/><V66/><F105/><W10/><G10/><T85/><D59/><U25/><E22/><V76/><F66/><W70/><G70/><T65/><REACH who="0" step="1"/><D62/><REACH who="0" ten="240,250,250,250" step="2"/><U5/><E5/><V13/><F71/><W132/><G132/><T24/><D24/><U74/><E123/><V111/><F111/><W83/><G49/><T67/><D67/><U19/><E3/><V99/><F13/><W73/><G57/><T134/><D134/><U16/><E6/><V101/><F60/><W114/><G114/><T129/><D129/><U110/><E110/><V90/><F55/><W33/><G53/><T75/><D75/><U8/><E74/><V45/><F45/><W133/><G133/><T21/><D21/><U46/><E46/><V23/><F23/><W36/><G36/><T103/><D103/><AGARI ba="0,1" hai="76,77,84,90,92,93,95,98,99,101,103" m="11305" machi="103" ten="30,8000,1" yaku="6,1,8,1,52,3" doraHai="88" who="2" fromWho="0" sc="240,-80,250,0,250,90,250,0" /><INIT seed="1,0,0,3,4,0" ten="160,250,340,250" oya="1" hai0="79,78,82,80,38,41,84,88,24,83,57,98,92" hai1="105,40,52,126,30,29,64,48,133,1,70,65,39" hai2="43,72,135,134,42,47,3,95,101,119,60,62,32" hai3="121,61,2,69,19,44,68,6,20,7,94,54,89"/><U14/><E1/><V74/><F119/><W112/><G121/><T116/><D116/><U104/><E133/><N who="2" m="50699" /><F32/><W113/><G2/><T22/><D38/><U106/><E126/><V45/><F3/><W75/><G75/><N who="2" m="28713" /><F95/><W49/><G113/><T50/><D79/><U59/><E14/><V87/><F87/><W120/><G112/><T128/><D128/><U130/><E130/><V124/><F101/><W34/><G34/><T108/><D108/><U21/><E21/><V28/><F28/><W31/><G31/><T109/><D109/><U71/><E71/><V18/><F18/><W107/><G107/><T102/><D78/><U46/><REACH who="1" step="1"/><E65/><REACH who="1" ten="160,240,340,250" step="2"/><V114/><F124/><W58/><G69/><T27/><D27/><U81/><E81/><V9/><F114/><W17/><G68/><T125/><D125/><U10/><E10/><V13/><F9/><W37/><G120/><T122/><D122/><U118/><E118/><V127/><F13/><W115/><G115/><T26/><D26/><U110/><E110/><V51/><F127/><W85/><G20/><T35/><D35/><U111/><E111/><V73/><F73/><W53/><G37/><AGARI ba="0,1" hai="37,42,43,45,47,51,60,62" m="28713,50699" machi="37" ten="30,1000,0" yaku="20,1" doraHai="0" who="2" fromWho="3" sc="160,0,240,0,340,20,250,-10" /><INIT seed="2,0,0,1,4,36" ten="160,240,360,240" oya="2" hai0="60,133,52,50,49,19,15,41,17,126,38,101,110" hai1="73,24,8,82,61,96,78,20,67,51,94,48,39" hai2="115,56,83,75,40,102,28,29,124,104,74,119,125" hai3="68,13,72,12,88,120,123,118,32,91,117,108,86"/><V128/><F56/><W105/><G68/><T57/><D110/><U121/><E39/><V34/><F115/><W16/><G32/><T42/><D126/><N who="2" m="48746" /><F119/><W93/><G108/><T134/><D101/><U135/><E135/><N who="0" m="51721" /><D38/><U81/><E8/><V26/><F128/><W106/><G72/><N who="2" m="27689" /><F83/><W131/><G131/><T76/><D76/><U27/><E27/><N who="2" m="18719" /><F40/><N who="0" m="15466" /><D19/><U10/><E78/><V71/><F71/><W84/><G16/><T62/><D60/><U129/><E61/><V14/><F14/><W54/><G93/><T5/><D5/><U109/><E94/><V43/><F43/><W1/><REACH who="3" step="1"/><G54/><REACH who="3" ten="160,240,360,230" step="2"/><T114/><D114/><U21/><E109/><V46/><F29/><W2/><AGARI ba="0,1" hai="1,2,12,13,84,86,88,91,105,106,117,118,120,123" machi="2" ten="25,12000,2" yaku="1,1,2,1,0,1,22,2,54,1,53,0" doraHai="36" doraHaiUra="64" who="3" fromWho="3" sc="160,-30,240,-30,360,-60,230,130" /><INIT seed="3,0,0,3,1,81" ten="130,210,300,360" oya="3" hai0="42,7,5,45,99,130,106,86,19,16,74,34,107" hai1="33,129,26,114,27,109,4,121,15,67,92,124,112" hai2="102,14,18,57,60,64,91,51,29,95,10,70,44" hai3="48,133,77,88,117,78,69,115,118,73,0,96,128"/><W127/><G0/><T59/><D74/><U79/><E109/><V3/><F3/><W13/><G69/><T1/><D34/><U31/><E121/><V21/><F70/><W68/><G68/><T38/><D130/><U25/><E129/><V39/><F39/><W61/><G61/><T65/><D107/><U93/><E124/><V105/><F105/><W103/><G48/><T22/><D19/><U84/><E67/><V119/><F119/><N who="3" m="45579" /><G13/><T101/><D1/><U46/><E93/><V80/><F102/><W123/><G115/><T55/><D86/><U131/><E131/><V17/><F29/><W110/><G128/><T75/><D75/><U62/><E62/><V24/><F80/><N who="3" m="45103" /><G123/><T135/><D135/><U71/><E46/><V113/><F113/><W49/><G49/><T35/><D35/><U54/><E54/><V43/><F95/><N who="3" m="58783" /><G133/><T52/><D65/><U63/><E63/><V58/><F58/><W40/><G40/><T120/><D120/><U30/><E71/><V125/><F125/><W94/><G127/><T134/><D134/><U100/><E33/><V76/><F76/><W37/><G37/><T122/><D122/><U83/><E114/><V47/><F47/><W56/><G56/><T8/><D8/><N who="1" m="4487" /><E112/><V98/><F43/><W9/><G9/><T87/><D59/><U66/><E66/><V20/><F51/><W132/><G132/><T6/><D55/><U36/><E36/><V23/><F44/><W89/><G110/><T97/><D38/><U126/><E126/><V72/><F72/><W111/><G111/><T28/><D42/><RYUUKYOKU ba="0,0" sc="130,-15,210,15,300,15,360,-15" hai1="25,26,27,30,31,79,83,84,92,100" hai2="10,14,17,18,20,21,23,24,57,60,64,91,98" /><INIT seed="4,1,0,3,5,132" ten="115,225,315,345" oya="0" hai0="77,116,82,64,57,100,49,34,14,68,70,65,44" hai1="33,110,29,123,74,18,8,93,52,62,85,12,79" hai2="43,17,20,66,37,55,117,21,25,36,27,124,89" hai3="5,24,130,103,23,120,51,15,92,115,19,6,133"/><T69/><D34/><U47/><E110/><V80/><F117/><W118/><G118/><T101/><D116/><U78/><E123/><V61/><F43/><W11/><G133/><T112/><D112/><U113/><E74/><V114/><F114/><W109/><G115/><T125/><D14/><U86/><E113/><V26/><F55/><W111/><G130/><T71/><N who="0" m="17408" /><DORA hai="3" /><T39/><D39/><U48/><E33/><V119/><F119/><W122/><G51/><T67/><D57/><N who="1" m="35111" /><E29/><V38/><F61/><W2/><G92/><T97/><D97/><U13/><E13/><V45/><F66/><W90/><G90/><T91/><D91/><N who="1" m="53487" /><E86/><V98/><F45/><W53/><G103/><T58/><D58/><U1/><E1/><V7/><F98/><W95/><G53/><AGARI ba="1,0" hai="8,12,18,47,48,53,78,79" m="53487,35111" machi="53" ten="30,2000,0" yaku="8,1,54,1" doraHai="132,3" who="1" fromWho="3" sc="115,0,225,23,315,0,345,-23" /><INIT seed="5,0,0,2,5,6" ten="115,248,315,322" oya="1" hai0="131,20,10,120,35,89,41,50,54,107,32,34,69" hai1="105,108,14,103,79,4,121,72,17,36,23,19,125" hai2="26,78,129,96,59,27,100,9,52,86,115,75,8" hai3="11,64,13,73,21,7,134,12,39,93,71,31,24"/><U81/><E121/><V77/><F75/><W74/><G134/><T117/><D117/><U57/><E125/><V127/><F129/><W109/><G109/><T3/><D69/><U70/><E108/><V76/><F115/><W92/><G39/><T113/><D107/><U132/><E132/><V40/><F40/><W33/><G93/><T60/><D113/><U43/><E70/><V2/><F127/><W5/><G92/><T124/><D124/><U42/><E36/><V47/><F47/><W133/><G133/><T112/><D112/><U104/><E4/><V94/><F2/><W45/><G45/><T48/><D41/><U65/><E104/><V44/><F44/><W1/><G7/><T80/><D131/><U88/><E88/><N who="2" m="53527" /><F96/><W116/><G116/><T67/><D32/><U83/><E83/><V68/><F68/><W15/><REACH who="3" step="1"/><G33/><REACH who="3" ten="115,248,315,312" step="2"/><T119/><D35/><U85/><E105/><V123/><F123/><W62/><AGARI ba="0,1" hai="1,5,11,12,13,15,21,24,31,62,64,71,73,74" machi="62" ten="30,7900,0" yaku="1,1,2,1,0,1,52,1,53,0" doraHai="6" doraHaiUra="82" who="3" fromWho="3" sc="115,-20,248,-39,315,-20,312,89" /><INIT seed="6,0,0,3,3,124" ten="95,209,295,401" oya="2" hai0="119,81,59,91,122,106,102,46,19,130,30,78,80" hai1="44,18,84,1,24,2,3,33,41,11,25,71,43" hai2="10,29,82,113,36,85,20,45,32,87,128,47,57" hai3="68,75,21,39,67,66,115,14,132,74,99,23,31"/><V61/><F32/><W4/><G39/><T70/><D70/><U34/><E71/><V15/><F113/><W52/><G115/><T111/><D30/><N who="1" m="19655" /><E84/><V35/><F128/><W135/><G99/><T72/><D111/><U16/><E44/><V104/><F35/><W117/><G117/><T12/><D46/><U27/><E43/><V5/><F104/><W58/><G68/><T13/><D59/><U64/><E64/><N who="3" m="24618" /><G31/><T69/><D69/><U96/><E96/><V118/><F118/><W62/><G4/><T107/><D91/><U90/><E90/><V109/><F109/><W63/><G63/><T103/><D78/><U54/><E54/><N who="2" m="33975" /><F36/><W51/><G62/><T50/><D119/><U89/><E89/><N who="2" m="51383" /><F87/><W129/><G129/><T125/><D72/><N who="3" m="27689" /><G14/><T38/><D38/><U56/><E56/><V48/><F48/><W133/><AGARI ba="0,0" hai="21,23,51,52,58,132,133,135" m="27689,24618" machi="133" ten="40,2700,0" yaku="20,1,54,1" doraHai="124" who="3" fromWho="3" sc="95,-7,209,-7,295,-13,401,27" /><INIT seed="7,0,0,5,2,130" ten="88,202,282,428" oya="3" hai0="63,132,13,48,26,42,57,20,68,28,92,52,2" hai1="76,75,101,90,133,108,122,58,95,44,89,37,98" hai2="50,34,119,88,25,97,32,21,81,104,115,112,93" hai3="23,18,24,54,60,105,0,47,74,71,134,59,51"/><W117/><G117/><T91/><D2/><U6/><E58/><V66/><F119/><W79/><G134/><T56/><D68/><U33/><E44/><V61/><F50/><W17/><G71/><T16/><D132/><U129/><E6/><V36/><F81/><W126/><G105/><T43/><D92/><U38/><E33/><V121/><F36/><W40/><G0/><T111/><D111/><U67/><E67/><V11/><F11/><W70/><G70/><T7/><D7/><U80/><E38/><V123/><F104/><W4/><G4/><T82/><D91/><U1/><E37/><V8/><F8/><W5/><G5/><T107/><D82/><U127/><E1/><V86/><F97/><W100/><G100/><T94/><D94/><U124/><E108/><V45/><F45/><W62/><G126/><T131/><D131/><U49/><E49/><V110/><F110/><W41/><G62/><T65/><REACH who="0" step="1"/><D107/><REACH who="0" ten="78,202,282,428" step="2"/><U85/><E129/><V19/><F93/><W128/><G128/><T73/><D73/><U30/><E133/><V69/><F69/><W87/><G74/><T15/><D15/><U113/><E90/><V27/><F88/><W10/><G79/><T125/><D125/><U29/><E124/><V31/><F86/><W84/><G84/><T114/><D114/><U78/><E113/><V3/><F115/><W46/><G87/><T83/><D83/><U39/><E127/><V109/><F112/><W9/><G18/><T12/><D12/><U55/><E76/><V53/><F109/><W14/><G14/><T103/><D103/><RYUUKYOKU ba="0,1" sc="78,15,202,-15,282,-15,428,15" hai0="13,16,20,26,28,42,43,48,52,56,57,63,65" hai3="9,10,17,23,24,40,41,46,47,51,54,59,60" owari="93,-40.7,187,-21.3,267,6.7,453,55.3" /></mjloggm>