<mjloggm ver="2.3"><GO type="169" lobby="0"/><UN n0="%E3%83%A8%E3%82%B7%E3%83%86%E3%83%AB%37%30%38" n1="%E3%83%8F%E3%82%BB%E3%81%B9" n2="%E3%81%BD%E3%81%A3%E3%81%91%E3%81%95%E3%82%93" n3="%E8%B6%85%E3%83%92%E3%83%A2%E3%83%AA%E3%83%AD" dan="16,16,16,16" rate="2101.42,2069.30,2188.65,2142.94" sx="M,M,M,M"/><TAIKYOKU oya="0"/><INIT seed="0,0,0,4,5,80" ten="250,250,250,250" oya="0" hai0="21,49,135,121,18,117,46,129,111,19,43,83,64" hai1="38,57,54,95,93,104,15,128,99,33,8,115,50" hai2="113,74,24,45,100,126,71,88,118,39,13,5,70" hai3="42,107,73,48,123,4,97,36,12,82,40,72,31"/><T1/><D121/><U134/><E38/><V52/><F113/><W47/><G123/><T2/><D117/><U124/><E115/><V86/><F74/><W91/><G31/><T20/><D135/><U130/><E33/><V69/><F118/><W32/><G32/><T85/><D64/><U116/><E134/><V11/><F126/><W105/><G42/><T56/><D56/><U6/><E124/><V63/><F100/><W16/><G4/><T55/><D129/><N who="1" m="49771" /><E116/><V59/><F24/><W29/><G29/><T75/><D75/><U103/><AGARI ba="0,0" hai="6,8,15,50,54,57,93,95,99,103,104" m="49771" machi="103" ten="30,1100,0" yaku="19,1" doraHai="80" who="1" fromWho="1" sc="250,-5,250,11,250,-3,250,-3" /><INIT seed="1,0,0,1,0,56" ten="245,261,247,247" oya="1" hai0="12,5,18,109,115,22,54,3,86,120,78,122,98" hai1="2,99,44,29,48,125,127,91,10,13,119,83,11" hai2="7,30,121,28,130,112,33,45,35,107,25,71,133" hai3="104,95,20,39,97,38,85,70,100,64,128,76,101"/><U36/><E36/><V74/><F45/><W77/><G128/><T88/><D115/><U67/><E29/><V24/><F74/><W9/><G101/><T66/><D109/><U72/><E119/><V69/><F130/><W94/><G9/><T80/><D66/><U65/><E2/><V16/><F121/><W53/><G53/><T126/><D126/><N who="1" m="48139" /><E10/><V42/><F42/><W82/><G77/><T47/><D5/><N who="1" m="3311" /><E99/><V63/><F133/><W129/><G129/><T15/><D3/><U55/><E91/><V17/><F7/><W68/><G20/><T57/><D47/><U124/><N who="1" m="48147" /><U31/><DORA hai="43" /><E31/><V73/><F73/><W113/><G64/><T81/><D15/><U114/><E114/><V62/><F112/><W105/><G97/><T6/><D6/><U92/><E92/><V131/><F131/><W34/><G94/><T103/><D103/><U51/><E51/><V108/><F107/><W96/><G104/><T40/><D98/><U102/><E102/><V26/><F26/><W37/><G113/><T110/><D122/><U116/><E116/><V134/><F134/><W87/><G34/><T8/><D8/><U60/><E60/><V0/><F0/><W61/><G61/><N who="0" m="36023" /><D120/><U84/><E84/><V75/><F75/><W111/><G87/><T90/><D90/><U59/><E59/><V50/><F50/><W106/><G106/><T4/><D4/><U52/><E55/><V117/><F117/><W41/><G105/><T118/><D118/><U79/><AGARI ba="0,0" hai="44,48,52,65,67,72,79,83" m="3311,48147" machi="79" ten="40,7800,0" yaku="18,1,52,1,54,1" doraHai="56,43" who="1" fromWho="1" sc="245,-26,261,78,247,-26,247,-26" /><INIT seed="1,1,0,0,5,22" ten="219,339,221,221" oya="1" hai0="9,4,20,119,33,95,48,36,129,78,111,16,1" hai1="87,35,121,51,81,84,29,133,2,12,134,104,74" hai2="0,67,6,44,93,55,56,62,5,18,3,46,37" hai3="76,123,109,41,23,102,17,64,50,27,70,83,92"/><U39/><E104/><V115/><F115/><W114/><G123/><T10/><D119/><U91/><E2/><V106/><F106/><W65/><G70/><T94/><D36/><U131/><E39/><V11/><F37/><W71/><G71/><T19/><D111/><U96/><E96/><V30/><F18/><W26/><G114/><T38/><D38/><U69/><E69/><V99/><F55/><W57/><G109/><T47/><D33/><U132/><E121/><V77/><F77/><W45/><G57/><T61/><D129/><U116/><E131/><V117/><F117/><W40/><G40/><T130/><D130/><U8/><E51/><V21/><F6/><W88/><G102/><T73/><D10/><U49/><E49/><V79/><F79/><W42/><G42/><T75/><D19/><N who="1" m="8583" /><E87/><V31/><F31/><W53/><G41/><T63/><D63/><U112/><E112/><V103/><F0/><W59/><G45/><T122/><D61/><U32/><E116/><V89/><F89/><W135/><G135/><T34/><D34/><N who="1" m="12843" /><E29/><V68/><F68/><W58/><G58/><T7/><D122/><U107/><E107/><V24/><AGARI ba="1,0" hai="3,5,11,21,24,30,44,46,56,62,67,93,99,103" machi="24" ten="30,7900,0" yaku="0,1,25,2,52,1" doraHai="22" who="2" fromWho="2" sc="219,-21,339,-40,221,82,221,-21" /><INIT seed="2,0,0,3,4,44" ten="198,299,303,200" oya="2" hai0="59,135,119,20,33,10,107,61,69,9,5,94,68" hai1="60,111,97,65,26,7,92,14,41,63,58,67,99" hai2="8,51,38,105,82,71,24,50,104,13,110,79,72" hai3="34,11,54,133,45,88,57,73,46,76,118,116,109"/><V48/><F38/><W121/><G34/><T37/><D33/><U100/><E111/><V120/><F120/><W91/><G121/><T81/><D107/><U83/><E26/><V74/><F110/><W113/><G109/><T129/><D37/><U85/><E41/><V3/><F3/><W114/><G76/><T86/><D135/><U40/><E40/><V96/><F71/><W64/><G64/><T106/><D106/><U75/><E75/><V108/><F108/><W12/><G73/><T78/><D10/><U17/><E97/><V22/><F74/><W125/><G133/><T117/><D20/><U18/><E14/><V134/><F134/><W132/><G132/><T4/><D94/><U31/><E31/><V66/><F66/><W124/><G116/><N who="0" m="44619" /><D129/><U87/><E87/><V80/><F80/><W29/><G29/><T16/><D16/><U52/><E7/><N who="0" m="2633" /><D9/><U122/><E122/><V93/><F8/><W127/><G118/><T130/><D130/><U47/><E67/><AGARI ba="0,0" hai="59,61,67,68,69,78,81,86" m="2633,44619" machi="67" ten="30,1000,0" yaku="12,1" doraHai="44" who="0" fromWho="1" sc="198,10,299,-10,303,0,200,0" /><INIT seed="3,0,0,5,3,23" ten="208,289,303,200" oya="3" hai0="40,89,56,94,131,44,87,106,117,59,50,5,101" hai1="47,27,132,88,13,130,45,2,74,53,61,103,58" hai2="75,64,67,3,4,0,11,66,107,17,129,48,14" hai3="93,85,57,115,116,96,123,38,102,97,80,16,1"/><W124/><G115/><T60/><D117/><U70/><E74/><V32/><F107/><W21/><G116/><T90/><D131/><U110/><E130/><V79/><F129/><W69/><G69/><T63/><D5/><U133/><E103/><V81/><F32/><W71/><G71/><T82/><D106/><U55/><E2/><V49/><REACH who="2" step="1"/><F0/><REACH who="2" ten="208,289,293,200" step="2"/><W122/><G1/><T9/><D101/><U7/><E133/><V113/><F113/><W24/><G124/><T84/><D9/><AGARI ba="0,1" hai="3,4,9,11,14,17,48,49,64,66,67,75,79,81" machi="9" ten="40,2600,0" yaku="1,1,53,1" doraHai="23" doraHaiUra="76" who="2" fromWho="0" sc="208,-26,289,0,293,36,200,0" /><INIT seed="4,0,0,4,2,36" ten="182,289,329,200" oya="0" hai0="93,83,19,80,127,119,100,62,21,17,114,101,16" hai1="110,112,47,76,108,77,55,123,130,134,48,113,117" hai2="79,121,131,104,33,109,2,73,53,52,0,124,59" hai3="14,37,75,44,63,125,10,51,128,133,72,24,30"/><T15/><D119/><U102/><E123/><V116/><RYUUKYOKU type="yao9" ba="0,0" sc="182,0,289,0,329,0,200,0" hai2="0,2,33,52,53,59,73,79,104,109,116,121,124,131" /><INIT seed="4,1,0,0,4,102" ten="182,289,329,200" oya="0" hai0="8,9,14,116,41,70,64,13,132,122,77,95,108" hai1="26,17,114,37,16,99,5,127,93,123,31,105,124" hai2="84,34,50,121,134,80,58,103,40,115,106,83,33" hai3="86,3,71,129,20,135,18,96,25,45,15,79,39"/><T72/><D116/><U67/><E123/><V22/><F121/><W107/><G3/><T112/><D122/><U35/><E37/><V113/><F134/><W68/><G135/><T30/><D132/><U44/><E5/><V120/><F120/><W98/><G98/><T23/><D41/><U32/><E44/><V4/><F4/><W110/><G110/><T119/><D119/><U7/><E7/><V128/><F128/><W118/><G129/><T91/><D70/><U42/><E42/><V46/><F22/><W100/><G118/><T19/><D64/><U60/><E35/><V133/><F83/><W10/><G45/><T73/><D77/><U88/><E105/><V11/><F11/><W51/><G51/><T94/><D94/><U74/><E114/><N who="2" m="43531" /><F58/><W87/><G39/><T59/><D108/><U104/><E104/><V53/><F53/><W65/><G79/><T56/><D73/><U0/><E0/><V92/><F92/><W12/><G12/><T66/><D72/><U131/><E74/><V130/><F130/><W90/><G65/><T6/><D66/><U69/><REACH who="1" step="1"/><E131/><REACH who="1" ten="182,279,329,200" step="2"/><V29/><F133/><W85/><REACH who="3" step="1"/><G90/><REACH who="3" ten="182,279,329,190" step="2"/><T27/><REACH who="0" step="1"/><D112/><REACH who="0" ten="172,279,329,190" step="2"/><U75/><E75/><V49/><F40/><W36/><G36/><T21/><D21/><U57/><E57/><V1/><F46/><W55/><G55/><T2/><D2/><U48/><E48/><V38/><F1/><W81/><G81/><T52/><D52/><U24/><E24/><N who="2" m="18599" /><F50/><W117/><G117/><T125/><D125/><AGARI ba="1,3" hai="16,17,26,31,32,60,67,69,88,93,99,124,125,127" machi="125" ten="40,8000,1" yaku="1,1,18,1,54,2,53,0" doraHai="102" doraHaiUra="78" who="1" fromWho="0" sc="172,-83,279,113,329,0,190,0" /><INIT seed="5,0,0,4,0,102" ten="89,392,329,190" oya="1" hai0="58,53,69,82,107,115,35,62,133,11,21,88,86" hai1="14,111,41,129,37,130,5,47,50,61,109,80,46" hai2="134,30,29,49,81,9,118,113,125,103,112,105,123" hai3="124,98,48,78,26,132,64,128,36,74,122,71,101"/><U4/><E61/><V83/><F118/><W19/><G36/><T24/><D133/><U18/><E80/><V108/><F123/><W119/><G122/><T104/><D115/><N who="2" m="44106" /><F108/><N who="1" m="41545" /><E18/><V39/><F39/><W33/><G119/><T116/><D116/><U25/><E25/><V91/><F134/><W110/><G19/><T6/><D35/><U90/><E90/><V27/><F125/><W135/><G124/><T59/><D59/><U60/><E60/><V13/><F49/><W7/><G48/><T95/><D82/><N who="2" m="31242" /><F91/><W77/><G110/><T93/><D93/><U23/><E23/><V31/><F27/><W17/><G26/><T94/><D94/><U97/><E97/><N who="2" m="61679" /><F31/><W114/><G114/><T72/><D72/><U51/><E51/><V43/><F43/><W44/><G74/><T127/><D69/><U126/><E126/><V8/><F8/><W28/><G71/><T68/><D68/><U54/><E14/><V63/><F63/><W32/><G132/><T1/><REACH who="0" step="1"/><D127/><REACH who="0" ten="79,392,329,190" step="2"/><U15/><E15/><V70/><F70/><W20/><G135/><T120/><D120/><U96/><E96/><V40/><F40/><W100/><G98/><T87/><D87/><U34/><E34/><V16/><AGARI ba="0,1" hai="9,13,16,29,30" m="61679,31242,44106" machi="16" ten="30,7900,0" yaku="15,1,11,1,52,1,54,1" doraHai="102" who="2" fromWho="2" sc="79,-20,392,-39,329,89,190,-20" /><INIT seed="6,0,0,3,4,99" ten="59,353,418,170" oya="2" hai0="100,18,39,54,24,115,28,97,107,72,73,15,91" hai1="103,26,126,102,112,58,14,44,41,13,62,113,114" hai2="51,7,3,127,70,76,125,48,83,124,104,25,59" hai3="118,95,30,8,0,89,17,131,36,22,55,133,2"/><V5/><F70/><W65/><G118/><T93/><D39/><N who="1" m="21567" /><E126/><V128/><F128/><W88/><G36/><T57/><D115/><U135/><E135/><V4/><F3/><W71/><G133/><T66/><D66/><N who="1" m="39255" /><E26/><V10/><F10/><W98/><G131/><T27/><D27/><U79/><E79/><V87/><F59/><W101/><G30/><T43/><D43/><U23/><E23/><V61/><F61/><W29/><G29/><T109/><D109/><U86/><E86/><V9/><F9/><W16/><G55/><T38/><D38/><U74/><E74/><V134/><F134/><W32/><G32/><T42/><D42/><U33/><E33/><V50/><F25/><W53/><G53/><T90/><D90/><U45/><E45/><V19/><F19/><W37/><G37/><T123/><D123/><U108/><E108/><V21/><F21/><W12/><G2/><T77/><D77/><U129/><E129/><V67/><F67/><W1/><G1/><T106/><D106/><AGARI ba="0,0" hai="4,5,7,48,50,51,76,83,87,104,106,124,125,127" machi="106" ten="50,9600,0" yaku="29,2,18,1" doraHai="99" who="2" fromWho="0" sc="59,-96,353,0,418,96,170,0" owari="-37,-53.7,353,15.3,514,61.4,170,-23.0" /></mjloggm>