<mjloggm ver="2.3"><GO type="169" lobby="0"/><UN n0="%6B%75%72%69%73%75" n1="%E8%80%81%E6%A5%BD" n2="%41%75%73%74%75%72%38" n3="%E3%81%82%E3%81%BE%E3%81%82%E3%82%93" dan="16,17,16,16" rate="2142.27,2225.43,2094.87,2108.48" sx="F,M,M,M"/><TAIKYOKU oya="0"/><INIT seed="0,0,0,4,5,19" ten="250,250,250,250" oya="0" hai0="22,68,104,66,59,32,61,81,20,110,100,82,106" hai1="8,67,96,64,31,85,14,55,48,16,52,65,134" hai2="92,34,1,40,123,10,49,57,39,101,129,69,63" hai3="70,75,58,80,12,87,95,53,44,2,112,130,26"/><T131/><D32/><U76/><E134/><V114/><F123/><W50/><G2/><T97/><D104/><U107/><E31/><V72/><F72/><W0/><G70/><T116/><D116/><U33/><E33/><V56/><F34/><W126/><G0/><T24/><D131/><U13/><E107/><V108/><F114/><W118/><G112/><T86/><D110/><U51/><E96/><V90/><F101/><W94/><G75/><T128/><D128/><U42/><E42/><V109/><F129/><W28/><G126/><T21/><D68/><U11/><E85/><V23/><F69/><W62/><G118/><T25/><REACH who="0" step="1"/><D82/><REACH who="0" ten="240,250,250,250" step="2"/><U5/><E76/><AGARI ba="0,1" hai="20,21,22,24,25,59,61,66,76,81,86,97,100,106" machi="76" ten="40,12000,1" yaku="1,1,2,1,52,3,53,0" doraHai="19" doraHaiUra="117" who="0" fromWho="1" sc="240,130,250,-120,250,0,250,0" /><INIT seed="0,1,0,3,3,135" ten="370,130,250,250" oya="0" hai0="101,43,1,90,0,67,113,24,115,65,81,89,55" hai1="130,5,28,29,100,76,75,95,63,39,104,61,114" hai2="41,132,102,78,22,56,20,124,62,42,51,32,108" hai3="35,71,107,84,8,30,68,116,74,98,103,125,60"/><T44/><D101/><U6/><E39/><V13/><F32/><W40/><G116/><T87/><D55/><U58/><E95/><V11/><F132/><W3/><G84/><T91/><D24/><U45/><E58/><V12/><F108/><W25/><G40/><T52/><D52/><U85/><E85/><V117/><F117/><W105/><G105/><T50/><D67/><U111/><E45/><V48/><F78/><W127/><G74/><T7/><D65/><U119/><E104/><V131/><F56/><W126/><G60/><T112/><REACH who="0" step="1"/><D7/><AGARI ba="1,0" hai="3,7,8,25,30,35,68,71,98,103,107,125,126,127" machi="7" ten="40,12000,2" yaku="18,1,23,2,52,3" doraHai="135" who="3" fromWho="0" sc="370,-123,130,0,250,0,250,123" /><INIT seed="1,0,0,5,3,95" ten="247,130,250,373" oya="1" hai0="73,43,122,51,32,10,77,49,50,88,79,37,64" hai1="96,30,75,66,62,108,9,107,56,71,0,114,38" hai2="60,40,7,25,87,120,31,67,119,74,24,116,105" hai3="90,101,45,14,35,11,2,124,36,63,46,112,4"/><U18/><E114/><V69/><F74/><W100/><G112/><T117/><D117/><U80/><E38/><V15/><F120/><W127/><G35/><T99/><D32/><U130/><E30/><V104/><F25/><W65/><G90/><T44/><D122/><U48/><E130/><V33/><F87/><W21/><G21/><T58/><D73/><U115/><E115/><V17/><F7/><W133/><G14/><T132/><D132/><U22/><E108/><V70/><F70/><N who="3" m="42303" /><G133/><T78/><D10/><U29/><E29/><V26/><F26/><W5/><G5/><T3/><D3/><U92/><E107/><V1/><F1/><W129/><G129/><T61/><D37/><U72/><E9/><V47/><F17/><W94/><G94/><AGARI ba="0,0" hai="43,44,49,50,51,58,61,64,77,78,79,88,94,99" machi="94" ten="40,5200,0" yaku="8,1,52,1,54,1" doraHai="95" who="0" fromWho="3" sc="247,52,130,0,250,0,373,-52" /><INIT seed="2,0,0,5,5,63" ten="299,130,250,321" oya="2" hai0="49,82,128,35,72,112,75,123,86,129,3,51,115" hai1="37,78,105,110,23,74,54,94,121,109,95,107,14" hai2="42,25,111,122,39,5,59,133,69,28,21,31,15" hai3="46,114,41,36,18,4,45,53,119,124,73,117,60"/><V71/><F122/><W104/><G104/><N who="1" m="40010" /><E23/><V12/><F133/><W32/><G32/><T127/><D35/><U88/><E14/><V103/><F103/><W134/><G73/><N who="0" m="28235" /><D3/><U24/><E54/><V87/><F31/><W0/><G0/><T43/><D43/><U34/><E37/><V118/><F118/><W90/><G4/><T56/><D56/><U108/><E24/><V91/><F59/><W48/><G90/><N who="0" m="51543" /><D49/><U99/><E34/><V30/><F111/><W84/><G18/><T120/><D51/><U130/><E121/><N who="0" m="46665" /><D127/><U65/><E65/><V10/><F28/><W58/><G124/><T13/><D13/><U17/><E17/><V83/><REACH who="2" step="1"/><F15/><REACH who="2" ten="299,130,240,321" step="2"/><W38/><G58/><T100/><D100/><U8/><E110/><V33/><F33/><W132/><G132/><T57/><D57/><U62/><E109/><V1/><F1/><W27/><G134/><T80/><D80/><U116/><E108/><V26/><F26/><W29/><G27/><T70/><D70/><U66/><E116/><V102/><F102/><W11/><G29/><T106/><D106/><U16/><E62/><V85/><F85/><W47/><G84/><T89/><D89/><U2/><E88/><V96/><F96/><W135/><G135/><T97/><D97/><U113/><E99/><V6/><F6/><W79/><G60/><T61/><D61/><U40/><E2/><V126/><F126/><W76/><G119/><T68/><D68/><U101/><E101/><V20/><F20/><W93/><G117/><T131/><AGARI ba="0,1" hai="112,115,128,129,131" m="46665,51543,28235" machi="131" ten="40,5200,0" yaku="19,1,34,2" doraHai="63" who="0" fromWho="0" sc="299,62,130,-13,240,-26,321,-13" /><INIT seed="3,0,0,1,5,23" ten="361,117,214,308" oya="3" hai0="58,108,115,59,8,124,0,91,100,45,72,34,128" hai1="6,54,52,33,109,25,68,114,40,41,83,103,67" hai2="3,46,89,43,44,127,55,61,48,79,90,53,107" hai3="20,31,86,84,65,42,66,18,73,4,117,51,64"/><W22/><G117/><T97/><D72/><U87/><E114/><V70/><F107/><W74/><G4/><T32/><D108/><U62/><E109/><V69/><F79/><W13/><G73/><T77/><D77/><U95/><E6/><V63/><F90/><W132/><G74/><T78/><D78/><U36/><E83/><V7/><F3/><W50/><G132/><T12/><D0/><U131/><E131/><V5/><F89/><W123/><G123/><T113/><D128/><U122/><E122/><V92/><F92/><W47/><REACH who="3" step="1"/><G50/><REACH who="3" ten="361,117,214,298" step="2"/><T71/><D113/><U135/><E135/><V26/><F7/><W126/><G126/><T24/><D124/><U1/><E36/><V11/><F127/><W130/><G130/><T17/><D115/><U125/><E125/><V118/><F118/><W105/><G105/><T16/><D97/><U21/><E1/><V39/><F5/><W15/><G15/><T57/><D12/><U133/><E133/><V30/><F39/><W110/><G110/><T93/><D93/><U60/><E95/><V88/><F48/><W29/><G29/><T35/><D100/><U9/><E103/><V129/><F30/><W120/><G120/><T28/><D28/><U49/><E49/><V19/><F129/><W85/><G85/><T111/><D111/><U116/><E87/><V27/><F19/><W82/><G82/><T121/><D17/><U56/><E116/><V112/><F112/><W37/><G37/><T99/><D121/><U14/><E14/><V96/><F96/><W98/><G98/><T81/><D99/><RYUUKYOKU ba="0,1" sc="361,-10,117,-10,214,-10,298,30" hai3="13,18,20,22,31,42,47,51,64,65,66,84,86" /><INIT seed="3,1,1,0,5,129" ten="351,107,204,328" oya="3" hai0="30,103,42,52,1,24,72,123,76,95,19,3,39" hai1="117,67,125,77,94,106,107,7,88,9,27,79,14" hai2="133,73,53,112,85,111,18,66,4,65,126,87,70" hai3="84,62,98,105,122,120,50,58,90,96,45,124,59"/><W93/><G124/><T44/><D123/><U38/><E38/><V55/><F73/><W92/><G105/><T121/><D121/><U5/><E125/><V51/><F112/><W128/><G128/><T6/><D19/><U21/><E117/><V80/><F4/><W23/><G23/><T31/><D31/><U108/><E108/><V101/><F101/><W127/><G127/><T47/><D103/><U86/><E5/><V109/><F18/><W61/><G122/><T40/><D95/><U135/><E67/><V48/><F126/><W11/><G11/><T97/><D97/><U100/><E135/><V57/><F57/><W115/><G115/><T56/><D76/><U25/><E25/><V10/><F10/><W26/><G26/><T68/><D68/><U104/><REACH who="1" step="1"/><E100/><REACH who="1" ten="351,97,204,328" step="2"/><V22/><F133/><W83/><G120/><T13/><D6/><U34/><E34/><V28/><F111/><W119/><G119/><T91/><D24/><U89/><E89/><V69/><F109/><W81/><G90/><T36/><D91/><U12/><E12/><V60/><F66/><W32/><G32/><T37/><D13/><U71/><E71/><V29/><F65/><W82/><G62/><T131/><D131/><U46/><E46/><V43/><F60/><W33/><G33/><T114/><D37/><U75/><E75/><V8/><F70/><W118/><G118/><T15/><D72/><U132/><E132/><V20/><F69/><W64/><G45/><T110/><D110/><U54/><E54/><V2/><F55/><N who="3" m="32119" /><G84/><T17/><D44/><U116/><E116/><RYUUKYOKU ba="1,2" sc="351,-15,97,15,204,-15,328,15" hai1="7,9,14,21,27,77,79,86,88,94,104,106,107" hai3="59,61,64,81,82,83,92,93,96,98" /><INIT seed="3,2,2,3,5,130" ten="336,112,189,343" oya="3" hai0="1,98,93,18,32,135,2,70,3,117,20,23,90" hai1="91,131,26,0,87,124,49,29,103,96,118,79,37" hai2="102,83,125,31,55,101,94,100,60,67,133,105,86" hai3="42,21,92,114,40,57,51,110,76,64,116,121,11"/><W45/><G114/><T48/><D117/><U10/><E37/><V84/><F55/><W99/><G116/><T19/><D32/><U104/><E118/><V61/><F31/><W16/><G121/><T65/><D135/><U27/><E79/><V129/><F129/><W12/><G110/><T134/><D134/><U62/><E124/><V107/><F67/><W71/><G71/><T5/><D5/><U41/><E62/><V44/><F44/><W126/><G126/><T28/><D28/><U25/><E131/><V8/><F8/><W68/><G68/><T56/><D70/><U6/><E49/><V127/><F133/><W108/><G108/><T4/><D4/><U47/><E47/><V112/><F112/><W15/><G76/><T75/><D75/><U54/><E54/><V80/><F101/><W111/><G111/><T115/><D115/><U39/><E41/><V13/><F94/><W72/><G72/><T132/><D132/><U77/><E39/><V82/><F80/><W24/><G42/><T50/><D65/><U63/><E63/><V33/><REACH who="2" step="1"/><F13/><REACH who="2" ten="336,112,179,343" step="2"/><W30/><G15/><T17/><REACH who="0" step="1"/><D56/><REACH who="0" ten="326,112,179,343" step="2"/><U46/><E46/><V34/><AGARI ba="2,4" hai="33,34,60,61,82,83,84,86,100,102,105,107,125,127" machi="34" ten="25,8000,1" yaku="1,1,2,1,0,1,22,2,53,0" doraHai="130" doraHaiUra="14" who="2" fromWho="2" sc="326,-22,112,-22,179,126,343,-42" /><INIT seed="4,0,0,3,2,58" ten="304,90,305,301" oya="0" hai0="18,99,117,11,62,17,82,63,42,78,70,16,20" hai1="107,13,92,90,34,15,41,59,133,101,122,73,36" hai2="110,10,124,46,8,40,123,118,3,96,23,97,38" hai3="55,54,26,6,71,72,103,113,45,9,7,75,14"/><T98/><D117/><U111/><E34/><V39/><F110/><W48/><G71/><T69/><D42/><U86/><E111/><V89/><F123/><W131/><G113/><T21/><D11/><U32/><E32/><V57/><F10/><W53/><G131/><T134/><D134/><U105/><E122/><V112/><F112/><W68/><G68/><T108/><D108/><U43/><E133/><V30/><F124/><W93/><G7/><T27/><D69/><U87/><E73/><V33/><F33/><W22/><G72/><T35/><D35/><U121/><E121/><V2/><F39/><W76/><G76/><T125/><D70/><U88/><E59/><V126/><F57/><W127/><G75/><T1/><D1/><U66/><E66/><V4/><F3/><W114/><G127/><T67/><D67/><U81/><E101/><V74/><F118/><W50/><G50/><T94/><D125/><U25/><E25/><V29/><F126/><W56/><G45/><T91/><D98/><U132/><E132/><V115/><F115/><W19/><G114/><T102/><D102/><U80/><REACH who="1" step="1"/><E92/><REACH who="1" ten="304,80,305,301" step="2"/><V79/><F74/><W65/><G65/><T83/><D83/><U120/><E120/><V31/><F46/><W119/><G119/><T109/><D109/><U61/><E61/><N who="0" m="23049" /><D27/><U129/><E129/><V24/><F24/><W95/><G103/><T77/><D82/><U49/><E49/><V130/><F130/><W12/><G26/><T106/><D106/><U64/><E64/><V52/><F31/><W37/><G37/><AGARI ba="0,1" hai="13,15,36,37,41,43,80,81,86,87,88,90,105,107" machi="37" ten="25,6400,0" yaku="1,1,22,2,54,1,53,0" doraHai="58" doraHaiUra="128" who="1" fromWho="3" sc="304,0,80,74,305,0,301,-64" /><INIT seed="5,0,0,0,0,87" ten="304,154,305,237" oya="1" hai0="134,101,42,80,103,15,68,106,23,53,131,27,56" hai1="91,81,74,135,84,59,9,32,95,110,107,125,89" hai2="10,33,120,111,132,20,66,43,96,128,105,22,60" hai3="41,28,6,17,115,124,133,72,113,97,51,78,64"/><U31/><E107/><V77/><F33/><W118/><G124/><T12/><D68/><U24/><E125/><V63/><F77/><W98/><G133/><T116/><D116/><U47/><E135/><V71/><F43/><W25/><G118/><T16/><D134/><U86/><E110/><V34/><F34/><N who="3" m="20751" /><G6/><T104/><D131/><U114/><E114/><N who="3" m="43530" /><G64/><T21/><D42/><U8/><E74/><V75/><F66/><W76/><G17/><N who="0" m="10407" /><D106/><U30/><E30/><V62/><F105/><W18/><G18/><N who="0" m="12791" /><D80/><U117/><E117/><V49/><F111/><W1/><G1/><T123/><D123/><U129/><E129/><V35/><F128/><W29/><G29/><T61/><D104/><U37/><REACH who="1" step="1"/><E59/><REACH who="1" ten="304,144,305,237" step="2"/><V4/><F132/><W48/><G72/><T85/><D85/><U54/><E54/><V67/><F75/><W109/><G109/><T93/><D53/><U83/><E83/><V7/><F120/><W126/><G126/><T100/><D56/><U0/><E0/><V130/><F130/><W46/><G98/><T19/><D93/><U38/><E38/><V119/><F96/><W36/><G97/><T69/><D69/><U40/><AGARI ba="0,1" hai="8,9,24,31,32,37,40,47,81,84,86,89,91,95" machi="40" ten="30,11700,0" yaku="1,1,0,1,52,2,53,0" doraHai="87" doraHaiUra="99" who="1" fromWho="1" sc="304,-39,144,127,305,-39,237,-39" /><INIT seed="5,1,0,4,5,90" ten="265,271,266,198" oya="1" hai0="115,57,42,22,54,99,49,38,50,28,81,20,134" hai1="0,122,106,32,69,73,97,63,119,60,127,130,88" hai2="132,77,129,52,2,133,44,111,92,13,126,93,25" hai3="75,15,7,26,124,27,68,39,94,47,45,37,33"/><U95/><E119/><V30/><F111/><W18/><G68/><T118/><D118/><U16/><E122/><V71/><F2/><W78/><G124/><T107/><D38/><U19/><E73/><V101/><F126/><W48/><G7/><T123/><D115/><U65/><E127/><V110/><F110/><W105/><G105/><T104/><D134/><N who="2" m="51818" /><F71/><W64/><G64/><T66/><D123/><U17/><E0/><V117/><F117/><W82/><G45/><T8/><D66/><U100/><E60/><V85/><F129/><W5/><G5/><T35/><D35/><U14/><E32/><N who="2" m="20559" /><F13/><W80/><G80/><T113/><D81/><U83/><E83/><N who="2" m="47343" /><F101/><W116/><G116/><T43/><D113/><U23/><E130/><V79/><F79/><W91/><G27/><T3/><D3/><U89/><E89/><V29/><F29/><W46/><G26/><T135/><D28/><U74/><E74/><V114/><F114/><W55/><G33/><T109/><D109/><U103/><E103/><V4/><F4/><W1/><G1/><T58/><D135/><U12/><E12/><V36/><F36/><W128/><G128/><T34/><D34/><U53/><E53/><V24/><F24/><W62/><G62/><T86/><D54/><U61/><E61/><V72/><F72/><W108/><G108/><T87/><D8/><U112/><E112/><V84/><F84/><AGARI ba="1,0" hai="14,16,17,19,23,63,65,69,84,88,95,97,100,106" machi="84" ten="30,11600,0" yaku="7,1,52,1,54,2" doraHai="90" who="1" fromWho="2" sc="265,0,271,119,266,-119,198,0" /><INIT seed="5,2,0,2,3,27" ten="265,390,147,198" oya="1" hai0="45,74,90,70,110,88,81,89,55,121,58,79,75" hai1="115,72,7,113,53,9,134,86,111,129,61,83,22" hai2="63,25,131,116,102,100,130,76,50,18,38,17,67" hai3="37,19,24,112,95,122,123,127,44,39,57,29,97"/><U59/><E72/><V125/><F116/><W4/><G112/><T119/><D70/><U64/><E129/><V99/><F38/><W108/><G108/><T60/><D110/><U68/><E22/><V1/><F1/><W106/><G127/><T21/><D119/><U35/><E35/><V33/><F125/><W48/><G106/><T3/><D3/><U78/><E134/><V46/><F76/><W23/><G4/><T12/><D121/><U16/><E111/><V133/><F133/><W30/><G39/><T56/><D45/><U91/><E78/><V71/><F17/><W6/><G6/><T96/><D96/><U51/><E7/><V92/><F102/><W5/><G5/><T117/><D117/><U128/><E128/><V13/><F13/><W98/><G98/><T118/><D118/><U54/><E54/><V8/><F8/><W126/><G126/><T132/><D132/><U41/><E41/><V85/><F85/><W62/><G37/><T73/><REACH who="0" step="1"/><D58/><REACH who="0" ten="255,390,147,198" step="2"/><U120/><E68/><V28/><REACH who="2" step="1"/><F18/><AGARI ba="2,1" hai="12,18,21,55,56,60,73,74,75,79,81,88,89,90" machi="18" ten="40,8000,1" yaku="1,1,2,1,54,1,53,1" doraHai="27" doraHaiUra="14" who="0" fromWho="2" sc="255,96,390,0,147,-86,198,0" /><INIT seed="6,0,0,0,5,86" ten="351,390,61,198" oya="2" hai0="98,123,63,65,102,39,91,17,41,131,127,38,66" hai1="52,97,18,96,50,133,109,13,26,69,116,121,85" hai2="42,101,28,45,100,119,99,71,68,58,51,40,57" hai3="117,3,60,83,24,37,22,29,135,115,2,12,84"/><V77/><F119/><W11/><G117/><T104/><D123/><U44/><E69/><V89/><F77/><W79/><G37/><T23/><D131/><U43/><E109/><V8/><F28/><W106/><G106/><T90/><D127/><U75/><E75/><V126/><F126/><W31/><G135/><T35/><D35/><U130/><E130/><V73/><F73/><W81/><G115/><T46/><D39/><U15/><E15/><V14/><F40/><W80/><G31/><T114/><D114/><U78/><E26/><V111/><F111/><W10/><G60/><T56/><REACH who="0" step="1"/><D65/><REACH who="0" ten="341,390,61,198" step="2"/><U87/><E121/><V128/><F128/><W94/><G3/><T110/><D110/><U112/><E112/><V5/><F71/><W25/><G2/><T74/><D74/><U34/><E34/><V33/><F68/><W7/><G11/><T82/><D82/><N who="1" m="47319" /><E116/><V108/><F33/><W9/><G9/><T93/><D93/><U49/><E133/><V54/><F108/><W19/><G94/><T122/><D122/><U72/><E72/><V0/><F0/><W32/><AGARI ba="0,1" hai="7,10,12,19,22,24,25,29,32,79,80,81,83,84" machi="32" ten="20,1500,0" yaku="0,1,7,1" doraHai="86" who="3" fromWho="3" sc="341,-4,390,-4,61,-7,198,25" /><INIT seed="7,0,0,5,5,59" ten="337,386,54,223" oya="3" hai0="78,17,20,107,63,88,33,112,122,56,96,80,129" hai1="79,1,5,114,103,131,44,102,41,105,26,45,52" hai2="87,10,9,84,21,37,50,40,82,11,51,43,35" hai3="32,38,86,100,24,47,95,0,60,28,113,119,97"/><W25/><G119/><T89/><D33/><U67/><E67/><V66/><F35/><W91/><G0/><T72/><D122/><U128/><E114/><V55/><F66/><W135/><G113/><T83/><D112/><U7/><E79/><V48/><F21/><W126/><G135/><T53/><D129/><N who="1" m="49739" /><E26/><V3/><F3/><W39/><G126/><T93/><D107/><U68/><E68/><V73/><F55/><W49/><G25/><T76/><D89/><U71/><E71/><V134/><F134/><W19/><G19/><T62/><D53/><U30/><E30/><V70/><F70/><W116/><G116/><T69/><D56/><U109/><E109/><V125/><F125/><W18/><G18/><T75/><D69/><U61/><E105/><V22/><F22/><W65/><G49/><T123/><D123/><U4/><E1/><V111/><F111/><W117/><G117/><T133/><D133/><U132/><E132/><V29/><F29/><W115/><G115/><T120/><D120/><U42/><E52/><V46/><F37/><W74/><G74/><T8/><D8/><U121/><E121/><V27/><F27/><AGARI ba="0,0" hai="17,20,27,62,63,72,75,76,78,80,83,88,93,96" machi="27" ten="30,8000,1" yaku="7,1,9,1,52,2,54,1" doraHai="59" who="0" fromWho="2" sc="337,80,386,0,54,-80,223,0" owari="417,51.7,386,18.6,-26,-52.6,223,-17.7" /></mjloggm>