<mjloggm ver="2.3"><GO type="169" lobby="0"/><UN n0="%E3%81%82%E3%81%BE%E3%81%82%E3%82%93" n1="%E3%83%94%E3%83%B3%E3%82%B5%E3%83%AD%E5%BA%97%E5%93%A1" n2="%62%69%70%73%64" n3="%4B%61%74%65%31%39%39%39" dan="17,17,18,16" rate="2110.78,2237.23,2255.97,2117.93" sx="M,M,M,M"/><TAIKYOKU oya="0"/><INIT seed="0,0,0,2,3,56" ten="250,250,250,250" oya="0" hai0="13,107,54,84,46,112,128,79,121,5,92,123,45" hai1="61,117,77,76,40,134,109,64,132,2,97,73,55" hai2="94,93,32,3,99,70,100,59,95,36,104,0,26" hai3="106,1,68,127,20,119,115,16,135,63,8,72,122"/><T60/><D112/><U14/><E117/><V88/><F36/><W4/><RYUUKYOKU type="yao9" ba="0,0" sc="250,0,250,0,250,0,250,0" hai3="1,4,8,16,20,63,68,72,106,115,119,122,127,135" /><INIT seed="0,1,0,3,4,58" ten="250,250,250,250" oya="0" hai0="38,124,67,32,49,79,31,135,9,50,40,26,118" hai1="16,93,45,47,115,128,20,105,74,114,83,84,99" hai2="18,21,30,41,119,33,59,94,89,109,29,17,70" hai3="82,78,46,64,75,34,76,120,72,100,51,116,54"/><T88/><D118/><U108/><E105/><V63/><F109/><W55/><G116/><T65/><D124/><U43/><E74/><V129/><F119/><W13/><G34/><T77/><D135/><U97/><E128/><V69/><F129/><W126/><G126/><T125/><D125/><U92/><E108/><V11/><F33/><W48/><G120/><T57/><D38/><U39/><E47/><V117/><F117/><W14/><G100/><T91/><D9/><U73/><E73/><V85/><F41/><W42/><G64/><T110/><D110/><U131/><E131/><V19/><F11/><W27/><G27/><T113/><D113/><N who="1" m="43019" /><E93/><V112/><F112/><W130/><G130/><T36/><D36/><U123/><E92/><V86/><F85/><W8/><G8/><T24/><D32/><U15/><E123/><V44/><F44/><W133/><G42/><T3/><D40/><U62/><E62/><V106/><F106/><W0/><G0/><T104/><D3/><U134/><E134/><V132/><F132/><W102/><G102/><T10/><D10/><U28/><E28/><N who="2" m="10859" /><F70/><W90/><G133/><T1/><D1/><U35/><E35/><V103/><F69/><W12/><G90/><AGARI ba="1,0" hai="15,16,20,39,43,45,83,84,90,97,99" m="43019" machi="90" ten="30,2000,0" yaku="11,1,54,1" doraHai="58" who="1" fromWho="3" sc="250,0,250,23,250,0,250,-23" /><INIT seed="1,0,0,5,3,134" ten="250,273,250,227" oya="1" hai0="82,132,123,8,55,15,85,33,121,4,131,127,16" hai1="52,125,107,63,126,102,49,91,57,130,60,53,70" hai2="101,111,61,67,89,38,83,25,71,30,79,7,62" hai3="124,112,12,32,0,36,45,27,43,80,78,48,42"/><U47/><E91/><V108/><F38/><W66/><G112/><T20/><D33/><U76/><E76/><V46/><F7/><W39/><G0/><T104/><D104/><U88/><E88/><V37/><F89/><W99/><G99/><T44/><D132/><U96/><REACH who="1" step="1"/><E130/><REACH who="1" ten="250,263,250,227" step="2"/><V9/><F79/><W69/><G78/><T21/><D131/><U106/><E106/><V114/><F83/><W10/><G80/><T28/><D82/><U73/><E73/><V117/><F114/><W14/><G39/><T50/><D85/><U1/><E1/><V65/><F37/><W59/><G36/><T18/><D121/><U84/><E84/><V35/><F101/><W34/><G14/><T133/><D123/><U119/><E119/><V54/><F117/><W17/><G12/><T113/><D133/><U13/><E13/><V22/><F111/><W109/><G109/><T64/><D113/><U74/><E74/><V120/><F108/><W115/><G115/><T95/><D95/><U86/><E86/><V100/><F100/><W103/><G103/><T40/><D15/><U6/><E6/><V29/><F120/><W26/><G26/><T72/><D4/><U94/><E94/><V56/><F25/><W19/><G27/><T110/><D72/><U122/><E122/><V51/><F9/><W90/><G10/><T68/><D8/><U3/><E3/><V23/><F35/><W31/><G90/><T116/><D116/><U11/><E11/><V58/><REACH who="2" step="1"/><F71/><REACH who="2" ten="250,263,240,227" step="2"/><W41/><G69/><T87/><D68/><U129/><E129/><V81/><F81/><RYUUKYOKU ba="0,2" sc="250,-15,263,15,240,15,227,-15" hai1="47,49,52,53,57,60,63,70,96,102,107,125,126" hai2="22,23,29,30,46,51,54,56,58,61,62,65,67" /><INIT seed="1,1,2,4,3,88" ten="235,278,255,212" oya="1" hai0="35,50,127,107,51,15,102,106,77,129,72,45,66" hai1="93,49,12,23,97,47,7,119,27,113,44,79,123" hai2="16,130,85,91,8,38,135,105,39,94,43,46,64" hai3="132,120,0,125,92,33,100,60,133,81,73,104,31"/><U29/><E113/><V63/><F130/><W54/><G120/><T19/><D35/><U24/><E119/><V115/><F105/><W59/><G0/><T42/><D129/><U80/><E123/><V1/><F135/><W99/><G125/><T111/><D127/><U41/><E27/><V68/><F115/><W30/><G104/><T122/><D122/><U71/><E71/><V9/><F1/><W128/><G128/><T57/><D111/><U82/><E44/><V10/><REACH who="2" step="1"/><F39/><REACH who="2" ten="235,278,245,212" step="2"/><W98/><G133/><T109/><D107/><U52/><E41/><V78/><F78/><W110/><G132/><T14/><D77/><U89/><E79/><V40/><F40/><W25/><G110/><T118/><D106/><U87/><E87/><V76/><F76/><W28/><G73/><T95/><D109/><U2/><E2/><V74/><F74/><W11/><G99/><T96/><D72/><U112/><E112/><V121/><F121/><W131/><G131/><T36/><D118/><U114/><E114/><V3/><F3/><W55/><G81/><T18/><D36/><U20/><E7/><V83/><F83/><W126/><G126/><T108/><D108/><U5/><E5/><V58/><F58/><W37/><G37/><T61/><REACH who="0" step="1"/><D51/><REACH who="0" ten="225,278,245,212" step="2"/><U32/><E32/><V17/><AGARI ba="1,4" hai="8,9,10,16,17,38,43,46,63,64,68,85,91,94" machi="17" ten="30,12000,2" yaku="1,1,0,1,52,1,54,1,53,3" doraHai="88" doraHaiUra="4" who="2" fromWho="2" sc="225,-31,278,-61,245,163,212,-31" /><INIT seed="2,0,0,4,5,131" ten="194,217,408,181" oya="2" hai0="49,73,103,14,22,99,72,15,115,58,32,111,4" hai1="59,126,121,92,102,10,55,23,114,94,67,1,112" hai2="8,31,34,83,38,71,52,51,42,69,124,65,56" hai3="128,5,78,7,108,96,25,89,24,76,105,86,39"/><V46/><F34/><W0/><G128/><T122/><D122/><U84/><E121/><V57/><F31/><W117/><G117/><T41/><D115/><U88/><E67/><V95/><F95/><W90/><G39/><T79/><D32/><U9/><E126/><V45/><F83/><W16/><G108/><T60/><D111/><U133/><E133/><V37/><F8/><W80/><G0/><T18/><D79/><N who="3" m="30249" /><G105/><T50/><D73/><U28/><E114/><V97/><F97/><W68/><G68/><N who="2" m="26185" /><F124/><W70/><G70/><T129/><D72/><U109/><E112/><V77/><F77/><W130/><G130/><T12/><D41/><U118/><E118/><V113/><F113/><W134/><G134/><T123/><D123/><U107/><E107/><V36/><F65/><W74/><G74/><T101/><D129/><U106/><E106/><V127/><F127/><W116/><G116/><T85/><D85/><U53/><E109/><V132/><F132/><W26/><G16/><T27/><D4/><U125/><E125/><V110/><F110/><W29/><G29/><T66/><D99/><N who="1" m="59751" /><E1/><V35/><F35/><W93/><AGARI ba="0,0" hai="5,7,24,25,26,80,86,89,90,93,96" m="30249" machi="93" ten="30,1100,0" yaku="8,1" doraHai="131" who="3" fromWho="3" sc="194,-3,217,-3,408,-5,181,11" /><INIT seed="3,0,0,5,1,7" ten="191,214,403,192" oya="3" hai0="42,88,101,99,98,29,53,37,15,131,118,65,58" hai1="26,82,67,123,54,0,135,113,121,125,32,83,22" hai2="50,79,94,17,71,108,38,106,2,47,4,85,103" hai3="117,45,133,18,27,68,31,124,3,43,12,14,112"/><W10/><G112/><T89/><D118/><U39/><E113/><V115/><F71/><W93/><G117/><T134/><D131/><U48/><E39/><V25/><F108/><W128/><G3/><T120/><D120/><U35/><E0/><V46/><F106/><W96/><G128/><T91/><D134/><U102/><E67/><V119/><F38/><W21/><G133/><T11/><D65/><U5/><E5/><V34/><F46/><W51/><G124/><T41/><D29/><U97/><E125/><V49/><F49/><W129/><G129/><T95/><D98/><U9/><E135/><V81/><F34/><W23/><G68/><T114/><D37/><U36/><E36/><V110/><F4/><W16/><G93/><T76/><D76/><U57/><E35/><V126/><F110/><W73/><G73/><T87/><D87/><U13/><E32/><V86/><F2/><W127/><G127/><T44/><D44/><U77/><E83/><V19/><F115/><W33/><G96/><T20/><D20/><AGARI ba="0,0" hai="10,12,14,16,18,20,21,23,27,31,33,43,45,51" machi="20" ten="30,5800,0" yaku="7,1,52,1,54,1" doraHai="7" who="3" fromWho="0" sc="191,-58,214,0,403,0,192,58" /><INIT seed="3,1,0,0,5,127" ten="133,214,403,250" oya="3" hai0="132,0,16,75,121,25,70,94,43,39,15,30,115" hai1="82,6,27,28,17,57,2,83,135,98,79,95,60" hai2="18,125,89,49,100,112,65,5,73,63,118,74,69" hai3="22,54,23,80,87,35,4,36,67,110,128,99,134"/><W8/><G35/><T71/><D121/><U40/><E135/><V41/><F112/><W44/><G134/><T126/><D75/><U9/><E40/><V64/><F118/><W113/><G113/><T24/><D0/><U19/><E83/><V1/><F100/><W20/><G110/><T3/><D3/><U116/><E116/><V47/><F125/><W45/><G67/><T107/><D107/><U93/><E93/><V122/><F65/><W52/><G99/><T11/><D126/><U12/><E2/><V78/><F78/><W72/><G72/><T14/><D132/><U42/><E42/><V46/><F46/><W130/><G36/><T13/><D115/><U123/><E123/><V92/><F122/><W120/><G45/><T81/><D81/><U48/><E48/><V85/><F18/><W68/><G68/><T133/><D133/><U10/><E10/><V34/><F34/><W37/><G120/><T21/><D94/><U55/><E28/><V129/><F129/><N who="3" m="49771" /><G44/><T105/><D39/><U29/><E98/><V103/><F103/><W102/><G102/><T32/><D43/><U106/><E106/><V111/><F111/><W114/><G37/><T91/><D105/><U50/><E95/><V90/><F74/><W101/><G101/><T131/><D131/><U84/><E50/><V59/><F73/><W104/><G104/><T96/><D71/><U58/><E58/><V117/><F69/><W124/><G124/><T86/><D70/><U7/><E7/><V88/><F117/><W66/><G114/><T97/><D11/><U62/><E62/><RYUUKYOKU ba="1,0" sc="133,10,214,10,403,10,250,-30" hai0="13,14,15,16,21,24,25,30,32,86,91,96,97" hai1="6,9,12,17,19,27,29,55,57,60,79,82,84" hai2="1,5,41,47,49,59,63,64,85,88,89,90,92" /><INIT seed="4,2,0,4,3,76" ten="143,224,413,220" oya="0" hai0="40,0,87,131,103,14,122,31,19,24,38,15,90" hai1="75,58,82,94,124,25,135,109,78,2,6,69,73" hai2="33,104,21,113,9,123,50,1,53,23,48,91,79" hai3="64,41,80,77,36,59,49,27,74,5,35,44,65"/><T111/><D122/><U96/><E109/><V63/><F33/><W83/><G5/><T130/><D0/><U132/><E69/><V81/><F104/><W11/><G11/><T107/><D111/><U61/><E124/><V89/><F48/><W42/><G42/><T110/><D110/><U46/><E46/><V100/><F100/><W51/><G35/><T112/><D112/><U17/><E6/><V98/><F63/><W12/><G12/><T86/><D86/><U28/><E17/><V92/><F89/><W117/><G117/><T84/><D87/><U30/><E73/><V32/><F32/><W57/><G27/><T70/><D70/><U101/><E2/><V3/><F123/><W68/><G68/><T120/><D120/><U93/><E93/><V72/><F113/><W10/><G10/><N who="0" m="6615" /><D15/><U108/><E108/><V88/><F1/><W125/><G125/><T37/><D103/><U8/><E8/><V105/><F105/><W67/><REACH who="3" step="1"/><G80/><REACH who="3" ten="143,224,413,210" step="2"/><N who="0" m="49415" /><D40/><U128/><E128/><N who="0" m="49193" /><D107/><U66/><REACH who="1" step="1"/><E25/><REACH who="1" ten="143,214,413,210" step="2"/><V133/><F3/><W26/><G26/><T52/><D24/><U127/><E127/><V97/><F9/><W39/><G39/><T29/><D37/><U45/><E45/><V129/><F129/><W54/><G54/><T85/><D38/><U115/><E115/><V102/><F53/><W34/><G34/><T118/><D52/><U47/><E47/><V13/><F13/><W60/><G60/><T106/><D106/><U134/><AGARI ba="2,2" hai="28,30,58,61,66,75,78,82,94,96,101,132,134,135" machi="134" ten="30,7900,0" yaku="1,1,0,1,20,1,52,1,53,0" doraHai="76" doraHaiUra="121" who="1" fromWho="1" sc="143,-41,214,105,413,-22,210,-22" /><INIT seed="5,0,0,3,0,78" ten="102,319,391,188" oya="1" hai0="8,51,117,81,12,104,44,33,23,46,89,9,114" hai1="38,58,85,109,55,105,17,74,37,45,108,28,61" hai2="50,77,107,18,29,42,95,110,15,103,135,36,40" hai3="34,14,93,102,76,115,92,119,39,25,71,19,133"/><U22/><E74/><V69/><F110/><N who="1" m="42601" /><E105/><V41/><F69/><W90/><G71/><T63/><D117/><U35/><E28/><V66/><F36/><W62/><G39/><T16/><D104/><U116/><E35/><V52/><F66/><W68/><G119/><T113/><D33/><U57/><E116/><V24/><F77/><W121/><G121/><T0/><D63/><N who="1" m="36287" /><E45/><V118/><F107/><W91/><G34/><T73/><D46/><U123/><E85/><V112/><F29/><W53/><G62/><T31/><D31/><U111/><N who="1" m="42609" /><U126/><DORA hai="59" /><E126/><V5/><F41/><W98/><G98/><T127/><D127/><U49/><E49/><V4/><F42/><W43/><G43/><T83/><D73/><U131/><E131/><V101/><F40/><W26/><G68/><T94/><D113/><U106/><E106/><V82/><F112/><W87/><G115/><T134/><D114/><U13/><E123/><V70/><F50/><W67/><G87/><N who="0" m="52543" /><D134/><U130/><E130/><V129/><F135/><W72/><G133/><T6/><D0/><U48/><E48/><V7/><F129/><W128/><G72/><T125/><D125/><U65/><AGARI ba="0,0" hai="13,17,22,37,38,58,61,65" m="36287,42609" machi="65" ten="40,7800,0" yaku="10,1,52,2" doraHai="78,59" who="1" fromWho="1" sc="102,-26,319,78,391,-26,188,-26" /><INIT seed="5,1,0,0,1,55" ten="76,397,365,162" oya="1" hai0="65,54,59,53,15,16,108,38,52,124,135,72,4" hai1="118,27,89,21,20,83,6,68,7,1,102,33,37" hai2="86,94,63,30,12,82,87,75,79,56,41,57,121" hai3="28,114,11,3,70,26,29,19,126,58,74,81,35"/><U125/><E118/><V48/><F121/><W133/><G70/><T127/><D108/><U95/><E37/><V18/><F30/><W130/><G114/><T132/><D72/><U91/><E68/><V128/><F128/><W47/><G130/><T24/><D38/><U90/><E125/><N who="0" m="48201" /><D4/><U99/><E33/><V45/><F75/><W80/><G126/><T17/><D24/><U73/><E1/><V97/><F63/><W69/><G69/><T116/><D116/><U84/><E73/><V85/><F85/><W51/><G133/><N who="0" m="51275" /><D15/><U50/><E50/><V61/><F61/><AGARI ba="1,0" hai="16,17,52,53,54,59,61,65" m="51275,48201" machi="61" ten="40,8000,1" yaku="18,1,20,1,52,1,54,2" doraHai="55" who="0" fromWho="2" sc="76,83,397,0,365,-83,162,0" /><INIT seed="6,0,0,1,1,54" ten="159,397,282,162" oya="2" hai0="67,94,93,90,84,125,122,3,53,98,74,44,73" hai1="89,19,5,17,108,75,92,123,9,2,126,69,109" hai2="41,0,56,23,97,115,46,65,62,77,34,113,81" hai3="45,47,59,33,116,16,85,100,40,25,7,50,12"/><V99/><F34/><W76/><G116/><T63/><D122/><U39/><E39/><V133/><F0/><W88/><G100/><T103/><D3/><U28/><E69/><V66/><F133/><W71/><G71/><T15/><D125/><U49/><E75/><V68/><F23/><N who="3" m="13543" /><G33/><T114/><D114/><N who="2" m="43530" /><F66/><W57/><G76/><T72/><D15/><U20/><E126/><V104/><F104/><W106/><G106/><T78/><D78/><U107/><E107/><V43/><F68/><W1/><G1/><T117/><D117/><U131/><E123/><V83/><F83/><N who="3" m="49215" /><G47/><T29/><D29/><U82/><E82/><V4/><F4/><W101/><G101/><T64/><REACH who="0" step="1"/><D44/><REACH who="0" ten="149,397,282,162" step="2"/><U24/><E2/><V60/><F46/><W105/><G105/><T134/><D134/><U118/><E118/><V80/><F77/><W128/><G128/><T124/><D124/><U87/><E131/><V91/><F81/><W11/><AGARI ba="0,1" hai="7,11,12,40,45,50,57,59" m="49215,13543" machi="11" ten="30,8000,1" yaku="8,1,52,2,54,2" doraHai="54" who="3" fromWho="3" sc="149,-20,397,-20,282,-40,162,90" /><INIT seed="7,0,0,1,4,123" ten="129,377,242,252" oya="3" hai0="130,117,4,111,97,46,134,85,42,45,125,59,121" hai1="81,29,25,131,50,75,128,5,127,135,65,56,49" hai2="99,6,119,112,16,13,60,94,83,8,113,72,41" hai3="114,55,69,118,43,93,63,40,115,20,101,10,52"/><W62/><G10/><T23/><D117/><U32/><E135/><V95/><F119/><W66/><G118/><T31/><D121/><U57/><E127/><V116/><F116/><W30/><G30/><T89/><D125/><U102/><E102/><V24/><F41/><N who="3" m="15947" /><G20/><T0/><D134/><U33/><E5/><V12/><F24/><W2/><G101/><T80/><D130/><N who="1" m="49707" /><E33/><V61/><F72/><W44/><G93/><N who="2" m="35337" /><F99/><W77/><G77/><T71/><D71/><U74/><E74/><V78/><F83/><W14/><G14/><T103/><D0/><U88/><E65/><V19/><F78/><W22/><G22/><T110/><D4/><U91/><E75/><V11/><F19/><W38/><G2/><T87/><D87/><N who="1" m="50287" /><E91/><V58/><F113/><N who="3" m="43019" /><G38/><T92/><D59/><AGARI ba="0,0" hai="25,29,32,49,50,56,57,59" m="50287,49707" machi="59" ten="30,2000,0" yaku="19,1,54,1" doraHai="123" who="1" fromWho="0" sc="129,-20,377,20,242,0,252,0" owari="109,-39.1,397,49.7,242,-15.8,252,5.2" /></mjloggm>