<mjloggm ver="2.3"><GO type="169" lobby="0"/><UN n0="%E3%83%AD%E3%82%B7%E3%83%83%E3%83%84%E3%82%A1" n1="%E8%B5%A4%E5%BA%A7%E3%81%82%E3%81%8B%E3%82%8A%45%58" n2="%E3%82%82%E3%82%8A%E3%82%8A%E3%82%93%E3%82%82%E3%82%8A%E3%82%82%E3%82%8A" n3="%E9%A2%A8%E3%81%A7%E9%B3%B4%E3%81%8F" dan="16,16,16,16" rate="2011.78,2135.74,2052.17,2145.84" sx="F,M,M,M"/><TAIKYOKU oya="0"/><INIT seed="0,0,0,3,3,74" ten="250,250,250,250" oya="0" hai0="115,34,1,76,60,118,10,75,12,129,51,108,27" hai1="45,18,7,54,39,37,33,57,89,19,24,14,88" hai2="5,11,21,29,126,93,42,116,106,61,71,36,92" hai3="17,35,103,96,9,66,100,32,114,16,85,68,50"/><T69/><D115/><U46/><E7/><V130/><F116/><W15/><G114/><T3/><D118/><U59/><E24/><V123/><F123/><W56/><G68/><T58/><D129/><U128/><E54/><V43/><F106/><W107/><G100/><T104/><D104/><U73/><E73/><V20/><F20/><W132/><G132/><T79/><D108/><U127/><E33/><V81/><F42/><W125/><G125/><T135/><D135/><U109/><E14/><V55/><F29/><W119/><G119/><T134/><D69/><U98/><E98/><V95/><F21/><W94/><G17/><T41/><D75/><U86/><E86/><V4/><F11/><W64/><G64/><T112/><D134/><U111/><REACH who="1" step="1"/><E128/><REACH who="1" ten="250,240,250,250" step="2"/><V105/><F130/><W44/><G85/><T97/><D97/><U52/><E52/><V8/><F5/><W47/><G107/><T70/><D34/><U62/><E62/><V23/><F105/><W120/><G120/><T77/><D27/><U25/><E25/><V91/><F61/><W63/><REACH who="3" step="1"/><G44/><REACH who="3" ten="250,240,250,240" step="2"/><N who="0" m="25999" /><D112/><U110/><E110/><V65/><F65/><W87/><G87/><T6/><D1/><U31/><E31/><V133/><F133/><W83/><G83/><T28/><D3/><U26/><E26/><V124/><F81/><W113/><G113/><T102/><D28/><U48/><E48/><V117/><F117/><W53/><AGARI ba="0,2" hai="9,15,16,32,35,47,50,53,56,63,66,94,96,103" machi="53" ten="20,5200,0" yaku="1,1,0,1,7,1,54,1,53,0" doraHai="74" doraHaiUra="121" who="3" fromWho="3" sc="250,-26,240,-13,250,-13,240,72" /><INIT seed="1,0,0,5,3,108" ten="224,227,237,312" oya="1" hai0="130,131,3,126,63,89,29,91,93,14,26,82,94" hai1="113,18,79,125,11,10,135,107,110,16,4,19,8" hai2="99,17,105,109,54,5,127,85,71,41,119,122,78" hai3="104,44,96,64,21,31,39,117,103,45,95,120,20"/><U92/><E107/><V101/><F119/><W112/><G120/><T34/><D3/><U40/><E40/><V68/><F122/><W88/><G117/><T7/><D126/><U83/><E125/><V58/><F109/><W36/><G112/><T46/><D63/><U51/><E110/><V13/><F5/><W60/><G39/><T128/><D46/><U98/><E135/><V133/><F41/><W15/><G36/><T37/><D37/><U70/><E70/><V84/><F133/><W80/><G80/><T57/><D57/><U97/><E113/><V24/><F24/><W75/><G75/><T65/><D65/><U115/><E115/><V62/><F127/><W42/><G42/><T67/><D67/><U23/><E51/><V27/><F27/><W47/><G31/><T114/><D114/><U118/><E98/><V106/><F106/><W72/><G72/><T22/><D82/><U86/><E118/><V0/><F0/><W38/><G15/><T69/><D69/><U35/><E35/><V1/><F1/><W33/><G33/><T81/><D81/><U25/><REACH who="1" step="1"/><E4/><REACH who="1" ten="224,217,237,312" step="2"/><V129/><F68/><W49/><G49/><T32/><D32/><U53/><E53/><V12/><F71/><W73/><G38/><T132/><D132/><U6/><E6/><V87/><F54/><W52/><G64/><T43/><D43/><U30/><E30/><V116/><F116/><W100/><G104/><T9/><D34/><U90/><AGARI ba="0,1" hai="8,10,11,16,18,19,23,25,79,83,86,90,92,97" machi="90" ten="30,11700,0" yaku="1,1,0,1,8,1,54,1,53,0" doraHai="108" doraHaiUra="134" who="1" fromWho="1" sc="224,-39,217,127,237,-39,312,-39" /><INIT seed="1,1,0,0,2,53" ten="185,344,198,273" oya="1" hai0="36,27,62,110,85,113,101,75,78,61,17,32,26" hai1="125,20,128,73,14,45,74,18,112,123,7,58,31" hai2="89,72,25,103,19,111,47,104,70,8,130,37,44" hai3="131,35,118,76,1,96,90,95,107,5,97,43,68"/><U50/><E112/><V39/><F70/><W34/><G68/><T87/><D110/><U81/><E123/><V22/><F111/><W9/><G131/><T28/><D36/><U2/><E128/><V67/><F67/><W99/><G118/><T121/><D113/><U10/><E125/><V3/><F72/><W91/><G76/><T102/><D75/><U120/><E120/><V29/><F103/><W84/><G107/><T21/><D121/><U132/><E132/><V4/><F104/><W0/><G43/><T93/><D78/><U106/><E106/><V88/><F130/><W69/><G69/><T51/><D51/><U41/><E81/><V77/><F77/><W33/><REACH who="3" step="1"/><G0/><REACH who="3" ten="185,344,198,263" step="2"/><T134/><D134/><U86/><E2/><V135/><F135/><W117/><G117/><T23/><D32/><U83/><E41/><V13/><F39/><W56/><G56/><T11/><D11/><U82/><E58/><V48/><F37/><W133/><G133/><T52/><D62/><U55/><E10/><V46/><REACH who="2" step="1"/><F48/><REACH who="2" ten="185,344,188,263" step="2"/><W122/><G122/><T38/><D38/><U42/><E50/><V60/><F60/><W126/><G126/><T6/><D61/><U49/><E49/><V12/><F12/><W16/><G16/><T15/><D15/><U114/><E18/><V64/><F64/><W79/><G79/><T57/><D17/><U66/><E66/><V40/><F40/><W24/><G24/><T124/><D27/><U65/><E65/><V115/><F115/><W94/><AGARI ba="1,2" hai="1,5,9,33,34,35,84,90,91,94,95,96,97,99" machi="94" ten="40,5200,0" yaku="1,1,0,1,53,1" doraHai="53" doraHaiUra="80" who="3" fromWho="3" sc="185,-14,344,-27,188,-14,263,75" /><INIT seed="2,0,0,5,5,26" ten="171,317,174,338" oya="2" hai0="102,69,90,18,126,108,121,32,67,112,105,85,28" hai1="95,71,31,86,46,2,88,22,64,14,75,110,9" hai2="83,96,116,3,40,76,0,98,56,36,38,117,68" hai3="23,92,82,16,77,58,135,7,35,134,133,20,104"/><V8/><F68/><W61/><G104/><T128/><D108/><U91/><E75/><V119/><F56/><W53/><G35/><T123/><D128/><U13/><E110/><V24/><F3/><W131/><G131/><T107/><D126/><U70/><E2/><V100/><F24/><W72/><G7/><T79/><D79/><U55/><E64/><V5/><F40/><W125/><G125/><T41/><D18/><U94/><E55/><V60/><F60/><W93/><REACH who="3" step="1"/><G23/><REACH who="3" ten="171,317,174,328" step="2"/><T42/><D107/><U132/><E22/><V11/><F11/><W87/><G87/><T54/><D123/><U37/><E86/><V74/><F98/><W120/><G120/><T21/><D21/><U10/><E132/><V101/><F101/><W65/><G65/><T89/><D85/><U109/><E109/><V118/><N who="2" m="29696" /><DORA hai="99" /><V29/><REACH who="2" step="1"/><F29/><REACH who="2" ten="171,317,164,328" step="2"/><W52/><G52/><T63/><D54/><U43/><E31/><V80/><F80/><W66/><G66/><T106/><D102/><U6/><E9/><V78/><F78/><W49/><G49/><T122/><D28/><U81/><E81/><V113/><F113/><W129/><G129/><T4/><D112/><U34/><E10/><V97/><F97/><W17/><G17/><T48/><D67/><U103/><E103/><V73/><F73/><W50/><G50/><T84/><D48/><U115/><E115/><V124/><F124/><W30/><G30/><T39/><D122/><U27/><E43/><V33/><F33/><W114/><G114/><T44/><D32/><U57/><E34/><V25/><F25/><AGARI ba="0,2" hai="16,20,25,53,58,61,72,77,82,92,93,133,134,135" machi="25" ten="40,12000,2" yaku="1,1,6,1,20,1,54,1,53,3" doraHai="26,99" doraHaiUra="47,130" who="3" fromWho="2" sc="171,0,317,0,164,-120,328,140" /><INIT seed="3,0,0,0,2,61" ten="171,317,44,468" oya="3" hai0="89,49,133,135,38,14,6,25,8,122,107,81,70" hai1="106,72,120,118,87,85,115,18,77,60,119,112,86" hai2="7,47,124,73,44,123,54,125,0,55,35,68,3" hai3="79,46,30,10,134,90,108,75,78,98,117,28,94"/><W95/><G117/><N who="1" m="44554" /><E60/><V104/><F73/><W19/><G134/><N who="0" m="51211" /><D38/><U62/><E62/><V129/><F35/><W48/><G108/><T92/><D107/><U110/><E18/><V42/><F104/><W57/><G57/><T33/><D70/><U51/><E51/><N who="2" m="27031" /><F7/><W103/><G19/><T127/><D81/><N who="1" m="45223" /><E120/><V2/><F123/><W43/><G10/><T66/><D49/><U65/><E65/><V121/><F68/><W100/><G100/><T36/><D36/><U50/><E50/><N who="2" m="29023" /><F121/><W101/><G101/><T84/><D127/><N who="2" m="48714" /><F55/><W64/><G64/><T56/><D122/><U41/><E41/><V88/><F88/><W97/><REACH who="3" step="1"/><G75/><REACH who="3" ten="171,317,44,458" step="2"/><T23/><D66/><U40/><E110/><V131/><AGARI ba="0,1" hai="0,2,3,129,131" m="48714,29023,27031" machi="131" ten="40,1500,0" yaku="18,1" doraHai="61" who="2" fromWho="2" sc="171,-4,317,-4,44,25,458,-7" /><INIT seed="4,0,0,0,0,131" ten="167,313,69,451" oya="0" hai0="63,24,59,56,17,19,43,132,8,90,2,111,119" hai1="53,34,66,112,121,40,28,65,1,98,88,47,118" hai2="67,73,57,87,92,62,35,33,16,128,4,93,31" hai3="122,58,72,70,106,22,10,113,103,61,32,95,134"/><T12/><D119/><U64/><E1/><V71/><F128/><W104/><G72/><T30/><D43/><U26/><E121/><V96/><F73/><W80/><G32/><T6/><D111/><U81/><E118/><V55/><F4/><W27/><G70/><T68/><D19/><U11/><E112/><V45/><F31/><W107/><G80/><T105/><D105/><U75/><E11/><V23/><F45/><W76/><G76/><T5/><D5/><U83/><E53/><V14/><F96/><W123/><G10/><T125/><D125/><U82/><E75/><V101/><F101/><W133/><G95/><T50/><D50/><U3/><E3/><V110/><F110/><W109/><G103/><T20/><D90/><U126/><E126/><V51/><F93/><W48/><G48/><T86/><D86/><U41/><E47/><V130/><F130/><W9/><G9/><T74/><D74/><U124/><E124/><V0/><F0/><W38/><G38/><T36/><D36/><U25/><E25/><V60/><F60/><W13/><G13/><T89/><D89/><AGARI ba="0,0" hai="14,16,23,33,35,51,55,57,62,67,71,87,89,92" machi="89" ten="40,5200,0" yaku="25,2,54,1" doraHai="131" who="2" fromWho="0" sc="167,-52,313,0,69,52,451,0" /><INIT seed="5,0,0,0,1,48" ten="115,313,121,451" oya="1" hai0="33,102,59,130,42,60,20,134,71,73,94,10,98" hai1="96,2,52,118,89,70,122,3,105,68,76,30,61" hai2="81,84,104,100,133,37,83,32,113,11,78,5,112" hai3="117,103,47,21,135,27,111,23,49,12,82,38,16"/><U34/><E118/><V110/><F32/><W35/><G111/><T46/><D134/><U126/><E122/><V51/><F37/><W114/><G135/><T28/><D130/><U123/><E123/><V120/><F120/><W40/><G117/><T91/><D73/><U72/><E126/><V66/><F133/><W74/><G114/><N who="2" m="44137" /><F110/><W15/><G103/><T116/><D71/><U101/><E89/><N who="2" m="51343" /><F66/><W93/><G93/><T26/><D116/><U62/><E62/><V25/><F25/><W108/><G108/><T128/><D128/><U115/><E115/><V41/><F100/><W99/><G99/><T14/><D33/><U92/><E92/><V97/><F97/><W79/><G35/><T55/><D46/><U50/><E76/><V132/><F104/><W85/><G74/><T0/><D0/><U129/><E72/><N who="2" m="43463" /><F41/><W7/><G7/><T106/><D42/><U75/><E75/><V31/><F51/><W125/><G125/><T24/><D24/><N who="1" m="18759" /><E70/><V13/><F132/><W127/><G127/><T67/><D106/><U63/><E63/><V86/><F86/><W87/><G87/><T17/><D91/><U69/><E69/><V95/><F95/><W107/><G107/><T4/><D4/><U44/><E129/><V77/><F77/><W36/><G12/><T90/><D90/><U6/><E6/><V56/><F31/><AGARI ba="0,0" hai="15,16,21,23,27,31,36,38,40,47,49,79,82,85" machi="31" ten="30,2000,0" yaku="7,1,54,1" doraHai="48" who="3" fromWho="2" sc="115,0,313,0,121,-20,451,20" /><INIT seed="6,0,0,5,3,2" ten="115,313,101,471" oya="2" hai0="101,15,9,85,89,130,45,70,30,76,71,36,40" hai1="33,114,129,24,86,68,31,73,92,0,132,111,42" hai2="84,124,5,22,10,38,83,61,94,127,113,96,17" hai3="107,20,115,21,91,75,3,48,25,80,81,78,99"/><V14/><F38/><W121/><G3/><T110/><D130/><U118/><RYUUKYOKU type="yao9" ba="0,0" sc="115,0,313,0,101,0,471,0" hai1="0,24,31,33,42,68,73,86,92,111,114,118,129,132" /><INIT seed="6,1,0,5,1,0" ten="115,313,101,471" oya="2" hai0="63,24,84,101,118,70,57,38,58,127,72,46,67" hai1="102,76,19,39,130,108,43,11,35,85,66,103,8" hai2="9,40,73,79,48,25,100,104,65,126,119,71,23" hai3="128,106,93,12,34,75,123,97,95,135,121,83,21"/><V64/><F119/><W36/><G36/><T13/><D118/><U59/><E35/><V129/><F71/><W80/><G34/><T124/><D72/><U49/><E108/><V22/><F104/><W45/><G106/><T96/><D84/><U32/><E32/><V56/><F100/><W10/><G21/><T132/><D132/><U86/><E39/><V91/><F79/><W7/><G128/><T31/><D13/><U87/><E76/><V125/><F73/><W89/><G135/><T109/><D109/><U15/><E130/><V94/><F129/><W18/><G18/><T50/><D38/><U107/><E107/><V92/><F9/><W82/><G75/><T74/><D74/><U44/><E8/><V112/><F112/><W133/><G133/><T37/><D37/><U33/><E33/><V53/><F40/><W77/><G77/><T117/><D117/><U28/><E28/><V111/><F111/><W55/><G45/><T81/><D81/><U1/><E1/><V16/><F23/><W51/><G51/><T134/><D134/><U114/><E114/><V131/><F131/><W4/><G55/><N who="0" m="30167" /><D24/><U14/><E14/><V5/><F5/><N who="3" m="3151" /><G121/><T52/><D31/><U98/><E98/><V116/><F116/><W78/><G123/><T68/><D58/><U42/><E43/><V122/><F122/><W105/><G105/><N who="0" m="63655" /><D70/><U115/><E115/><V26/><F26/><W90/><G78/><T30/><D30/><U2/><E2/><V41/><F41/><W3/><G3/><T99/><D99/><AGARI ba="1,0" hai="4,7,80,82,83,89,90,93,95,97,99" m="3151" machi="99" ten="30,7700,0" yaku="8,1,52,3" doraHai="0" who="3" fromWho="0" sc="115,-80,313,0,101,0,471,80" /><INIT seed="7,0,0,1,5,21" ten="35,313,101,551" oya="3" hai0="105,31,69,15,3,38,58,90,84,94,95,20,70" hai1="30,11,117,63,65,104,49,44,29,37,39,52,19" hai2="112,72,25,73,114,133,93,98,106,79,100,127,43" hai3="111,59,77,5,80,124,27,68,92,115,26,101,0"/><W45/><G68/><T103/><D105/><U122/><E104/><V120/><F43/><W35/><G35/><T28/><D3/><U60/><E19/><V131/><F25/><W110/><G115/><N who="2" m="44073" /><F131/><W89/><G101/><T83/><D38/><U128/><E11/><V33/><F33/><W40/><G59/><T53/><D70/><U54/><E29/><V130/><F130/><W87/><G124/><T76/><D69/><U64/><E30/><V118/><F127/><W129/><G129/><T119/><D119/><U16/><E16/><V47/><F47/><W96/><G5/><T48/><D103/><U56/><E128/><V78/><F118/><W34/><G0/><T23/><D95/><U99/><E99/><N who="2" m="61727" /><F133/><W17/><G17/><T123/><D123/><U32/><E32/><V97/><F120/><W88/><G77/><N who="2" m="29193" /><F98/><W85/><G96/><T134/><D134/><U113/><E113/><V36/><F36/><W6/><G6/><T12/><D23/><U86/><E86/><V42/><F42/><W13/><G13/><T75/><REACH who="0" step="1"/><D31/><REACH who="0" ten="25,313,101,551" step="2"/><U135/><E135/><V67/><F67/><W62/><G62/><T24/><AGARI ba="0,1" hai="12,15,20,24,28,48,53,58,75,76,83,84,90,94" machi="24" ten="30,7900,0" yaku="1,1,2,1,0,1,52,1,53,0" doraHai="21" doraHaiUra="1" who="0" fromWho="0" sc="25,89,313,-20,101,-20,551,-39" owari="114,-28.6,293,9.3,81,-41.9,512,61.2" /></mjloggm>