<mjloggm ver="2.3"><GO type="169" lobby="0"/><UN n0="%E6%9C%A8%E5%8E%9F%E8%B1%AA%E4%B8%80" n1="%E3%81%93%E3%81%9A" n2="%61%6B%61%69%6B%69" n3="%E7%94%9F%E5%BE%92%E4%BC%9A%E3%80%90%E5%BA%8F%E3%80%91" dan="16,17,17,17" rate="2159.59,2205.11,2208.91,2158.39" sx="M,M,M,M"/><TAIKYOKU oya="0"/><INIT seed="0,0,0,5,5,62" ten="250,250,250,250" oya="0" hai0="29,119,25,131,34,118,31,98,38,128,60,127,126" hai1="40,117,96,41,121,46,28,120,42,53,90,48,67" hai2="50,70,85,101,83,107,123,33,79,66,58,69,122" hai3="20,51,36,80,110,32,77,124,19,43,59,68,89"/><T9/><D38/><U16/><E117/><V57/><F33/><W75/><G68/><T125/><D98/><U88/><E28/><V99/><F69/><W56/><G32/><T37/><D37/><U87/><E120/><V134/><F134/><W52/><G110/><T24/><D60/><U30/><E121/><V27/><F122/><W104/><G104/><T82/><D82/><U115/><E115/><V17/><F123/><W109/><G109/><T112/><D112/><U84/><E30/><V102/><F102/><W1/><G1/><T100/><D100/><U78/><E67/><V108/><F108/><W2/><G2/><T35/><D9/><U97/><E78/><V23/><REACH who="2" step="1"/><F50/><REACH who="2" ten="250,250,240,250" step="2"/><W129/><G124/><T45/><D45/><U11/><E48/><V8/><F8/><W49/><G36/><T105/><D105/><U13/><E46/><V94/><F94/><W54/><G129/><AGARI ba="0,1" hai="24,25,29,31,34,35,118,119,125,126,127,128,129,131" machi="129" ten="50,24000,3" yaku="9,1,18,1,19,1,23,2,34,3" doraHai="62" who="0" fromWho="3" sc="250,250,250,0,240,0,250,-240" /><INIT seed="0,1,0,2,3,112" ten="500,250,240,10" oya="0" hai0="40,127,125,67,79,16,99,102,74,84,97,48,81" hai1="118,36,47,93,19,90,134,89,85,83,117,88,80" hai2="20,44,71,91,62,54,18,6,101,5,96,59,114" hai3="104,68,55,103,22,94,15,17,70,49,132,31,58"/><T35/><D35/><U10/><E134/><V32/><F32/><W7/><G132/><T109/><D67/><U63/><E63/><V60/><F114/><W105/><G31/><T129/><D129/><U45/><E36/><V75/><F75/><W2/><G94/><T0/><D0/><U4/><E19/><V73/><F73/><W56/><G56/><T24/><D74/><U116/><E83/><V12/><F71/><W57/><G57/><T30/><D30/><U42/><E42/><V76/><F76/><W33/><G33/><T14/><D24/><U37/><E37/><V23/><F62/><W113/><G113/><T122/><D122/><U86/><REACH who="1" step="1"/><E90/><REACH who="1" ten="500,240,240,10" step="2"/><V8/><F91/><W115/><G115/><T25/><D40/><U69/><E69/><V43/><F6/><W27/><G70/><T41/><D41/><U77/><E77/><V65/><F5/><W108/><G68/><T107/><D16/><U29/><E29/><V82/><F82/><W128/><G128/><T21/><D79/><U100/><E100/><V98/><F65/><W34/><G108/><T26/><D102/><U1/><AGARI ba="1,1" hai="1,4,10,45,47,80,85,86,88,89,93,116,117,118" machi="1" ten="30,12000,2" yaku="1,1,0,1,52,3,54,1,53,0" doraHai="112" doraHaiUra="52" who="1" fromWho="1" sc="500,-61,240,133,240,-31,10,-31" owari="439,53.9,373,17.3,209,-19.1,-21,-52.1" /></mjloggm>