<mjloggm ver="2.3"><GO type="169" lobby="0"/><UN n0="%E3%81%A1%E3%82%83%E3%81%B0%E3%82%8A%E3%83%BC%E3%82%84" n1="%42%42%E3%81%A7%E3%81%99%E3%80%82" n2="%E2%97%8E%E3%82%88%E3%81%97%E2%97%8E" n3="%E3%81%B5%E3%81%8B" dan="16,17,17,17" rate="2107.02,2175.41,2192.35,2220.31" sx="M,M,M,M"/><TAIKYOKU oya="0"/><INIT seed="0,0,0,4,4,91" ten="250,250,250,250" oya="0" hai0="51,0,76,16,52,118,68,18,46,99,36,1,112" hai1="54,101,73,56,105,117,113,77,83,10,2,45,97" hai2="32,69,103,61,106,89,71,63,4,40,93,92,134" hai3="38,23,125,48,24,78,27,55,85,133,128,64,124"/><T102/><D112/><U100/><E117/><V129/><F32/><W109/><G38/><T29/><D118/><U107/><E113/><V72/><F72/><W22/><G109/><T87/><D68/><U43/><E10/><V5/><F40/><W119/><G119/><T121/><D121/><U116/><E2/><V95/><F89/><W15/><G128/><T126/><D36/><U25/><E25/><V120/><F103/><W14/><G64/><T104/><D126/><N who="3" m="48745" /><G133/><T58/><D29/><U34/><E34/><V60/><F106/><W70/><G70/><N who="2" m="26633" /><F129/><W3/><G3/><T42/><D0/><U114/><E114/><V44/><F44/><N who="3" m="28039" /><G78/><T65/><D65/><U13/><E13/><N who="3" m="4618" /><G85/><T96/><D1/><U30/><E116/><V37/><F37/><W130/><G130/><T123/><D123/><U127/><E127/><V39/><F39/><W28/><G24/><T62/><REACH who="0" step="1"/><D99/><REACH who="0" ten="240,250,250,250" step="2"/><U33/><E97/><V79/><F120/><W66/><G66/><T50/><D50/><U21/><E30/><V74/><F134/><W75/><G75/><T57/><D57/><U122/><E56/><V90/><F74/><W80/><G80/><AGARI ba="0,1" hai="16,18,42,46,51,52,58,62,76,80,87,96,102,104" machi="80" ten="40,12000,1" yaku="1,1,54,2,53,1" doraHai="91" doraHaiUra="94" who="0" fromWho="3" sc="240,130,250,0,250,0,250,-120" /><INIT seed="0,1,0,1,2,59" ten="370,250,250,130" oya="0" hai0="22,66,99,90,65,11,26,5,82,126,14,31,124" hai1="117,49,0,33,1,120,62,75,119,6,73,56,131" hai2="96,94,43,4,28,123,109,21,51,42,77,132,72" hai3="107,57,37,79,13,98,34,47,88,127,116,17,27"/><T18/><D124/><U110/><E120/><V86/><F123/><W134/><G116/><T8/><D126/><U67/><E33/><V24/><F109/><W129/><G79/><T16/><D18/><U63/><E110/><V81/><F132/><W100/><G107/><T97/><D97/><U125/><E125/><V84/><F4/><W15/><G15/><T78/><D90/><U85/><E131/><V61/><F72/><W115/><G13/><T53/><D53/><U10/><E0/><V128/><F128/><W114/><G57/><T91/><D91/><U9/><E9/><V102/><F51/><W122/><G34/><T58/><D99/><U32/><E32/><V80/><REACH who="2" step="1"/><F61/><REACH who="2" ten="370,250,240,130" step="2"/><W95/><G129/><T103/><D103/><U64/><E73/><V112/><F112/><W133/><G100/><T68/><D68/><U76/><E75/><V30/><F30/><W108/><G108/><T2/><REACH who="0" step="1"/><D58/><REACH who="0" ten="360,250,240,130" step="2"/><U113/><E56/><V7/><F7/><W93/><G127/><T45/><D45/><U23/><E6/><V104/><F104/><W48/><G47/><T20/><D20/><U3/><E23/><V55/><F55/><W101/><G101/><T130/><D130/><U74/><E117/><V39/><F39/><W60/><G37/><T69/><D69/><U105/><E119/><V111/><F111/><W87/><G115/><T36/><D36/><U70/><E113/><V118/><F118/><W35/><G114/><T44/><D44/><U83/><E105/><V50/><F50/><W135/><G48/><T19/><D19/><U106/><E49/><RYUUKYOKU ba="1,2" sc="360,15,250,-15,240,15,130,-15" hai0="2,5,8,11,14,16,22,26,31,65,66,78,82" hai2="21,24,28,42,43,77,80,81,84,86,94,96,102" /><INIT seed="0,2,2,1,3,18" ten="375,235,255,115" oya="0" hai0="21,53,96,103,19,93,105,46,72,64,81,85,38" hai1="30,119,129,0,6,125,111,1,42,121,51,123,65" hai2="108,39,52,9,41,73,117,82,80,94,60,89,104" hai3="78,128,59,22,130,110,132,95,34,13,15,26,33"/><T40/><D64/><U57/><E119/><V24/><F104/><W68/><G68/><T99/><D53/><U74/><E74/><V92/><F73/><W106/><G106/><T88/><D72/><U126/><E42/><V12/><F39/><W36/><G36/><T113/><D113/><U86/><E86/><N who="2" m="52279" /><F41/><W4/><G78/><T16/><REACH who="0" step="1"/><D21/><REACH who="0" ten="365,235,255,115" step="2"/><U107/><E65/><V29/><F117/><W14/><G22/><T76/><AGARI ba="2,3" hai="16,19,38,40,46,76,81,85,88,93,96,99,103,105" machi="76" ten="20,18000,2" yaku="1,1,2,1,0,1,7,1,54,2,53,0" doraHai="18" doraHaiUra="124" who="0" fromWho="0" sc="365,216,235,-62,255,-62,115,-62" /><INIT seed="0,3,0,1,5,9" ten="581,173,193,53" oya="0" hai0="107,122,44,82,131,100,5,35,99,64,113,19,78" hai1="50,12,84,20,57,49,38,25,87,60,101,48,108" hai2="69,134,3,104,124,13,11,130,18,61,55,58,1" hai3="126,53,114,109,41,110,30,85,133,16,103,51,17"/><T31/><D113/><U121/><E121/><V96/><F124/><W27/><G114/><T47/><D122/><U127/><E38/><V32/><F32/><W93/><G126/><T117/><D117/><U91/><E127/><V135/><F130/><W21/><G41/><T123/><D131/><U26/><E108/><N who="3" m="41578" /><G133/><N who="2" m="50697" /><F69/><W6/><G6/><T97/><D19/><N who="1" m="10343" /><E101/><AGARI ba="3,0" hai="1,3,11,13,18,55,58,61,96,101,104" m="50697" machi="101" ten="30,2000,0" yaku="20,1,52,1" doraHai="9" who="2" fromWho="1" sc="581,0,173,-29,193,29,53,0" /><INIT seed="1,0,0,3,3,134" ten="581,144,222,53" oya="1" hai0="48,82,129,74,1,112,100,98,103,132,72,60,124" hai1="113,128,46,45,87,31,81,130,67,76,29,105,84" hai2="24,36,38,51,69,11,37,2,54,66,25,121,19" hai3="10,118,57,80,96,101,104,91,90,75,17,95,119"/><U0/><E113/><V77/><F121/><W135/><G57/><T70/><D1/><U102/><E0/><V79/><F66/><W59/><G59/><T40/><D48/><U39/><E67/><V52/><F69/><W89/><G17/><T56/><D40/><U16/><E102/><V110/><F110/><W122/><G10/><T18/><D70/><U28/><E105/><V115/><F115/><W97/><G122/><T14/><D103/><U62/><E62/><V131/><F131/><N who="1" m="50217" /><E39/><V68/><F68/><W117/><G135/><T92/><D112/><U107/><E107/><V78/><F19/><W35/><G35/><T26/><D100/><U71/><E71/><V22/><F22/><W99/><G104/><T55/><D60/><U125/><E125/><V30/><F51/><W93/><G101/><T133/><D124/><U85/><E16/><V34/><REACH who="2" step="1"/><F25/><REACH who="2" ten="581,144,212,53" step="2"/><W106/><G106/><T88/><D129/><U94/><E94/><V61/><F61/><W109/><G109/><T6/><D133/><U43/><E43/><V12/><F12/><W42/><G42/><T47/><D132/><U123/><E123/><V7/><AGARI ba="0,1" hai="2,7,11,24,30,34,36,37,38,52,54,77,78,79" machi="7" ten="40,8000,1" yaku="1,1,0,1,54,1,53,2" doraHai="134" doraHaiUra="50" who="2" fromWho="2" sc="581,-20,144,-40,212,90,53,-20" /><INIT seed="2,0,0,1,1,39" ten="561,104,302,33" oya="2" hai0="98,23,134,124,24,25,30,74,27,90,76,127,83" hai1="67,72,4,82,116,68,2,13,123,71,132,92,77" hai2="117,45,17,94,52,111,61,66,109,36,100,16,130" hai3="104,75,7,85,103,135,114,51,0,11,118,43,59"/><V53/><F117/><W31/><G75/><T5/><D134/><U129/><E116/><V28/><F130/><W79/><G118/><T106/><D5/><U19/><E129/><V99/><F28/><W63/><G135/><T133/><D133/><U84/><E132/><V35/><F35/><W38/><G114/><T105/><D90/><U49/><E123/><V107/><F107/><N who="0" m="40970" /><D98/><U86/><E4/><V56/><F36/><W115/><G115/><T96/><D96/><U64/><E2/><V8/><F45/><W73/><G31/><T58/><D58/><U50/><E71/><V22/><F8/><W112/><G112/><T87/><D87/><U55/><E50/><V29/><F29/><W14/><G104/><T20/><D20/><U26/><E26/><N who="2" m="14663" /><F17/><W95/><G73/><T121/><D121/><U108/><E68/><V18/><F18/><W62/><G38/><T91/><D91/><N who="1" m="53351" /><E72/><V32/><F32/><W65/><G0/><T69/><D69/><U80/><E19/><V93/><F93/><W40/><G95/><T6/><D6/><U120/><E120/><V126/><F126/><AGARI ba="0,0" hai="23,24,25,27,30,74,76,83,124,126,127" m="40970" machi="126" ten="30,1000,0" yaku="18,1" doraHai="39" who="0" fromWho="2" sc="561,10,104,0,302,-10,33,0" /><INIT seed="3,0,0,3,0,85" ten="571,104,292,33" oya="3" hai0="55,5,59,100,6,14,34,70,77,96,7,128,83" hai1="110,76,87,102,92,67,86,3,24,64,68,121,123" hai2="18,62,119,115,126,129,122,47,71,89,97,80,91" hai3="17,44,27,98,16,79,94,8,113,40,88,28,26"/><W4/><G113/><T106/><D128/><U107/><E3/><V135/><F115/><W11/><G79/><T104/><D70/><U132/><E107/><V13/><F119/><W99/><G99/><T117/><D34/><U73/><E73/><V75/><F126/><W12/><G28/><T53/><D106/><U133/><E24/><V2/><F2/><W101/><G101/><T109/><D109/><U118/><E110/><V35/><F35/><W22/><G11/><T120/><D120/><U82/><E68/><V72/><F135/><N who="1" m="51785" /><E118/><V19/><F122/><N who="1" m="46601" /><E102/><V74/><F129/><W45/><G40/><T127/><D14/><U61/><E61/><V78/><F62/><W49/><G49/><T56/><D100/><U1/><E1/><V51/><F71/><W93/><G93/><T32/><D104/><U39/><E39/><V15/><F97/><W69/><G69/><T90/><D96/><U84/><E84/><V63/><F63/><W42/><G42/><T23/><D117/><U9/><E9/><V37/><F37/><W114/><G114/><T31/><D31/><U43/><E43/><V25/><F74/><W108/><G108/><T112/><D112/><U10/><E10/><V111/><F75/><W125/><G125/><T46/><D127/><U33/><E33/><V57/><F111/><W65/><G65/><T36/><D32/><U20/><E20/><AGARI ba="0,0" hai="4,8,12,16,17,20,22,26,27,44,45,88,94,98" machi="20" ten="40,12000,1" yaku="9,1,8,1,52,1,54,2" doraHai="85" who="3" fromWho="1" sc="571,0,104,-120,292,0,33,120" owari="571,67.1,-16,-51.6,292,9.2,153,-24.7" /></mjloggm>