<mjloggm ver="2.3"><GO type="169" lobby="0"/><UN n0="%E3%81%88%E3%81%84%E3%81%8D%E3%81%A1%40%35%6D%66" n1="%70%6F%6E%2D%65%6E" n2="%E2%97%8E%E3%82%88%E3%81%97%E2%97%8E" n3="%E5%A4%A7%E6%A5%A0%E5%85%AC" dan="17,16,17,16" rate="2220.03,2120.41,2168.41,2140.91" sx="M,F,M,M"/><TAIKYOKU oya="0"/><INIT seed="0,0,0,0,1,70" ten="250,250,250,250" oya="0" hai0="66,128,106,93,103,41,91,82,19,77,81,97,94" hai1="96,124,14,116,57,56,110,75,101,74,84,98,38" hai2="60,36,27,108,20,40,21,117,29,16,23,86,100" hai3="92,111,50,125,95,80,121,85,62,67,58,72,26"/><T115/><D66/><U79/><E116/><V76/><F108/><W63/><G111/><T4/><D4/><U11/><E110/><V9/><F117/><W130/><G125/><T33/><D33/><U83/><E124/><V59/><F100/><W15/><G72/><N who="0" m="43175" /><D19/><U119/><E119/><V24/><F86/><W123/><G130/><T68/><D41/><U122/><E122/><V89/><F89/><W71/><G50/><T7/><D7/><U8/><E96/><V113/><F76/><W105/><G105/><T30/><D30/><U51/><E38/><V55/><F113/><W112/><G112/><T5/><D5/><U25/><E25/><V47/><REACH who="2" step="1"/><F9/><REACH who="2" ten="250,250,240,250" step="2"/><W109/><G109/><T102/><D115/><U118/><E11/><V39/><F39/><W22/><G123/><T10/><D10/><U28/><E118/><V61/><F61/><W64/><G121/><T35/><D128/><U126/><E126/><V37/><F37/><W48/><G48/><T44/><D103/><U45/><E51/><V135/><F135/><W90/><REACH who="3" step="1"/><G15/><REACH who="3" ten="250,250,240,240" step="2"/><T49/><D49/><U0/><E14/><V129/><F129/><W78/><G78/><T43/><D106/><U6/><E79/><V18/><F18/><AGARI ba="0,2" hai="18,22,26,58,62,63,64,67,71,80,85,90,92,95" machi="18" ten="30,2000,0" yaku="1,1,7,1,53,0" doraHai="70" doraHaiUra="73" who="3" fromWho="2" sc="250,0,250,0,240,-20,240,40" /><INIT seed="1,0,0,1,4,13" ten="250,250,220,280" oya="1" hai0="35,56,113,55,64,27,61,105,59,98,0,37,100" hai1="106,32,85,90,119,57,125,2,8,26,60,92,5" hai2="129,132,7,93,123,116,39,3,96,128,131,47,89" hai3="45,16,63,71,99,15,36,82,11,10,22,79,87"/><U33/><E119/><V134/><F7/><W17/><G99/><T42/><D113/><U102/><E125/><V74/><F3/><W88/><G79/><T118/><D118/><U6/><E6/><V46/><F116/><W54/><G71/><T28/><D0/><U73/><E73/><V67/><F39/><W115/><G115/><T21/><D37/><U49/><E49/><V65/><F74/><W112/><G112/><T40/><REACH who="0" step="1"/><D35/><REACH who="0" ten="240,250,220,280" step="2"/><U75/><E33/><V120/><F123/><W20/><G36/><T29/><D29/><U107/><E32/><V19/><F120/><W68/><G68/><T23/><D23/><U135/><E2/><V81/><F132/><W34/><G34/><T66/><D66/><N who="2" m="25098" /><F134/><W94/><G82/><T30/><D30/><U52/><E135/><V122/><F122/><W18/><G22/><T133/><D133/><U43/><E8/><N who="3" m="3114" /><G63/><AGARI ba="0,1" hai="21,27,28,40,42,55,56,59,61,63,64,98,100,105" machi="63" ten="30,7700,0" yaku="1,1,7,1,53,2" doraHai="13" doraHaiUra="38" who="0" fromWho="3" sc="240,87,250,0,220,0,280,-77" /><INIT seed="2,0,0,0,4,87" ten="327,250,220,203" oya="2" hai0="64,94,6,78,43,3,126,2,80,42,110,135,27" hai1="124,112,55,96,95,41,134,60,66,116,45,32,36" hai2="100,125,114,81,34,39,101,103,121,102,50,16,8" hai3="133,93,54,106,68,19,85,22,51,10,118,79,20"/><V113/><F121/><W0/><G106/><T71/><D110/><U13/><E112/><V21/><F39/><W26/><G68/><T59/><D71/><U77/><E116/><V132/><F125/><W75/><G118/><T108/><D108/><U28/><E134/><V92/><F132/><W97/><G75/><T52/><D64/><U24/><E77/><V83/><F34/><W53/><G133/><T111/><D111/><U35/><E13/><V37/><F37/><W25/><G0/><T90/><D126/><U14/><E14/><V9/><F50/><W62/><G10/><T109/><D135/><U70/><E55/><V29/><F29/><W86/><G62/><T123/><D27/><U23/><REACH who="1" step="1"/><E124/><REACH who="1" ten="327,240,220,203" step="2"/><V12/><F113/><W76/><G76/><T44/><D109/><U105/><E105/><V33/><F114/><W15/><G79/><T115/><D115/><U65/><E65/><V74/><F74/><W82/><G15/><T7/><D2/><U84/><E84/><V17/><F33/><W107/><G107/><T18/><D3/><U117/><E117/><V31/><F9/><W49/><G54/><T61/><D78/><U48/><E48/><V72/><F72/><W47/><G51/><T56/><D52/><U69/><E69/><V99/><REACH who="2" step="1"/><F31/><REACH who="2" ten="327,240,210,203" step="2"/><N who="3" m="17831" /><G82/><T40/><D80/><U104/><E104/><V89/><F89/><AGARI ba="0,2" hai="19,22,26,47,49,53,85,86,89,93,97" m="17831" machi="89" ten="30,2000,0" yaku="8,1,52,1" doraHai="87" who="3" fromWho="2" sc="327,0,240,0,210,-20,203,40" /><AGARI ba="0,0" hai="23,24,28,32,35,36,41,45,60,66,70,89,95,96" machi="89" ten="30,3900,0" yaku="1,1,7,1,52,1,53,0" doraHai="87" doraHaiUra="131" who="1" fromWho="2" sc="327,0,240,39,190,-39,243,0" /><INIT seed="3,0,0,2,0,72" ten="327,279,151,243" oya="3" hai0="9,25,27,124,74,94,80,55,102,129,37,103,52" hai1="97,19,36,101,115,4,54,85,82,26,20,31,58" hai2="123,76,59,30,96,84,71,68,34,29,42,35,45" hai3="66,41,65,135,88,89,60,64,69,67,0,40,61"/><W98/><G135/><T127/><D37/><U46/><E115/><V95/><F123/><W128/><G128/><T44/><D129/><U100/><E4/><V21/><F59/><W105/><G0/><T121/><D121/><U77/><E97/><V83/><F21/><W86/><G60/><T2/><D2/><U17/><E46/><V62/><F30/><W111/><G111/><T12/><D74/><U28/><E36/><V104/><F104/><W90/><REACH who="3" step="1"/><G86/><REACH who="3" ten="327,279,151,233" step="2"/><T73/><D73/><U108/><E108/><V119/><F119/><W91/><N who="3" m="22528" /><DORA hai="43" /><W33/><G33/><T47/><D80/><U126/><E126/><V6/><F62/><W5/><G5/><T78/><D124/><U118/><E118/><V57/><F6/><W93/><G93/><T117/><D127/><U99/><E101/><AGARI ba="0,1" hai="40,41,61,64,65,66,67,69,98,101,105" m="22528" machi="101" ten="60,5800,0" yaku="1,1,54,1,53,0" doraHai="72,43" doraHaiUra="130,48" who="3" fromWho="1" sc="327,0,279,-58,151,0,233,68" /><INIT seed="3,1,0,5,5,94" ten="327,221,151,301" oya="3" hai0="47,5,60,53,127,1,101,93,91,124,36,37,4" hai1="65,86,10,52,105,21,17,16,24,46,39,90,98" hai2="82,11,132,118,125,79,28,48,89,84,129,113,44" hai3="33,25,55,38,128,87,77,112,56,126,14,99,66"/><W9/><G112/><T23/><D101/><U19/><E65/><V88/><F113/><W20/><G33/><T50/><D23/><U61/><E39/><N who="0" m="14921" /><D60/><U72/><E72/><V103/><F118/><W12/><G38/><T110/><D1/><U117/><E117/><V114/><F114/><W85/><G126/><N who="0" m="48171" /><D110/><U40/><E40/><V108/><F108/><W45/><G128/><T96/><AGARI ba="1,0" hai="4,5,47,50,53,91,93,96" m="48171,14921" machi="96" ten="30,2000,0" yaku="18,1,52,1" doraHai="94" who="0" fromWho="0" sc="327,23,221,-6,151,-6,301,-11" /><INIT seed="4,0,0,2,1,61" ten="350,215,145,290" oya="0" hai0="118,132,54,104,110,57,56,117,37,76,115,79,121" hai1="114,89,97,70,68,59,107,75,134,52,21,102,103" hai2="125,100,93,38,130,24,11,19,46,123,63,27,25" hai3="39,15,16,30,51,111,119,31,10,67,135,44,2"/><T48/><D121/><U86/><E75/><V53/><F123/><W17/><G111/><T50/><D104/><U133/><E103/><V99/><F125/><W78/><G119/><T55/><D37/><U1/><E1/><V128/><F38/><W109/><G109/><T18/><D110/><U35/><E35/><V69/><F46/><W33/><G135/><N who="1" m="51722" /><E21/><V96/><F96/><W60/><G39/><T0/><D132/><U36/><E114/><V88/><F100/><W82/><G17/><T42/><D0/><U94/><E36/><V23/><F11/><W77/><G2/><T5/><D18/><U90/><E90/><V95/><F93/><W106/><G106/><T101/><D101/><U49/><AGARI ba="0,0" hai="49,52,59,68,70,86,89,94,97,102,107" m="51722" machi="49" ten="30,2000,0" yaku="20,1,54,1" doraHai="61" who="1" fromWho="1" sc="350,-10,215,20,145,-5,290,-5" /><INIT seed="5,0,0,2,2,63" ten="340,235,140,285" oya="1" hai0="98,55,106,48,23,47,12,56,42,6,82,5,124" hai1="39,66,46,68,105,129,65,79,112,87,8,33,44" hai2="93,109,14,88,134,16,15,10,102,36,49,97,80" hai3="0,128,26,53,38,59,120,57,22,70,125,74,67"/><U135/><E33/><V69/><F134/><W7/><G120/><T71/><D71/><U32/><E32/><V84/><F109/><W127/><G74/><T20/><D124/><U107/><E68/><V2/><F69/><W92/><G128/><T27/><D82/><N who="1" m="47583" /><E107/><V110/><F110/><W35/><G35/><T113/><D113/><U126/><E105/><V9/><F36/><W90/><G38/><T76/><D76/><U64/><E39/><V78/><F2/><W51/><G70/><T100/><D12/><U40/><E40/><V24/><F24/><W72/><G72/><T103/><D103/><U1/><E1/><V52/><F78/><W89/><G7/><T30/><REACH who="0" step="1"/><D23/><REACH who="0" ten="330,235,140,285" step="2"/><U118/><E135/><V75/><F75/><W95/><G0/><T25/><D25/><U96/><E126/><V11/><REACH who="2" step="1"/><F14/><REACH who="2" ten="330,235,130,285" step="2"/><W17/><G125/><T119/><D119/><U101/><E118/><V29/><F29/><W58/><G127/><T34/><D34/><U41/><E129/><V122/><F122/><W21/><G26/><T13/><D13/><U133/><E133/><V18/><F18/><W123/><G17/><T3/><D3/><U114/><E114/><V60/><F60/><AGARI ba="0,2" hai="5,6,20,27,30,42,47,48,55,56,60,98,100,106" machi="60" ten="30,2000,0" yaku="1,1,7,1,53,0" doraHai="63" doraHaiUra="116" who="0" fromWho="2" sc="330,40,235,0,130,-20,285,0" /><INIT seed="6,0,0,1,5,121" ten="370,235,110,285" oya="2" hai0="27,25,131,69,4,111,55,9,39,47,63,48,13" hai1="71,84,123,133,1,22,34,17,20,120,89,85,103" hai2="51,126,26,79,68,61,91,102,8,98,18,62,54" hai3="57,73,70,49,14,45,66,64,40,130,77,115,21"/><V106/><F126/><W23/><G130/><T75/><D111/><U12/><E34/><V33/><F79/><W94/><G70/><T88/><D75/><U128/><E1/><V100/><F100/><W80/><G115/><T38/><D131/><U132/><E128/><V122/><F122/><N who="1" m="46633" /><E71/><V65/><F62/><W93/><G23/><T15/><D15/><U92/><E103/><V117/><F117/><W134/><G134/><N who="1" m="51818" /><E22/><V96/><F8/><W81/><G81/><T28/><D27/><U127/><E127/><V101/><F91/><W43/><G43/><T108/><D88/><U16/><E17/><V56/><F18/><W59/><G66/><T107/><D25/><U60/><E60/><V90/><F90/><W114/><G114/><T7/><D7/><U52/><E52/><V104/><REACH who="2" step="1"/><F26/><REACH who="2" ten="370,235,100,285" step="2"/><W35/><G77/><T124/><D63/><U116/><E116/><V19/><F19/><W29/><G73/><T24/><D24/><U109/><E85/><V6/><F6/><W78/><G78/><T30/><D4/><U105/><E105/><V86/><F86/><W110/><G80/><T99/><D107/><U113/><E113/><V112/><F112/><W74/><G74/><T41/><D124/><U10/><E10/><V97/><F97/><W50/><G93/><T42/><D99/><U95/><E95/><V125/><F125/><W44/><G94/><T11/><D9/><U31/><E31/><V3/><F3/><W82/><G29/><T2/><D28/><U0/><E0/><V5/><F5/><W129/><G82/><T36/><D30/><RYUUKYOKU ba="0,1" sc="370,-15,235,15,100,15,285,-15" hai1="12,16,20,84,89,92,109" hai2="33,51,54,56,61,65,68,96,98,101,102,104,106" /><INIT seed="6,1,1,0,2,70" ten="355,250,115,270" oya="2" hai0="133,33,92,12,63,103,40,91,132,17,18,46,126" hai1="48,79,3,111,109,115,93,94,55,130,47,15,11" hai2="75,83,134,69,117,74,14,25,104,7,19,113,88" hai3="82,23,1,27,5,72,61,41,66,28,32,119,21"/><V62/><F117/><W54/><G119/><T9/><D33/><U108/><E3/><V118/><F118/><W96/><G54/><T98/><D126/><U2/><E2/><V44/><F104/><W59/><G41/><T38/><D63/><U31/><E115/><V76/><F7/><W100/><G5/><N who="0" m="3119" /><D103/><U121/><E130/><V106/><F106/><W116/><G1/><T42/><D42/><U89/><E121/><V6/><F6/><W102/><G116/><T87/><D98/><U122/><E122/><V120/><F120/><W77/><G102/><T112/><D112/><U10/><E79/><V68/><F113/><W128/><G128/><T124/><D124/><U52/><E31/><V105/><F105/><AGARI ba="1,1" hai="21,23,27,28,32,59,61,66,72,77,82,96,100,105" machi="105" ten="30,1000,0" yaku="7,1" doraHai="70" who="3" fromWho="2" sc="355,0,250,0,115,-13,270,23" /><INIT seed="7,0,0,0,5,29" ten="355,250,102,293" oya="3" hai0="112,93,101,122,81,32,127,108,62,20,7,41,87" hai1="26,68,15,80,75,121,28,56,69,95,2,83,82" hai2="30,36,96,117,111,23,90,65,18,59,92,102,132" hai3="24,52,71,72,4,107,11,9,135,25,104,67,64"/><W94/><G135/><T70/><D108/><U99/><E2/><V0/><F111/><W35/><G72/><T118/><D32/><U98/><E75/><V74/><F132/><W34/><G94/><T12/><D122/><U40/><E40/><V19/><F117/><W133/><G133/><T17/><D118/><U63/><E121/><V42/><F0/><W55/><G4/><T49/><D112/><U86/><E15/><V89/><F74/><W131/><G71/><T114/><D114/><U97/><E86/><V14/><F42/><W119/><G119/><T33/><D33/><U85/><E85/><V43/><F43/><W6/><G6/><T76/><D127/><U91/><E69/><V21/><F36/><W46/><G46/><T110/><D110/><U120/><E68/><V109/><F109/><W134/><G134/><T1/><D62/><U129/><E129/><AGARI ba="0,0" hai="9,11,24,25,34,35,52,55,64,67,104,107,129,131" machi="129" ten="25,12000,1" yaku="22,2,52,2,54,1" doraHai="29" who="3" fromWho="1" sc="355,0,250,-120,102,0,293,120" owari="355,15.5,130,-27.0,102,-39.8,413,51.3" /></mjloggm>