<mjloggm ver="2.3"><GO type="169" lobby="0"/><UN n0="%E3%83%A8%E3%83%BC%E3%83%BB%E3%83%9E%E3%82%A4%E3%82%AB" n1="%E3%81%93%E3%81%AB" n2="%58%59%47%59" n3="%E7%9A%AE%E3%80%85" dan="17,16,16,16" rate="2203.82,2141.69,2066.02,2173.24" sx="M,M,M,F"/><TAIKYOKU oya="0"/><INIT seed="0,0,0,1,1,29" ten="250,250,250,250" oya="0" hai0="82,68,1,121,110,12,2,23,112,89,22,98,54" hai1="25,129,58,104,78,17,113,85,108,33,92,51,117" hai2="122,7,18,131,96,107,88,71,21,63,62,38,48" hai3="83,60,55,42,119,6,125,86,8,81,66,90,49"/><T126/><D68/><U95/><E117/><V59/><F122/><W111/><G119/><T43/><D43/><U0/><E104/><V53/><F38/><W79/><G111/><T69/><D69/><U80/><E108/><V19/><F131/><W16/><G125/><T109/><D98/><U106/><E106/><V26/><F7/><W9/><G42/><T87/><D121/><U94/><E129/><V101/><F71/><W127/><G127/><T114/><D126/><U124/><E124/><V50/><F63/><W102/><G102/><T35/><D87/><U93/><E0/><V103/><F103/><W65/><G60/><T116/><D89/><U105/><E105/><V46/><F50/><W57/><G8/><T133/><D116/><U20/><E113/><V27/><F27/><W39/><G39/><T40/><D40/><U44/><N who="1" m="23552" /><DORA hai="14" /><U37/><E37/><V100/><F88/><W10/><G10/><T4/><D54/><U11/><E11/><V118/><F101/><W115/><G115/><T70/><D70/><U3/><E3/><V56/><F118/><W77/><G6/><T135/><D4/><U120/><E120/><V13/><REACH who="2" step="1"/><F62/><REACH who="2" ten="250,250,240,250" step="2"/><W73/><REACH who="3" step="1"/><G90/><REACH who="3" ten="250,250,240,240" step="2"/><T64/><D110/><U36/><E36/><V30/><F30/><W74/><G74/><T132/><D109/><U45/><E51/><V61/><F61/><W52/><G52/><T31/><D31/><U84/><E78/><V41/><F41/><W99/><G99/><T24/><D114/><U91/><E91/><V97/><F97/><W5/><G5/><T123/><D112/><RYUUKYOKU ba="0,2" sc="250,-15,250,-15,240,15,240,15" hai2="13,18,19,21,26,46,48,53,56,59,96,100,107" hai3="9,16,49,55,57,65,66,73,77,79,81,83,86" /><INIT seed="1,1,2,2,1,55" ten="235,235,255,255" oya="1" hai0="73,2,114,54,8,81,97,88,72,13,38,78,132" hai1="135,116,104,100,125,86,11,17,121,96,0,67,117" hai2="94,53,95,80,92,108,59,15,47,85,74,10,62" hai3="22,63,79,115,39,105,32,1,26,82,42,6,51"/><U124/><E67/><V43/><F74/><W107/><G115/><T70/><D114/><U16/><E121/><V37/><F108/><W5/><G32/><T27/><D132/><U110/><E135/><V14/><REACH who="2" step="1"/><F10/><REACH who="2" ten="235,235,245,255" step="2"/><W91/><G1/><T101/><D72/><U19/><E110/><V35/><F35/><W131/><G131/><T61/><D2/><U46/><E11/><V129/><F129/><W126/><G126/><N who="1" m="48746" /><E0/><V98/><F98/><W65/><G5/><T111/><D97/><U66/><E86/><V34/><F34/><W120/><G6/><T90/><D73/><U49/><E66/><V122/><F122/><W103/><G120/><T4/><D8/><U31/><E31/><V40/><F40/><AGARI ba="1,3" hai="16,17,19,40,46,49,96,100,104,116,117" m="48746" machi="40" ten="30,2900,0" yaku="18,1,54,1" doraHai="55" who="1" fromWho="2" sc="235,0,235,62,245,-32,255,0" /><INIT seed="1,2,0,1,3,41" ten="235,297,213,255" oya="1" hai0="124,65,131,19,71,3,123,21,67,128,111,134,48" hai1="25,22,32,122,81,101,84,105,29,17,125,68,42" hai2="118,103,62,31,77,95,6,106,20,8,72,69,130" hai3="53,99,34,117,78,9,28,60,79,91,36,50,116"/><U80/><E122/><V83/><F118/><N who="3" m="45675" /><G36/><T82/><D3/><U135/><E125/><V44/><F130/><N who="0" m="49706" /><D123/><U55/><E135/><V75/><F106/><W74/><G60/><T0/><D0/><U1/><E68/><V129/><F129/><W4/><G74/><T88/><D111/><U114/><E114/><V57/><F69/><W12/><G28/><T107/><D107/><U86/><E42/><V109/><F109/><W54/><G34/><T59/><D71/><U76/><E1/><V120/><F120/><W102/><G91/><T127/><D59/><U92/><E105/><V27/><F75/><W39/><G39/><T15/><D48/><U56/><E101/><V133/><F133/><W94/><G54/><T2/><D2/><U46/><E32/><V13/><F103/><W47/><AGARI ba="2,0" hai="4,9,12,47,50,53,78,79,94,99,102" m="45675" machi="47" ten="30,2000,0" yaku="12,1,52,1" doraHai="41" who="3" fromWho="3" sc="235,-7,297,-12,213,-7,255,26" /><INIT seed="2,0,0,4,0,4" ten="228,285,206,281" oya="2" hai0="59,10,41,95,66,123,88,128,104,135,77,7,3" hai1="51,78,44,124,64,108,115,23,79,21,63,31,18" hai2="118,80,46,90,42,14,52,131,33,129,120,97,103" hai3="49,36,86,116,54,43,112,134,65,6,69,11,98"/><V102/><F118/><W92/><G116/><T19/><D123/><U67/><E115/><V26/><F120/><W113/><G134/><T22/><D135/><U0/><E0/><V119/><F119/><W84/><G43/><T68/><D128/><N who="2" m="49226" /><F33/><W125/><G36/><T93/><D104/><U73/><E73/><V48/><F26/><W99/><G125/><T87/><D68/><U13/><E124/><V15/><F42/><W34/><G34/><T16/><D41/><U27/><E108/><V106/><F102/><W94/><G65/><N who="1" m="25162" /><E63/><V71/><F71/><W91/><G69/><T37/><D37/><U56/><E56/><V132/><F132/><W38/><G38/><T50/><D77/><U109/><E109/><V29/><F29/><W96/><G86/><AGARI ba="0,0" hai="14,15,46,48,52,80,86,90,97,103,106" m="49226" machi="86" ten="30,2900,0" yaku="19,1,54,1" doraHai="4" who="2" fromWho="3" sc="228,0,285,0,206,29,281,-29" /><INIT seed="2,1,0,4,1,78" ten="228,285,235,252" oya="2" hai0="21,46,95,35,118,33,11,30,51,55,0,26,62" hai1="48,131,119,42,77,19,86,100,28,98,4,37,15" hai2="45,36,64,53,24,104,99,130,34,54,116,47,68" hai3="74,23,22,135,83,27,115,107,44,32,61,93,18"/><V72/><F116/><W88/><G107/><T129/><D118/><U114/><E119/><V50/><F72/><W133/><G32/><T87/><D129/><U106/><E131/><V65/><F104/><W38/><G115/><T8/><D35/><U59/><E114/><V85/><F99/><W128/><G128/><T10/><D33/><U5/><E37/><V126/><F130/><W16/><G61/><T71/><D0/><U84/><E28/><V132/><F34/><W41/><G74/><T111/><D111/><U123/><E123/><V101/><F101/><W108/><G108/><T60/><D71/><U69/><E69/><V3/><F3/><W2/><G2/><T63/><D95/><U56/><E56/><N who="2" m="32823" /><F24/><W79/><G79/><T75/><D75/><U49/><E59/><V113/><F85/><AGARI ba="1,0" hai="8,10,11,21,26,30,46,51,55,60,62,63,85,87" machi="85" ten="40,1300,0" yaku="8,1" doraHai="78" who="0" fromWho="2" sc="228,16,285,0,235,-16,252,0" /><INIT seed="3,0,0,5,1,88" ten="244,285,219,252" oya="3" hai0="14,124,62,41,46,58,116,108,79,38,10,99,107" hai1="90,129,11,123,120,20,12,8,50,72,81,64,24" hai2="48,55,29,106,59,134,52,117,15,43,37,33,80" hai3="115,22,125,49,36,91,135,3,87,122,17,65,13"/><W69/><G115/><T126/><D116/><U105/><E105/><V70/><F106/><W66/><G122/><T61/><D108/><U132/><E64/><V53/><F117/><W2/><G36/><T98/><D79/><U31/><E132/><V76/><F134/><W30/><G135/><T104/><D104/><U131/><E50/><V19/><F29/><W27/><G125/><N who="0" m="48235" /><D107/><U77/><E90/><V21/><F33/><W95/><G49/><T4/><D61/><U83/><E81/><V63/><F37/><W102/><G102/><T121/><D121/><U110/><E110/><V0/><F0/><W68/><G66/><AGARI ba="0,0" hai="4,10,14,38,41,46,58,62,66,98,99" m="48235" machi="66" ten="30,1000,0" yaku="18,1" doraHai="88" who="0" fromWho="3" sc="244,10,285,0,219,0,252,-10" /><INIT seed="4,0,0,4,1,19" ten="254,285,219,242" oya="0" hai0="51,108,128,117,133,78,60,125,85,52,13,111,65" hai1="131,23,76,66,112,41,73,50,74,134,79,135,37" hai2="29,98,124,58,67,36,71,88,25,95,100,46,16" hai3="26,116,2,15,7,106,1,96,64,40,97,123,91"/><T102/><D117/><U62/><E37/><V17/><F71/><W109/><G109/><N who="0" m="42059" /><D102/><U89/><E89/><V132/><F132/><W4/><G116/><T121/><D13/><U127/><E127/><V101/><F124/><W115/><G115/><T30/><D30/><U38/><E38/><V90/><F36/><W42/><G123/><T49/><D125/><U53/><E41/><V9/><F46/><W81/><G64/><T80/><D121/><U119/><E119/><V61/><F101/><W92/><G81/><T57/><D133/><U86/><E112/><V6/><F6/><W31/><G106/><T118/><D118/><U5/><E5/><V12/><F17/><W130/><G130/><T0/><D0/><U3/><E131/><V28/><REACH who="2" step="1"/><F29/><REACH who="2" ten="254,285,209,242" step="2"/><W120/><G120/><T14/><D128/><U39/><E39/><V54/><F54/><W107/><G4/><T68/><D14/><U114/><E134/><V72/><F72/><W55/><G55/><T129/><D129/><U110/><E53/><V33/><AGARI ba="0,1" hai="9,12,16,25,28,33,58,61,67,88,90,95,98,100" machi="33" ten="20,8000,1" yaku="1,1,0,1,7,1,54,2,53,0" doraHai="19" doraHaiUra="48" who="2" fromWho="2" sc="254,-40,285,-20,209,90,242,-20" /><INIT seed="5,0,0,3,3,72" ten="214,265,299,222" oya="1" hai0="43,35,16,110,60,26,104,98,106,46,25,124,22" hai1="30,112,59,3,63,28,9,44,91,12,54,19,78" hai2="8,10,133,33,15,62,68,64,128,90,49,101,45" hai3="6,100,120,118,70,13,51,55,65,73,129,38,2"/><U27/><E112/><V21/><F33/><W93/><G120/><T115/><D110/><U71/><E3/><V58/><F128/><W69/><G38/><T20/><D115/><U135/><E135/><V66/><F133/><W88/><G129/><T76/><D124/><U92/><E71/><V77/><F68/><W67/><G2/><T0/><D0/><U109/><E109/><V53/><F101/><W42/><G118/><T75/><D35/><U103/><E103/><V125/><F125/><W132/><G132/><T95/><D60/><U116/><E116/><V7/><F90/><W79/><G100/><N who="0" m="60511" /><D75/><U86/><E27/><V113/><F10/><W96/><G42/><T5/><D5/><U11/><E11/><V80/><F21/><W102/><G102/><T32/><D32/><U56/><E44/><V74/><REACH who="2" step="1"/><F113/><REACH who="2" ten="214,265,289,222" step="2"/><W50/><G69/><T48/><D106/><U29/><E78/><V119/><F119/><W83/><G70/><T97/><D104/><U87/><REACH who="1" step="1"/><E59/><REACH who="1" ten="214,255,289,222" step="2"/><V99/><F99/><AGARI ba="0,2" hai="9,12,19,28,29,30,54,56,63,86,87,91,92,99" machi="99" ten="40,7700,0" yaku="1,1,2,1,8,1,53,0" doraHai="72" doraHaiUra="17" who="1" fromWho="2" sc="214,0,255,97,289,-77,222,0" /><INIT seed="5,1,0,4,0,45" ten="214,352,212,222" oya="1" hai0="31,17,29,88,127,71,93,70,115,97,51,12,21" hai1="84,7,82,107,105,52,22,58,90,1,60,43,20" hai2="117,103,75,122,123,2,33,25,44,10,40,74,119" hai3="13,134,64,28,110,59,87,14,56,37,66,113,68"/><U49/><E20/><V95/><F95/><W65/><G110/><T46/><D115/><U38/><E38/><N who="2" m="21527" /><F103/><W41/><G113/><T5/><D127/><U63/><E22/><V24/><F24/><W34/><G68/><T42/><D71/><U77/><E43/><V50/><F50/><W55/><G134/><T121/><D70/><U15/><E1/><V19/><F19/><W106/><G106/><T26/><D121/><N who="2" m="46090" /><F10/><AGARI ba="1,0" hai="5,10,12,17,21,26,29,31,42,46,51,88,93,97" machi="10" ten="40,5200,0" yaku="8,1,52,1,54,1" doraHai="45" who="0" fromWho="2" sc="214,55,352,0,212,-55,222,0" /><INIT seed="6,0,0,3,1,91" ten="269,352,157,222" oya="2" hai0="112,68,93,101,124,15,3,128,22,86,70,65,69" hai1="118,107,77,113,9,80,41,12,114,117,87,123,131" hai2="33,106,135,19,7,32,109,42,44,116,94,72,49" hai3="61,29,92,81,132,111,66,26,75,53,62,18,43"/><V56/><F116/><W46/><G111/><T126/><D3/><U58/><E107/><V5/><F106/><W99/><G132/><T39/><D39/><U100/><E100/><V48/><F72/><W89/><G18/><N who="0" m="10591" /><D112/><N who="1" m="43115" /><E131/><V108/><F135/><W82/><G53/><T52/><D128/><U16/><E123/><V130/><F130/><W27/><G75/><T1/><D1/><U67/><E41/><V0/><F19/><W8/><G8/><T14/><D14/><U10/><E10/><N who="2" m="2343" /><F7/><W121/><G121/><T74/><D74/><U20/><E9/><V13/><F13/><W21/><G27/><T79/><D52/><U104/><E104/><V4/><F4/><W34/><G34/><T115/><D115/><U105/><E105/><V98/><F56/><N who="3" m="37159" /><G62/><AGARI ba="0,0" hai="12,16,20,58,62,67,77,80,87,117,118" m="43115" machi="62" ten="30,2000,0" yaku="15,1,54,1" doraHai="91" who="1" fromWho="3" sc="269,0,352,20,157,0,222,-20" /><INIT seed="7,0,0,2,2,26" ten="269,372,157,202" oya="3" hai0="32,25,129,65,118,119,28,45,30,38,19,51,124" hai1="29,102,4,2,12,72,107,37,14,87,23,77,20" hai2="125,44,21,111,110,134,83,93,36,133,120,74,104" hai3="56,132,73,50,17,8,79,115,22,121,123,10,117"/><W96/><G117/><N who="0" m="44555" /><D51/><U27/><E37/><V42/><F125/><W113/><G132/><T101/><D101/><U1/><E72/><V34/><F21/><W94/><G79/><T13/><D65/><U5/><E102/><V35/><F93/><W59/><G73/><T99/><D99/><U70/><E87/><V97/><F120/><W130/><G130/><T116/><D45/><U81/><E81/><V68/><F68/><W40/><G40/><T66/><D66/><U92/><E92/><V6/><F6/><W64/><G50/><T43/><D43/><U80/><E80/><V71/><F71/><W127/><G127/><T33/><D38/><U131/><E70/><V76/><F97/><W18/><G64/><T52/><D52/><U39/><E27/><V41/><F41/><W24/><G94/><T55/><D55/><U11/><E11/><V100/><F100/><W63/><G63/><T91/><D91/><U86/><E86/><V89/><F89/><W15/><G24/><N who="0" m="18439" /><D124/><U58/><E58/><V98/><F98/><W88/><G88/><T109/><N who="0" m="44563" /><T61/><DORA hai="106" /><D61/><U85/><E85/><V75/><F104/><W60/><G60/><T16/><D109/><N who="2" m="41482" /><F75/><W128/><G96/><T62/><D62/><U105/><E39/><V95/><F95/><W57/><G123/><T69/><D69/><U48/><E48/><V31/><F31/><W122/><G121/><T49/><D49/><U67/><E29/><V54/><F54/><W0/><G122/><T103/><D103/><U53/><E67/><V47/><F47/><W84/><G84/><RYUUKYOKU ba="0,0" sc="269,-10,372,-10,157,30,202,-10" hai2="34,35,36,42,44,74,76,83,133,134" owari="259,5.9,362,46.2,187,-31.3,192,-20.8" /></mjloggm>