<mjloggm ver="2.3"><GO type="169" lobby="0"/><UN n0="%E3%81%82%E3%81%9F%E3%81%8B%E3%81%AA" n1="%E7%88%86%E7%89%8C%E3%82%A6%E3%82%B7%E3%82%B8%E3%83%9E%E3%81%8F%E3%82%93" n2="%6F%6B%61%62%65%73%68%69" n3="%E3%81%AC%E3%81%AC%E3%81%84%E3%81%AC" dan="17,16,17,16" rate="2204.55,2132.83,2169.43,2074.56" sx="M,M,M,M"/><TAIKYOKU oya="0"/><INIT seed="0,0,0,2,4,118" ten="250,250,250,250" oya="0" hai0="35,94,12,83,101,131,9,127,3,25,117,123,55" hai1="128,14,31,15,119,116,53,126,11,132,70,5,103" hai2="19,27,99,71,125,26,75,93,135,73,91,69,34" hai3="2,90,57,107,28,39,98,81,37,68,64,49,78"/><T23/><D117/><U61/><E103/><V121/><F121/><W67/><G2/><T95/><D127/><U133/><E53/><V87/><F125/><W62/><G90/><T85/><D35/><U124/><E61/><V102/><F135/><W65/><G49/><T33/><D33/><U17/><E70/><V114/><F114/><W24/><G57/><T41/><D3/><U89/><E89/><V134/><F134/><W32/><G65/><T97/><D131/><U120/><E128/><V122/><F122/><W36/><G67/><T82/><D41/><U4/><E11/><V66/><F69/><W105/><REACH who="3" step="1"/><G98/><REACH who="3" ten="250,250,250,240" step="2"/><T72/><D97/><U46/><E46/><V63/><F27/><W22/><G22/><T86/><D23/><U106/><E133/><V51/><F51/><W60/><G60/><T1/><D1/><U13/><E132/><V115/><F115/><W20/><G20/><T112/><D25/><U7/><E119/><V16/><F73/><AGARI ba="0,1" hai="24,28,32,36,37,39,62,64,68,73,78,81,105,107" machi="73" ten="40,8000,1" yaku="1,1,33,3,53,0" doraHai="118" doraHaiUra="80" who="3" fromWho="2" sc="250,0,250,0,250,-80,240,90" /><INIT seed="1,0,0,1,4,41" ten="250,250,170,330" oya="1" hai0="94,10,69,37,28,93,76,47,22,26,128,59,90" hai1="24,27,111,9,95,129,25,132,6,0,36,55,98" hai2="97,83,104,62,48,113,60,100,119,66,12,125,39" hai3="33,115,114,120,21,91,135,49,32,20,78,34,133"/><U58/><E36/><V70/><F119/><W61/><G78/><T72/><D69/><U127/><E127/><V17/><F125/><W134/><G61/><T15/><D128/><U74/><E74/><V42/><F113/><W19/><G91/><T46/><D37/><U126/><E126/><V89/><F60/><W7/><G49/><T87/><D59/><U116/><E116/><V130/><F130/><W8/><G120/><T13/><D13/><U77/><E77/><V101/><F101/><W117/><G117/><T123/><D123/><U53/><E129/><V1/><F1/><N who="3" m="111" /><G21/><T51/><D51/><U67/><E132/><V109/><F109/><W35/><N who="3" m="8192" /><DORA hai="52" /><W122/><G122/><T18/><REACH who="0" step="1"/><D93/><REACH who="0" ten="240,250,170,330" step="2"/><U38/><E38/><V112/><F112/><W75/><G75/><T31/><D31/><U99/><E111/><V131/><F131/><W5/><G5/><T85/><D85/><U96/><REACH who="1" step="1"/><E95/><REACH who="1" ten="240,240,170,330" step="2"/><V63/><F39/><W106/><G106/><T107/><D107/><U80/><E80/><AGARI ba="0,2" hai="10,15,18,22,26,28,46,47,72,76,80,87,90,94" machi="80" ten="40,5200,0" yaku="1,1,52,2,53,0" doraHai="41,52" doraHaiUra="103,121" who="0" fromWho="1" sc="240,72,240,-52,170,0,330,0" /><INIT seed="2,0,0,1,3,28" ten="312,188,170,330" oya="2" hai0="43,46,121,68,45,62,27,110,16,80,83,88,57" hai1="109,124,85,41,42,76,58,101,67,70,113,34,51" hai2="26,125,102,5,128,72,8,22,9,119,23,112,65" hai3="15,1,36,18,87,127,37,106,47,32,82,64,129"/><V25/><F72/><W61/><G106/><T79/><D110/><U0/><E0/><V84/><F102/><W13/><G1/><T19/><D121/><U7/><E7/><V90/><F119/><W123/><G123/><T38/><D68/><U115/><E101/><V2/><F112/><W74/><G74/><T66/><D45/><U75/><E75/><V17/><F125/><W94/><G129/><T71/><D79/><U3/><E3/><V56/><F128/><W108/><G108/><T78/><D78/><U81/><E109/><V14/><F65/><W116/><G94/><T104/><D104/><U21/><E124/><V49/><F23/><W52/><G15/><T131/><D131/><U100/><E100/><V50/><F9/><W105/><G105/><T11/><D71/><U130/><E130/><V39/><F39/><W114/><G114/><N who="1" m="43530" /><E21/><V96/><F96/><W31/><G116/><T73/><D73/><U10/><E10/><V69/><F69/><W134/><G127/><T122/><D122/><U86/><E86/><V54/><REACH who="2" step="1"/><F49/><REACH who="2" ten="312,188,160,330" step="2"/><W55/><G36/><T103/><D103/><U92/><E51/><V133/><F133/><W53/><G37/><T63/><D11/><U98/><E70/><V120/><F120/><W118/><G134/><T89/><D62/><N who="1" m="38359" /><E98/><V33/><F33/><W20/><G32/><T107/><D107/><U4/><E34/><V99/><F99/><W30/><G118/><T91/><REACH who="0" step="1"/><D27/><REACH who="0" ten="302,188,160,330" step="2"/><U132/><E132/><V95/><AGARI ba="0,2" hai="2,5,8,14,17,22,25,26,50,54,56,84,90,95" machi="95" ten="20,18000,2" yaku="1,1,0,1,7,1,25,2,53,1" doraHai="28" doraHaiUra="44" who="2" fromWho="2" sc="302,-60,188,-60,160,200,330,-60" /><INIT seed="2,1,0,4,2,84" ten="242,128,360,270" oya="2" hai0="50,91,67,115,119,47,68,98,110,101,9,126,26" hai1="24,33,112,38,58,109,92,65,118,131,60,66,17" hai2="80,69,57,35,49,128,130,15,120,111,3,21,11" hai3="43,44,13,19,105,72,28,41,129,99,94,64,114"/><V102/><F69/><W20/><G129/><N who="2" m="49769" /><F120/><W18/><G72/><T53/><D115/><U10/><E131/><V30/><F102/><W5/><G114/><T8/><D110/><U52/><E38/><V106/><F106/><W83/><G105/><T23/><D126/><U82/><E112/><V16/><F80/><W85/><G64/><T127/><D127/><U86/><E109/><V93/><F111/><W73/><G73/><T89/><D67/><U104/><E104/><V39/><F39/><W103/><G28/><N who="0" m="17503" /><D68/><U95/><E118/><V46/><F57/><W55/><G5/><T36/><D36/><U134/><E134/><V87/><F35/><W63/><G63/><T81/><D81/><U79/><E33/><V7/><F30/><W27/><G55/><T133/><D133/><U56/><E66/><V62/><F62/><W29/><G44/><T25/><D25/><U71/><E71/><V76/><F76/><W12/><G29/><T75/><D75/><U51/><REACH who="1" step="1"/><E24/><REACH who="1" ten="242,118,360,270" step="2"/><V124/><F124/><W88/><REACH who="3" step="1"/><G27/><REACH who="3" ten="242,118,360,260" step="2"/><T40/><D119/><U74/><E74/><V61/><F61/><W132/><G132/><T122/><D122/><U32/><E32/><V48/><F46/><W108/><G108/><T2/><D47/><U34/><E34/><V113/><F113/><W22/><AGARI ba="1,2" hai="12,13,18,19,20,22,41,43,83,85,88,94,99,103" machi="22" ten="20,12000,2" yaku="1,1,0,1,7,1,9,1,8,1,52,1,54,1,53,0" doraHai="84" doraHaiUra="100" who="3" fromWho="3" sc="242,-31,118,-31,360,-61,260,143" /><INIT seed="3,0,0,4,2,107" ten="211,87,299,403" oya="3" hai0="1,28,47,86,99,128,12,34,85,100,26,87,0" hai1="35,93,78,53,52,121,111,80,77,71,112,133,132" hai2="24,69,103,19,22,48,130,16,122,75,51,81,29" hai3="6,74,31,46,4,79,49,68,43,76,102,120,108"/><W65/><G120/><T45/><D128/><U5/><E121/><V104/><F122/><W97/><G79/><T33/><D33/><U109/><E35/><V8/><F130/><W110/><G31/><T15/><D12/><U27/><E27/><V91/><F69/><W54/><G65/><T125/><D125/><U23/><E23/><V113/><F113/><W66/><G66/><T60/><D15/><U117/><E80/><V59/><F8/><W42/><G68/><T30/><D30/><U118/><E71/><V63/><F103/><W64/><G64/><T38/><D60/><U95/><REACH who="1" step="1"/><E5/><REACH who="1" ten="211,77,299,403" step="2"/><V82/><F82/><N who="3" m="45335" /><G6/><T9/><D26/><U72/><E72/><V11/><F81/><W106/><G4/><T7/><D34/><U123/><E123/><V39/><F75/><W70/><G70/><T90/><D7/><U40/><E40/><V94/><F22/><W96/><G43/><T14/><D14/><U114/><AGARI ba="0,1" hai="52,53,77,78,93,95,109,111,112,114,117,118,132,133" machi="114" ten="25,8000,1" yaku="1,1,0,1,22,2,54,1,53,0" doraHai="107" doraHaiUra="36" who="1" fromWho="1" sc="211,-20,77,90,299,-20,403,-40" /><INIT seed="4,0,0,0,0,54" ten="191,167,279,363" oya="0" hai0="109,33,57,10,122,15,55,12,43,85,101,132,56" hai1="77,20,67,129,32,34,29,48,98,30,84,88,45" hai2="1,68,64,135,26,16,58,95,36,134,47,23,22" hai3="123,66,76,102,127,6,69,86,99,37,81,112,130"/><T87/><D122/><U121/><E121/><V74/><F1/><W0/><G112/><T108/><D33/><U9/><E129/><V93/><F74/><W119/><G127/><T59/><D132/><N who="2" m="50730" /><F68/><W35/><G119/><T19/><D43/><U39/><E39/><V103/><F103/><W41/><G130/><T38/><D38/><U133/><E133/><V97/><F97/><W90/><G35/><T65/><D65/><U24/><E67/><V70/><F70/><W73/><G123/><T105/><D55/><U72/><E98/><V124/><F124/><W118/><G118/><T13/><D101/><U14/><E30/><V89/><F89/><W11/><G66/><T46/><D46/><U7/><E77/><V51/><F36/><W3/><G3/><T49/><D49/><U25/><E25/><N who="2" m="14535" /><F47/><N who="3" m="23983" /><G69/><T71/><D105/><U2/><E72/><V131/><F131/><W28/><G28/><T63/><D63/><U44/><E2/><V21/><F21/><W4/><G102/><T27/><D71/><U115/><E44/><V116/><F116/><W128/><G128/><T5/><D27/><U120/><E115/><V107/><F107/><W126/><G126/><T92/><D92/><N who="1" m="54279" /><E120/><V78/><F78/><W110/><G76/><T62/><D62/><U42/><E34/><V53/><F64/><W82/><G0/><N who="0" m="295" /><D19/><AGARI ba="0,0" hai="19,23,26,51,53,58,93,95" m="14535,50730" machi="19" ten="30,3900,0" yaku="20,1,52,1,54,1" doraHai="54" who="2" fromWho="0" sc="191,-39,167,0,279,39,363,0" /><INIT seed="5,0,0,2,0,101" ten="152,167,318,363" oya="1" hai0="36,89,45,41,121,107,3,78,14,81,83,108,13" hai1="37,124,25,73,64,11,87,77,106,62,17,65,123" hai2="96,113,105,90,1,39,117,111,57,135,66,102,46" hai3="114,74,56,119,42,18,22,4,53,5,49,72,68"/><U12/><E123/><V84/><F117/><W126/><G114/><T86/><D108/><U97/><E37/><V128/><F111/><W58/><G126/><T110/><D110/><U59/><E124/><V43/><F1/><W19/><G68/><T40/><D121/><U82/><E25/><V132/><F113/><W28/><G42/><T130/><D130/><U54/><REACH who="1" step="1"/><E73/><REACH who="1" ten="152,157,318,363" step="2"/><V131/><F128/><W31/><G74/><T125/><D125/><U116/><E116/><V23/><F131/><W118/><G72/><T8/><D3/><U20/><E20/><V95/><F23/><W88/><G22/><T133/><D133/><U70/><E70/><V103/><F132/><W93/><G119/><T99/><D14/><U104/><E104/><V134/><F134/><W63/><G118/><T29/><D13/><U80/><E80/><V6/><F135/><W44/><G28/><T24/><D24/><U85/><E85/><V2/><F105/><W71/><G71/><T109/><D29/><U47/><E47/><V15/><F15/><W91/><G31/><T48/><D109/><U60/><E60/><N who="2" m="38159" /><F84/><W67/><G44/><N who="0" m="25607" /><D81/><U51/><E51/><V32/><F32/><W9/><G49/><T33/><D33/><U129/><E129/><V38/><F38/><W16/><G63/><T7/><D107/><U92/><E92/><V10/><F39/><W0/><G93/><N who="0" m="56751" /><D8/><U112/><E112/><V76/><F46/><W30/><G9/><T34/><D34/><U35/><E35/><V52/><F10/><W120/><G120/><T55/><D36/><U100/><AGARI ba="0,1" hai="11,12,17,54,59,62,64,65,77,82,87,97,100,106" machi="100" ten="30,11700,0" yaku="1,1,5,1,0,1,52,1,53,0" doraHai="101" doraHaiUra="115" who="1" fromWho="1" sc="152,-39,157,127,318,-39,363,-39" /><INIT seed="5,1,0,3,3,11" ten="113,284,279,324" oya="1" hai0="73,128,1,84,89,81,99,24,16,30,42,55,124" hai1="48,37,121,6,43,29,104,133,96,15,107,114,123" hai2="135,90,38,118,13,45,82,7,51,21,92,112,41" hai3="65,35,53,33,113,102,115,127,44,17,4,69,59"/><U62/><E114/><N who="3" m="43530" /><G127/><T58/><D124/><U71/><E37/><V120/><F112/><W79/><G102/><T125/><D125/><U3/><E3/><V39/><F120/><W8/><G79/><T75/><D1/><U132/><E29/><V31/><F118/><W98/><G17/><T74/><D128/><U88/><E48/><V122/><F122/><N who="1" m="46601" /><E43/><V47/><F135/><N who="1" m="51785" /><E62/><V56/><F82/><W131/><G98/><T134/><D42/><U108/><E71/><V85/><F31/><W60/><G44/><T83/><D134/><U18/><E6/><V95/><F95/><W101/><G101/><T77/><D99/><U117/><E117/><V126/><F126/><W119/><G131/><T106/><D106/><U111/><E88/><V76/><F76/><W72/><G119/><T46/><D46/><U50/><E50/><V0/><F0/><N who="3" m="7" /><G65/><T12/><D24/><U34/><E34/><N who="3" m="12810" /><G69/><T27/><D27/><U105/><E96/><V64/><F45/><W86/><G59/><T40/><D40/><U67/><E67/><V129/><F129/><W66/><G60/><T20/><REACH who="0" step="1"/><D30/><REACH who="0" ten="103,284,279,324" step="2"/><U5/><E107/><V49/><F7/><W10/><G66/><T91/><D91/><U110/><E5/><V9/><F64/><W2/><G2/><T87/><D87/><U93/><E105/><V94/><F41/><W23/><G86/><T22/><D22/><N who="1" m="11615" /><E104/><V25/><F47/><W63/><G23/><T28/><D28/><U36/><E36/><V70/><F38/><W80/><G10/><T57/><D57/><U19/><E19/><V52/><F39/><RYUUKYOKU ba="1,1" sc="103,15,284,15,279,-15,324,-15" hai0="12,16,20,55,58,73,74,75,77,81,83,84,89" hai1="93,108,110,111" /><INIT seed="5,2,1,0,5,50" ten="118,299,264,309" oya="1" hai0="18,64,105,78,49,27,111,113,47,71,53,134,22" hai1="76,62,73,5,59,54,93,51,116,28,104,84,44" hai2="23,94,81,35,29,34,118,13,68,70,65,89,46" hai3="7,88,124,100,103,114,127,121,67,97,98,43,36"/><U30/><E116/><V8/><F118/><W92/><G114/><T9/><D113/><U33/><E104/><V38/><F81/><W1/><G67/><T24/><D111/><U119/><E119/><V55/><F65/><W95/><G121/><T87/><D105/><U39/><E39/><V112/><F112/><W108/><G108/><T131/><D134/><U25/><E5/><V86/><F35/><W132/><G132/><T17/><D131/><U37/><E37/><V91/><F34/><W4/><G1/><T128/><D128/><U117/><E117/><V58/><F91/><W66/><G66/><T56/><D71/><U60/><E30/><V42/><F29/><W106/><G43/><T122/><D122/><U61/><E73/><V48/><REACH who="2" step="1"/><F23/><REACH who="2" ten="118,299,254,309" step="2"/><W40/><G88/><T85/><D78/><U45/><E76/><V120/><F120/><W72/><G72/><T77/><D77/><U19/><E28/><V110/><F110/><W2/><G103/><T74/><D74/><U133/><E33/><V6/><AGARI ba="2,2" hai="6,8,13,38,42,46,48,55,58,68,70,86,89,94" machi="6" ten="20,5200,0" yaku="1,1,0,1,7,1,52,1,53,0" doraHai="50" doraHaiUra="79" who="2" fromWho="2" sc="118,-15,299,-28,254,78,309,-15" /><INIT seed="6,0,0,2,3,4" ten="103,271,332,294" oya="2" hai0="135,91,30,62,82,85,116,36,121,21,108,41,7" hai1="93,133,2,122,88,6,80,22,15,128,119,123,70" hai2="112,124,71,97,28,92,117,24,106,77,120,130,102" hai3="49,129,51,44,73,79,64,50,72,40,9,8,58"/><V60/><F120/><N who="1" m="46121" /><E70/><V31/><F117/><W76/><G73/><T46/><D121/><U98/><E119/><V56/><F124/><W74/><G74/><T39/><D116/><U84/><E128/><V32/><F130/><W131/><G129/><T67/><D108/><U126/><E126/><V47/><F112/><W19/><G72/><T103/><D103/><U68/><E68/><V3/><F3/><W45/><G19/><T25/><D135/><U94/><E133/><V33/><F56/><W55/><G131/><T101/><D101/><U69/><E69/><V27/><F92/><W87/><G87/><T66/><D62/><U42/><E42/><V11/><F77/><N who="3" m="29771" /><G64/><T26/><D39/><U57/><E57/><V63/><F47/><N who="3" m="17995" /><G40/><T81/><D81/><U0/><E93/><V43/><F43/><W34/><G34/><T100/><D100/><N who="1" m="60503" /><E6/><V115/><F60/><AGARI ba="0,0" hai="8,9,49,50,51,55,58,60" m="17995,29771" machi="60" ten="30,3900,0" yaku="8,1,52,2" doraHai="4" who="3" fromWho="2" sc="103,0,271,0,332,-39,294,39" /><INIT seed="7,0,0,1,1,114" ten="103,271,293,333" oya="3" hai0="73,27,109,39,69,51,25,107,104,16,19,98,72" hai1="100,57,126,46,36,68,92,21,121,30,132,52,11" hai2="96,129,41,94,110,37,38,102,74,116,6,93,8" hai3="40,118,77,86,5,99,65,105,62,56,90,61,63"/><W22/><G118/><T128/><D39/><U4/><E121/><V50/><F110/><W24/><G5/><T26/><D109/><U88/><E68/><V20/><F129/><W80/><G40/><T12/><D69/><U111/><E111/><V44/><F74/><W58/><G58/><T135/><D128/><U59/><E126/><V91/><F20/><W53/><G53/><T101/><D104/><U33/><E33/><V117/><F37/><W47/><G47/><T71/><D71/><U113/><E113/><V1/><REACH who="2" step="1"/><F38/><REACH who="2" ten="103,271,283,333" step="2"/><W127/><G127/><T60/><D60/><U67/><E132/><V82/><F82/><W35/><G35/><T123/><D135/><U9/><E100/><V130/><F130/><W13/><G13/><T10/><D123/><U23/><E36/><V14/><F14/><W124/><G124/><T108/><D108/><U7/><E46/><V87/><AGARI ba="0,1" hai="1,6,8,41,44,50,87,91,93,94,96,102,116,117" machi="87" ten="20,8000,1" yaku="1,1,0,1,7,1,52,2,53,0" doraHai="114" doraHaiUra="78" who="2" fromWho="2" sc="103,-20,271,-20,283,90,333,-40" owari="83,-41.7,251,-14.9,373,47.3,293,9.3" /></mjloggm>