<mjloggm ver="2.3"><GO type="169" lobby="0"/><UN n0="%E3%83%99%E3%83%AA%E3%83%B3%E3%83%80" n1="%5B%5B%79%75%79%75%5D%5D" n2="%E3%81%9F%E3%81%BE%E5%AD%90" n3="%E6%8E%A2%39" dan="17,16,16,17" rate="2204.69,2137.96,2157.63,2161.71" sx="M,M,M,M"/><TAIKYOKU oya="0"/><INIT seed="0,0,0,2,2,48" ten="250,250,250,250" oya="0" hai0="9,7,2,98,53,36,68,50,39,103,75,134,8" hai1="90,5,35,74,80,123,100,51,92,58,126,17,28" hai2="64,70,115,73,130,122,21,88,116,110,43,54,97" hai3="66,106,4,125,112,56,61,101,85,109,20,32,133"/><T55/><D75/><U108/><E123/><V47/><F122/><W82/><G32/><T34/><D34/><U14/><E108/><V78/><F115/><W93/><G112/><T67/><D134/><U71/><E71/><V15/><F110/><W81/><G109/><T24/><D24/><U63/><E126/><V113/><F113/><W120/><G120/><T10/><D68/><U12/><E5/><V38/><F130/><W104/><G125/><T49/><D67/><U121/><E121/><V95/><F116/><W96/><G133/><T30/><D30/><U84/><E12/><V29/><F78/><W91/><G4/><T16/><D39/><U86/><E74/><V131/><F73/><W117/><G117/><T83/><D83/><U87/><E51/><V69/><F131/><W89/><REACH who="3" step="1"/><G20/><REACH who="3" ten="250,250,250,240" step="2"/><T132/><D132/><U111/><E111/><V1/><F21/><W124/><G124/><T62/><D7/><U23/><E35/><V45/><F1/><W129/><G129/><T52/><D2/><U72/><E28/><V22/><F29/><W46/><G46/><T40/><D36/><U102/><E72/><V11/><F22/><W118/><G118/><T107/><D40/><U94/><E80/><V79/><F47/><W77/><G77/><T31/><D31/><U59/><E92/><V3/><F95/><W99/><G99/><T13/><REACH who="0" step="1"/><D62/><REACH who="0" ten="240,250,250,240" step="2"/><U128/><E128/><V60/><F60/><W114/><G114/><T44/><D44/><U18/><E63/><V41/><F45/><W0/><G0/><T65/><D65/><U37/><E37/><RYUUKYOKU ba="0,2" sc="240,15,250,-15,250,-15,240,15" hai0="8,9,10,13,16,49,50,52,53,55,98,103,107" hai3="56,61,66,81,82,85,89,91,93,96,101,104,106" /><INIT seed="0,1,2,4,4,107" ten="255,235,235,255" oya="0" hai0="65,7,130,118,11,94,51,73,33,70,119,108,77" hai1="114,127,100,9,83,59,42,43,44,46,54,29,0" hai2="8,113,89,6,12,98,90,37,63,75,30,117,104" hai3="15,16,79,121,53,39,106,133,122,1,23,80,123"/><T49/><D33/><U27/><E127/><V5/><F113/><W88/><G133/><T126/><D126/><U34/><E114/><V74/><F37/><W24/><G39/><T96/><D130/><U64/><E64/><V41/><F41/><W84/><G106/><T78/><D108/><U48/><E100/><V20/><F117/><W35/><G1/><T58/><D70/><U128/><E128/><V135/><F135/><W32/><G53/><T93/><D93/><U116/><E116/><V109/><F109/><W110/><G110/><T97/><D97/><U26/><E26/><V132/><F132/><W81/><REACH who="3" step="1"/><G24/><REACH who="3" ten="255,235,235,245" step="2"/><T22/><D118/><U4/><E43/><V87/><F104/><W115/><G115/><T92/><D119/><U131/><E131/><V120/><F120/><W103/><G103/><T18/><D96/><U71/><E42/><V40/><F40/><W10/><G10/><T125/><D11/><U112/><E112/><V13/><F98/><W38/><G38/><T14/><D125/><U101/><E101/><V62/><F8/><W134/><G134/><T56/><D65/><U61/><E71/><V95/><F5/><W50/><G50/><T2/><D51/><U129/><E129/><V99/><F6/><W52/><G52/><T60/><D49/><U19/><E48/><V17/><F12/><W111/><G111/><T68/><D7/><U124/><E124/><V57/><F13/><W25/><G25/><T102/><D14/><U91/><E19/><V82/><F17/><W47/><G47/><T105/><D18/><U36/><E36/><RYUUKYOKU ba="1,3" sc="255,-15,235,15,235,-15,245,15" hai1="0,4,9,27,29,34,44,46,54,59,61,83,91" hai3="15,16,23,32,35,79,80,81,84,88,121,122,123" /><INIT seed="1,2,3,1,2,48" ten="240,250,220,260" oya="1" hai0="100,31,8,121,116,44,108,126,113,119,80,30,35" hai1="17,19,115,24,0,18,67,64,41,59,58,34,27" hai2="29,124,129,92,56,6,90,95,15,12,103,43,10" hai3="21,77,135,109,68,28,47,69,72,111,120,101,14"/><U65/><E0/><V123/><F123/><W22/><G120/><T88/><D121/><U49/><E115/><V46/><F129/><W60/><G101/><T42/><D113/><U73/><E73/><V40/><F124/><W118/><G135/><T50/><D126/><U94/><E94/><V110/><F110/><N who="3" m="41995" /><G118/><T2/><D108/><U78/><E78/><V52/><F29/><W83/><G47/><T86/><D100/><U5/><E5/><V55/><F15/><W89/><G60/><T1/><D35/><U91/><E91/><V98/><F56/><N who="1" m="21545" /><E34/><V62/><F62/><W122/><G122/><T45/><D2/><U9/><E9/><V7/><F7/><W82/><G28/><T128/><D128/><U127/><E127/><V57/><F57/><W112/><G112/><T37/><D8/><U32/><E32/><V23/><F23/><N who="3" m="8715" /><G14/><T104/><D1/><U106/><E106/><V39/><REACH who="2" step="1"/><F43/><REACH who="2" ten="240,250,210,260" step="2"/><W76/><G89/><T63/><D119/><U51/><E41/><V75/><F75/><AGARI ba="2,4" hai="68,69,72,75,76,77,82,83" m="8715,41995" machi="75" ten="30,1000,0" yaku="14,1" doraHai="48" who="3" fromWho="2" sc="240,0,250,0,210,-16,260,56" /><INIT seed="2,0,0,5,3,106" ten="240,250,194,316" oya="2" hai0="77,130,38,93,66,48,60,15,20,86,44,30,7" hai1="85,135,102,21,69,114,47,110,32,94,80,112,35" hai2="8,6,49,115,70,105,103,97,109,111,129,61,2" hai3="39,91,63,131,53,101,100,45,87,23,5,58,56"/><V98/><F115/><W83/><G131/><T81/><D38/><U43/><E69/><V3/><F129/><W68/><G68/><T79/><D130/><U95/><E110/><N who="2" m="41995" /><F49/><W99/><G5/><T31/><D93/><U116/><E116/><V33/><F97/><W117/><G117/><T25/><D7/><U42/><E21/><V24/><F8/><W124/><G124/><T11/><D11/><U78/><E135/><V134/><F6/><W89/><G23/><T17/><D79/><U37/><E43/><V65/><F134/><W40/><G56/><N who="0" m="37127" /><D25/><U107/><E107/><V126/><F126/><W26/><G26/><T71/><D71/><U128/><E128/><V72/><F72/><W76/><G101/><T41/><AGARI ba="0,0" hai="15,17,20,30,31,41,44,48,77,81,86" m="37127" machi="41" ten="30,1100,0" yaku="8,1" doraHai="106" who="0" fromWho="0" sc="240,11,250,-3,194,-5,316,-3" /><INIT seed="3,0,0,4,5,84" ten="251,247,189,313" oya="3" hai0="92,15,79,56,3,81,46,121,82,49,119,16,114" hai1="94,78,17,88,129,26,2,125,19,38,9,69,130" hai2="59,96,61,25,86,122,105,58,71,21,85,100,98" hai3="29,107,54,76,77,93,36,73,23,124,63,31,35"/><W37/><G107/><T90/><D119/><U109/><E69/><V70/><F122/><W41/><G35/><T22/><D114/><U108/><E38/><V55/><F96/><W44/><G37/><T103/><D3/><U40/><E40/><V95/><F105/><W75/><G124/><T13/><D121/><U52/><E78/><V117/><F117/><W12/><G75/><T83/><D103/><U0/><E125/><V97/><F97/><W132/><G132/><T91/><D79/><U99/><E26/><V60/><F70/><W115/><G115/><T30/><D30/><U6/><E52/><V89/><F100/><W24/><G73/><T134/><D134/><U128/><E2/><V87/><F71/><W131/><G31/><T50/><D92/><U32/><E32/><V39/><F39/><W120/><G131/><T47/><D56/><U133/><E133/><V67/><REACH who="2" step="1"/><F85/><REACH who="2" ten="251,247,179,313" step="2"/><W11/><G120/><T33/><D33/><U74/><REACH who="1" step="1"/><E74/><REACH who="1" ten="251,237,179,313" step="2"/><V18/><AGARI ba="0,2" hai="18,21,25,55,58,59,60,61,67,86,87,89,95,98" machi="18" ten="20,16000,3" yaku="1,1,2,1,0,1,7,1,25,2,8,1,52,1,53,0" doraHai="84" doraHaiUra="101" who="2" fromWho="2" sc="251,-40,237,-40,179,180,313,-80" /><INIT seed="4,0,0,1,4,75" ten="211,197,359,233" oya="0" hai0="34,58,12,64,93,20,105,134,1,51,55,7,29" hai1="30,44,62,36,73,109,91,82,100,66,102,59,122" hai2="81,5,53,10,94,22,68,119,79,95,108,115,127" hai3="14,31,11,57,40,0,129,86,49,110,48,84,74"/><T52/><D105/><U96/><E122/><V47/><F108/><W9/><G74/><T24/><D134/><U92/><E109/><V61/><F115/><W117/><G110/><T4/><D1/><U41/><E30/><V13/><F127/><W133/><G117/><T83/><D64/><U126/><REACH who="1" step="1"/><E126/><REACH who="1" ten="211,187,359,233" step="2"/><V6/><F119/><W128/><G31/><T3/><D34/><U104/><E104/><V103/><F5/><W88/><G129/><T116/><D4/><U65/><E65/><V113/><F6/><W131/><G128/><T21/><D116/><U89/><E89/><V39/><F113/><W106/><G88/><T56/><D7/><U97/><E97/><V112/><F112/><W42/><G106/><T135/><D135/><U28/><E28/><V99/><F99/><W45/><G131/><T121/><D121/><U130/><E130/><V71/><F103/><W72/><G133/><T107/><D107/><U37/><E37/><V8/><F39/><W70/><G0/><T76/><D3/><U27/><E27/><V80/><F13/><W32/><G14/><T16/><D93/><U33/><E33/><V23/><F94/><W77/><G32/><T26/><D26/><U85/><E85/><V69/><F95/><W101/><G86/><N who="0" m="48487" /><D55/><U60/><E60/><V43/><F61/><W2/><G2/><T38/><D38/><U125/><E125/><V124/><F124/><W50/><G72/><T114/><D114/><U90/><E90/><V111/><F111/><W18/><G101/><T25/><D25/><U132/><E132/><V123/><F123/><RYUUKYOKU ba="0,1" sc="211,15,187,15,359,-15,233,-15" hai0="12,16,20,21,24,29,51,52,56,58" hai1="36,41,44,59,62,66,73,82,91,92,96,100,102" /><INIT seed="4,1,1,4,0,5" ten="226,202,344,218" oya="0" hai0="77,113,3,124,26,98,87,30,23,10,75,62,21" hai1="37,40,44,49,107,121,68,38,33,90,130,69,0" hai2="65,28,103,84,83,117,6,19,111,43,108,81,57" hai3="99,95,79,114,24,60,64,72,51,41,14,35,50"/><T39/><D39/><U56/><E107/><V104/><F117/><W36/><G36/><N who="1" m="13930" /><E33/><V93/><F43/><W123/><G114/><T128/><D75/><U116/><E0/><V70/><F6/><W76/><G123/><T126/><D113/><U32/><E32/><V25/><F19/><W7/><G72/><T131/><D98/><U55/><E90/><V132/><F132/><W13/><G35/><N who="0" m="20951" /><D62/><N who="1" m="36127" /><E121/><V106/><F70/><N who="1" m="27241" /><E130/><N who="0" m="49705" /><D87/><U101/><E101/><V127/><F84/><W22/><G99/><T135/><D135/><U119/><AGARI ba="1,1" hai="40,44,49,116,119" m="27241,36127,13930" machi="119" ten="40,2700,0" yaku="34,2" doraHai="5" who="1" fromWho="1" sc="226,-14,202,40,344,-8,218,-8" /><INIT seed="5,0,0,3,5,13" ten="212,242,336,210" oya="1" hai0="63,27,87,62,99,39,33,103,47,80,10,91,25" hai1="46,120,18,85,134,88,17,95,2,74,78,112,53" hai2="38,86,35,109,131,92,72,89,21,84,68,3,6" hai3="124,31,83,90,36,26,43,118,73,57,114,113,111"/><U54/><E2/><V122/><F109/><W71/><G71/><T32/><D32/><U105/><E105/><V20/><F72/><W77/><G111/><T8/><D33/><U58/><E120/><V97/><F122/><W121/><G121/><T14/><D39/><U42/><E112/><N who="3" m="43114" /><G124/><T126/><D47/><U15/><E134/><V29/><F38/><W135/><G135/><T19/><D126/><U110/><E110/><V106/><F68/><W49/><G118/><T133/><D133/><U65/><E74/><V44/><F44/><N who="3" m="23655" /><G90/><T28/><D8/><U130/><E78/><V12/><F131/><W102/><G102/><T79/><D79/><U52/><E15/><V59/><F59/><W128/><G128/><T107/><D28/><U4/><E4/><V119/><F119/><W75/><G75/><T55/><D55/><U64/><E130/><V24/><F106/><W22/><G57/><T76/><D91/><U123/><E123/><V104/><F104/><W81/><G81/><T40/><D40/><U16/><E58/><V7/><F3/><W9/><G9/><T101/><D101/><U100/><E100/><V11/><F6/><W61/><G49/><AGARI ba="0,0" hai="16,17,18,42,46,49,52,53,54,64,65,85,88,95" machi="49" ten="40,18000,2" yaku="8,1,52,3,54,3" doraHai="13" who="1" fromWho="3" sc="212,0,242,180,336,0,210,-180" /><INIT seed="5,1,0,4,4,98" ten="212,422,336,30" oya="1" hai0="96,33,6,88,5,27,66,38,78,42,21,23,31" hai1="80,2,114,57,105,126,90,41,40,70,100,123,102" hai2="107,118,71,82,119,116,29,49,1,0,101,109,94" hai3="63,37,61,16,12,14,52,43,17,58,120,110,56"/><U132/><E70/><V35/><F94/><W106/><G110/><T65/><D78/><U115/><E123/><V95/><F95/><W85/><G120/><T108/><D108/><U117/><E105/><V22/><F22/><W60/><G106/><T97/><D38/><U9/><E117/><V133/><F49/><W15/><G85/><T10/><D42/><N who="1" m="16491" /><E57/><V28/><F109/><W125/><G125/><T36/><D36/><U129/><E126/><V62/><F82/><W8/><G8/><T3/><D5/><U34/><E34/><V7/><F133/><W45/><REACH who="3" step="1"/><G63/><REACH who="3" ten="212,422,336,20" step="2"/><T47/><D10/><U91/><E9/><V59/><F107/><W128/><G128/><T51/><D3/><U79/><E2/><V24/><F0/><W53/><AGARI ba="1,1" hai="12,14,15,16,17,37,43,45,52,53,56,58,60,61" machi="53" ten="30,8000,1" yaku="1,1,0,1,9,1,54,2,53,0" doraHai="98" doraHaiUra="67" who="3" fromWho="3" sc="212,-21,422,-41,336,-21,20,93" /><INIT seed="6,0,0,4,5,73" ten="191,381,315,113" oya="2" hai0="51,52,56,127,17,134,105,34,37,90,12,53,119" hai1="50,5,85,124,36,128,87,84,47,0,4,75,9" hai2="57,15,28,3,49,38,83,97,102,59,74,63,98" hai3="41,96,86,112,95,77,11,132,64,30,6,70,79"/><V114/><F3/><W101/><G132/><T68/><D68/><U19/><E36/><V104/><F38/><W46/><G112/><T24/><D37/><U82/><E124/><V54/><F114/><W81/><G30/><T66/><D105/><U103/><E128/><V43/><F28/><W111/><G111/><T108/><D108/><U27/><E103/><V117/><F117/><W106/><G106/><T123/><D123/><U33/><E33/><V55/><F43/><W29/><G29/><T135/><D34/><U80/><E0/><V133/><F133/><N who="0" m="50698" /><D127/><U88/><E75/><V115/><F115/><W61/><G41/><T14/><D66/><U126/><E85/><V44/><F97/><W67/><G67/><T20/><D119/><U45/><E45/><V116/><F116/><W35/><G35/><T26/><D26/><U110/><E110/><V76/><REACH who="2" step="1"/><F15/><REACH who="2" ten="191,381,305,113" step="2"/><W40/><G40/><T23/><D12/><N who="1" m="7567" /><E126/><V94/><F94/><W91/><REACH who="3" step="1"/><G46/><AGARI ba="0,1" hai="44,46,49,54,55,57,59,63,74,76,83,98,102,104" machi="46" ten="40,3900,0" yaku="1,1,52,1,53,0" doraHai="73" doraHaiUra="120" who="2" fromWho="3" sc="191,0,381,0,305,49,113,-39" /><INIT seed="6,1,0,0,2,89" ten="191,381,354,74" oya="2" hai0="67,57,119,52,49,14,110,88,134,111,76,21,68" hai1="29,26,107,58,9,5,74,104,121,103,43,31,20" hai2="4,54,133,127,124,93,118,61,125,96,64,0,53" hai3="99,10,33,73,13,41,8,114,69,109,1,91,15"/><V34/><F118/><W82/><G109/><T32/><D32/><U63/><E74/><V2/><F34/><W123/><G123/><T38/><D76/><U86/><E121/><V19/><F133/><W22/><G69/><T66/><D134/><U40/><E31/><V131/><F131/><W129/><G33/><T16/><D119/><U7/><E86/><V37/><F37/><W92/><G129/><T122/><D122/><U35/><E35/><V42/><F42/><W90/><G114/><T81/><D38/><U48/><E104/><V130/><F19/><W12/><G22/><T115/><D115/><U105/><E105/><V17/><F17/><W83/><G1/><N who="2" m="617" /><F4/><W102/><G41/><T25/><D68/><U126/><E126/><N who="2" m="32259" /><V84/><DORA hai="60" /><F84/><W50/><G50/><T27/><D111/><U77/><E77/><V24/><F24/><N who="0" m="9290" /><D110/><U95/><E107/><V56/><F130/><W113/><G113/><T98/><D81/><U79/><E79/><V44/><F44/><W30/><G30/><T100/><D100/><AGARI ba="1,0" hai="53,54,56,61,64,93,96,100" m="32259,617" machi="100" ten="40,7700,0" yaku="18,1,52,2" doraHai="89,60" who="2" fromWho="0" sc="191,-80,381,0,354,80,74,0" /><INIT seed="6,2,0,4,0,36" ten="111,381,434,74" oya="2" hai0="76,93,0,77,38,121,94,104,112,59,75,12,24" hai1="57,130,65,123,62,117,45,41,129,95,87,71,97" hai2="108,18,15,99,135,54,101,72,64,116,98,131,10" hai3="29,85,21,43,22,11,114,106,48,89,6,49,63"/><V119/><F72/><W92/><G106/><T90/><D0/><U31/><E117/><V33/><F131/><W91/><G114/><T120/><D38/><U73/><E73/><V40/><F135/><W122/><G122/><T53/><D104/><U4/><E123/><V17/><F108/><W32/><G32/><T84/><D112/><U127/><E127/><V113/><F113/><W55/><G63/><T83/><D77/><U134/><E134/><V5/><F33/><W124/><G124/><T14/><D24/><U35/><E4/><V7/><F64/><W1/><G29/><T96/><D121/><U56/><E87/><V27/><F54/><W9/><G9/><T51/><D120/><U37/><E31/><V44/><F5/><W78/><G78/><T80/><D83/><U26/><E26/><V118/><F27/><W74/><G91/><AGARI ba="2,0" hai="12,14,51,53,59,75,76,80,84,90,91,93,94,96" machi="91" ten="30,1000,0" yaku="7,1" doraHai="36" who="0" fromWho="3" sc="111,16,381,0,434,0,74,-16" /><INIT seed="7,0,0,1,5,5" ten="127,381,434,58" oya="3" hai0="79,91,124,2,49,6,45,119,9,132,3,54,60" hai1="19,111,10,93,50,75,7,56,115,125,98,35,53" hai2="92,68,82,41,39,42,102,120,16,78,94,101,131" hai3="11,76,129,0,26,58,80,52,62,65,85,32,20"/><W17/><G129/><T28/><D119/><U37/><E37/><V25/><F68/><W38/><G38/><T81/><D132/><U128/><E75/><V18/><F131/><W12/><G0/><T66/><D124/><U114/><E128/><V57/><F120/><W135/><G135/><T87/><D28/><U51/><E111/><V107/><F107/><W71/><G32/><T63/><D3/><U69/><E69/><V44/><F57/><W27/><REACH who="3" step="1"/><G20/><REACH who="3" ten="127,381,434,48" step="2"/><T73/><D66/><U121/><E35/><V90/><F39/><W112/><G112/><T96/><D96/><U109/><E114/><V123/><F123/><W8/><G8/><T59/><D45/><U106/><E121/><V36/><F44/><W108/><G108/><T117/><D117/><U48/><E109/><V33/><F36/><W130/><G130/><T64/><D64/><U46/><E115/><V29/><F33/><W99/><G99/><T47/><D47/><U88/><E46/><V116/><F116/><W61/><AGARI ba="0,1" hai="11,12,17,26,27,52,58,61,62,65,71,76,80,85" machi="61" ten="20,12000,1" yaku="1,1,0,1,7,1,52,1,54,1,53,0" doraHai="5" doraHaiUra="97" who="3" fromWho="3" sc="127,-40,381,-40,434,-40,48,130" /><INIT seed="7,1,0,1,0,39" ten="87,341,394,178" oya="3" hai0="99,34,8,51,6,12,74,102,121,49,92,123,30" hai1="13,122,107,54,133,20,53,110,114,16,124,25,83" hai2="132,64,18,108,26,61,104,68,57,115,37,32,85" hai3="91,86,96,80,79,82,21,127,118,3,134,112,119"/><W36/><G36/><T69/><D74/><U95/><E107/><V4/><F108/><W46/><G46/><T109/><D109/><U55/><E110/><V111/><F111/><W27/><G3/><T45/><D69/><U105/><E105/><V103/><F37/><W93/><G112/><T100/><D100/><U15/><E122/><V43/><F43/><W56/><G127/><T71/><D71/><U9/><E114/><V128/><F115/><W24/><G134/><T125/><D125/><U89/><E133/><V126/><F126/><W14/><G80/><T73/><D73/><U2/><E2/><V42/><F42/><W52/><G14/><T35/><D51/><U70/><E70/><V41/><F41/><W76/><G76/><T29/><D35/><U72/><E124/><V50/><F4/><W101/><G101/><T131/><D131/><U31/><E72/><V97/><F132/><W11/><G11/><T38/><D38/><U0/><E83/><V78/><F18/><N who="3" m="12343" /><G27/><T113/><D113/><U33/><E0/><V106/><F106/><W60/><AGARI ba="1,0" hai="52,56,60,79,82,86,91,93,96,118,119" m="12343" machi="60" ten="30,3000,0" yaku="25,1,54,1" doraHai="39" who="3" fromWho="3" sc="87,-11,341,-11,394,-11,178,33" /><INIT seed="7,2,0,1,5,110" ten="76,330,383,211" oya="3" hai0="53,104,65,124,112,28,48,107,121,105,77,51,83" hai1="135,120,49,115,50,80,66,43,30,62,27,78,123" hai2="21,58,86,75,40,84,95,69,45,41,76,22,94" hai3="32,90,18,35,63,11,6,81,15,129,29,12,122"/><W9/><G122/><T2/><D121/><U17/><E135/><V100/><F69/><W97/><G129/><T74/><D2/><U38/><E38/><V93/><F75/><W0/><G63/><T106/><N who="0" m="26624" /><DORA hai="109" /><T134/><D134/><U56/><E17/><V57/><F100/><W36/><G36/><T3/><D3/><U87/><E50/><V133/><F133/><W33/><G97/><T79/><D124/><U116/><E116/><V71/><F71/><W132/><G90/><T23/><D65/><U55/><E43/><V127/><F127/><W8/><G81/><T64/><D64/><U82/><E82/><V68/><F68/><W46/><G46/><T101/><D101/><U103/><E115/><V125/><F125/><W5/><G132/><T59/><D79/><U61/><E61/><V47/><F93/><W60/><G60/><T85/><D48/><U10/><E10/><V108/><F108/><W92/><G92/><T73/><D73/><U117/><E117/><V89/><F89/><W111/><G111/><T119/><D74/><U39/><E39/><V118/><F76/><W99/><G99/><T131/><D131/><U42/><E42/><V19/><F19/><W1/><G1/><T13/><D119/><AGARI ba="2,0" hai="21,22,40,41,45,47,57,58,84,86,94,95,118,119" machi="119" ten="25,1600,0" yaku="22,2" doraHai="110,109" who="2" fromWho="0" sc="76,-22,330,0,383,22,211,0" owari="54,-44.6,330,13.0,405,50.5,211,-18.9" /></mjloggm>