<mjloggm ver="2.3"><GO type="169" lobby="0"/><UN n0="%6F%67%75%6B%65%6E" n1="%E3%81%9B%E3%81%A9%E3%81%AA%E3%82%8A%E3%81%82%E3%82%93" n2="%E6%B2%B3%E7%AB%A5%E3%81%AE%E3%83%AF%E3%82%AB%E3%83%9E%E3%83%84" n3="%E3%81%BD%E3%81%A3%E3%81%91%E3%81%95%E3%82%93" dan="16,17,17,16" rate="2151.86,2200.93,2199.82,2161.22" sx="M,F,M,M"/><TAIKYOKU oya="0"/><INIT seed="0,0,0,5,4,113" ten="250,250,250,250" oya="0" hai0="40,35,51,19,37,132,90,63,42,53,54,134,15" hai1="105,109,133,41,11,39,68,66,124,69,30,92,62" hai2="3,88,77,18,32,46,94,8,112,2,96,44,16" hai3="72,75,98,38,89,111,21,102,114,106,67,14,59"/><T100/><D35/><U9/><E105/><V55/><F112/><W83/><G38/><T31/><D31/><U128/><E69/><V71/><F71/><W129/><G114/><T4/><D4/><U125/><E109/><V103/><F32/><W79/><G111/><T23/><D100/><U1/><E30/><V87/><F77/><W49/><G129/><T86/><D37/><U57/><E128/><V81/><F46/><W84/><G21/><T80/><D63/><U33/><E33/><V82/><F82/><W135/><G135/><N who="0" m="51755" /><D54/><U65/><E133/><V12/><F18/><W47/><G14/><T29/><D29/><U61/><E92/><V122/><F122/><W73/><G67/><T95/><D80/><U117/><E1/><V48/><AGARI ba="0,0" hai="2,3,8,12,16,44,48,55,81,87,88,94,96,103" machi="48" ten="30,8000,1" yaku="0,1,25,2,54,2" doraHai="113" who="2" fromWho="2" sc="250,-40,250,-20,250,80,250,-20" /><INIT seed="1,0,0,0,0,25" ten="210,230,330,230" oya="1" hai0="62,115,51,49,27,71,85,123,66,3,69,30,50" hai1="130,70,100,90,57,19,10,26,63,7,108,129,52" hai2="131,14,110,29,2,73,37,44,59,118,84,97,60" hai3="104,39,45,56,12,116,114,89,125,74,93,23,127"/><U81/><E100/><V119/><F2/><W132/><G104/><T86/><D115/><U8/><E70/><V105/><F73/><W0/><G0/><T38/><D38/><U16/><E108/><V107/><F110/><W94/><G74/><T55/><D3/><U78/><E90/><V43/><F131/><N who="1" m="50185" /><E26/><V42/><F42/><W31/><G114/><T133/><D133/><U77/><E8/><V67/><F105/><W88/><G116/><T28/><D123/><U32/><E32/><V33/><F107/><W36/><G56/><T82/><D71/><U80/><E7/><V91/><F97/><W99/><G132/><T113/><D113/><U65/><E65/><V72/><F72/><W101/><G101/><T21/><D86/><N who="1" m="48399" /><E10/><V4/><F14/><W79/><G79/><T121/><D121/><U61/><E61/><V96/><F4/><W102/><G102/><T109/><D109/><U15/><E15/><V75/><F96/><N who="3" m="57383" /><G12/><T64/><D64/><U58/><E58/><V126/><F75/><AGARI ba="0,0" hai="16,19,52,57,63,75,78,81" m="48399,50185" machi="75" ten="30,5800,0" yaku="19,1,54,2" doraHai="25" who="1" fromWho="2" sc="210,0,230,58,330,-58,230,0" /><INIT seed="1,1,0,3,3,6" ten="210,288,272,230" oya="1" hai0="31,20,66,100,60,18,124,57,91,114,63,135,115" hai1="55,134,50,122,73,28,89,44,0,85,126,87,61" hai2="1,3,54,7,88,16,41,59,105,97,21,15,98" hai3="112,38,52,117,22,78,43,103,62,116,79,5,32"/><U99/><E122/><V8/><F41/><W39/><G32/><T25/><D135/><U17/><E73/><V121/><F121/><W74/><G112/><T56/><D124/><U118/><E118/><V27/><F105/><W129/><G129/><T48/><D48/><U71/><E0/><V68/><F68/><W49/><G62/><T123/><D123/><U29/><E126/><V34/><F34/><W53/><G103/><T37/><D37/><U77/><E134/><V82/><F98/><W24/><G5/><T33/><D100/><U30/><E77/><V130/><F130/><W132/><G132/><T109/><D91/><U113/><E113/><V90/><F90/><W4/><G4/><T107/><D107/><U81/><E87/><V110/><F110/><W104/><G104/><T93/><D93/><U40/><E99/><V96/><F96/><W69/><G69/><T19/><D109/><U47/><E17/><V119/><F119/><N who="3" m="45643" /><G53/><T128/><D128/><U45/><REACH who="1" step="1"/><E71/><REACH who="1" ten="210,278,272,230" step="2"/><V92/><REACH who="2" step="1"/><F82/><REACH who="2" ten="210,278,262,230" step="2"/><W131/><G131/><T84/><D115/><U9/><E9/><V75/><F75/><W14/><G74/><T70/><D114/><U102/><E102/><V35/><F35/><W42/><G79/><T46/><D33/><U95/><E95/><V133/><F133/><W86/><G78/><T36/><D70/><U80/><E80/><V120/><F120/><W83/><G83/><T106/><D106/><U23/><E23/><V13/><F13/><W11/><G14/><T108/><D20/><U72/><E72/><V2/><F2/><W76/><G22/><RYUUKYOKU ba="1,2" sc="210,-15,278,15,262,15,230,-15" hai1="28,29,30,40,44,45,47,50,55,61,81,85,89" hai2="1,3,7,8,15,16,21,27,54,59,88,92,97" /><INIT seed="1,2,2,1,3,79" ten="195,293,277,215" oya="1" hai0="127,1,103,8,74,133,121,59,69,117,49,80,45" hai1="14,51,126,43,132,13,5,38,72,125,94,3,134" hai2="41,100,88,6,9,70,97,120,122,24,98,30,128" hai3="50,44,63,10,34,64,96,99,124,87,15,129,131"/><U114/><E114/><V102/><F70/><W67/><G34/><T52/><D117/><U61/><E38/><V76/><F41/><W40/><G124/><N who="1" m="47722" /><E72/><V29/><F76/><W25/><G25/><T66/><D127/><U93/><E3/><V73/><F73/><W81/><G129/><T57/><D103/><U62/><E43/><V130/><F9/><W115/><G115/><T21/><D133/><N who="1" m="51307" /><E51/><V16/><F24/><W47/><G131/><T90/><D121/><U19/><E5/><V42/><F42/><W109/><G47/><T116/><D116/><U60/><E19/><V111/><F6/><N who="3" m="3543" /><G109/><T92/><D1/><U135/><E135/><V54/><F111/><W56/><G67/><T84/><D74/><U107/><E107/><V26/><F54/><W2/><G2/><T113/><D113/><U89/><E89/><AGARI ba="2,2" hai="40,44,50,56,63,64,81,87,89,96,99" m="3543" machi="89" ten="30,2000,0" yaku="8,1,52,1" doraHai="79" who="3" fromWho="1" sc="195,0,293,-26,277,0,215,46" /><INIT seed="2,0,0,4,2,27" ten="195,267,277,261" oya="2" hai0="109,22,59,6,56,8,83,37,48,73,70,63,54" hai1="88,28,16,128,58,34,74,125,47,84,122,41,99" hai2="39,106,113,50,3,12,52,45,126,71,86,124,96" hai3="17,123,2,49,75,119,101,130,23,35,53,116,114"/><V93/><F3/><W90/><G123/><T117/><D109/><U108/><E74/><V36/><F113/><W121/><G121/><T87/><D117/><U80/><E122/><V24/><F71/><W11/><G35/><T135/><D135/><U43/><E108/><V14/><F106/><W15/><G75/><T38/><D73/><U69/><E69/><V66/><F66/><W44/><G130/><T13/><D22/><U5/><E5/><V85/><F24/><W31/><G101/><T20/><D20/><U4/><E4/><V97/><F93/><W68/><G68/><T78/><REACH who="0" step="1"/><D70/><REACH who="0" ten="185,267,277,261" step="2"/><U33/><E33/><V60/><F124/><W133/><G133/><T103/><D103/><U110/><E110/><V10/><F126/><W115/><G116/><T131/><D131/><U76/><E128/><V30/><F10/><W95/><G119/><T77/><D77/><U65/><E125/><V91/><F91/><W118/><G118/><T129/><D129/><U102/><E76/><V100/><F100/><W105/><G115/><T7/><D7/><U1/><E34/><V26/><F12/><W127/><G114/><T18/><D18/><U132/><E16/><V46/><F14/><W9/><G127/><T0/><D0/><U79/><E1/><V72/><F72/><W19/><G2/><T21/><D21/><U112/><E132/><V62/><F26/><N who="3" m="16863" /><G17/><T81/><D81/><N who="1" m="49167" /><E102/><V67/><F67/><AGARI ba="0,1" hai="6,8,13,37,38,48,54,56,59,63,67,78,83,87" machi="67" ten="30,2000,0" yaku="1,1,7,1,53,0" doraHai="27" doraHaiUra="134" who="0" fromWho="2" sc="185,30,267,0,277,-20,261,0" /><INIT seed="3,0,0,1,5,13" ten="215,267,257,261" oya="3" hai0="93,104,2,113,90,36,11,57,130,33,101,110,7" hai1="116,89,85,28,29,35,38,86,114,106,5,27,81" hai2="44,117,100,50,75,123,119,65,58,51,131,115,72" hai3="83,118,41,26,64,71,80,134,52,49,103,21,99"/><W16/><G118/><T129/><D33/><U108/><E114/><V18/><F115/><W63/><G41/><T95/><D113/><U62/><E38/><V34/><F34/><W125/><G134/><T97/><D36/><U76/><E108/><V69/><F69/><W112/><G125/><T43/><D43/><U61/><E106/><V107/><F131/><N who="0" m="50186" /><D110/><U73/><E29/><V17/><F123/><W124/><G124/><T6/><D6/><U78/><E116/><V91/><F91/><W9/><G9/><T45/><D45/><U66/><E76/><V122/><F122/><W23/><G23/><T94/><D57/><U56/><E5/><V92/><F92/><W135/><G135/><T39/><D39/><U96/><E62/><V53/><F100/><W14/><G26/><T30/><D30/><U105/><REACH who="1" step="1"/><E89/><AGARI ba="0,0" hai="2,7,11,89,90,93,94,95,97,101,104" m="50186" machi="89" ten="30,1000,0" yaku="19,1" doraHai="13" who="0" fromWho="1" sc="215,10,267,-10,257,0,261,0" /><INIT seed="4,0,0,1,2,132" ten="225,257,257,261" oya="0" hai0="82,99,126,65,14,100,42,96,118,49,41,11,15" hai1="7,71,60,134,18,94,120,115,90,57,43,88,39" hai2="6,9,79,106,125,48,83,91,25,34,122,54,24" hai3="121,97,56,66,95,87,45,114,89,123,12,107,35"/><T127/><D118/><U4/><E120/><N who="3" m="46154" /><G35/><T59/><D82/><U28/><E71/><V67/><F122/><W2/><G2/><T29/><D29/><U73/><E73/><V74/><F106/><W30/><G30/><T33/><D33/><U16/><E134/><V23/><F34/><W78/><G45/><T50/><D65/><U133/><E133/><V8/><F67/><W101/><G114/><T27/><D27/><U105/><E105/><V76/><F76/><W1/><G1/><T70/><D70/><U129/><E129/><V63/><F63/><N who="3" m="38247" /><G12/><N who="0" m="4651" /><D11/><U19/><E28/><V68/><F9/><W131/><G78/><T3/><D3/><U128/><E128/><AGARI ba="0,0" hai="87,89,95,97,101,107,128,131" m="38247,46154" machi="128" ten="30,1000,0" yaku="13,1" doraHai="132" who="3" fromWho="1" sc="225,0,257,-10,257,0,261,10" /><INIT seed="5,0,0,5,3,29" ten="225,247,257,271" oya="1" hai0="50,70,134,101,55,121,93,60,129,117,115,6,69" hai1="46,7,133,38,123,119,18,113,120,21,0,116,86" hai2="79,131,12,4,28,118,132,135,66,13,54,130,107" hai3="105,2,48,76,25,63,110,99,45,33,58,37,61"/><U85/><E38/><V78/><F118/><N who="1" m="45097" /><E46/><V127/><F107/><W100/><G2/><T94/><D117/><U68/><E68/><V57/><F66/><W51/><G110/><T43/><D6/><U91/><E91/><V102/><F102/><W49/><G76/><N who="2" m="29225" /><F28/><W72/><G72/><T47/><D101/><U90/><E90/><V56/><F127/><W35/><G25/><T125/><D94/><U64/><E86/><V96/><F96/><W75/><G75/><T36/><D93/><U5/><E85/><V124/><F124/><W111/><G111/><T42/><D125/><U104/><E64/><V80/><F80/><W26/><G26/><T15/><D70/><U53/><E53/><V95/><F95/><W31/><G31/><T1/><D55/><U20/><E104/><V71/><F71/><W44/><G63/><T106/><D60/><U17/><E113/><V8/><F13/><W122/><G122/><N who="1" m="46634" /><E133/><N who="2" m="51275" /><F57/><W34/><REACH who="3" step="1"/><G37/><REACH who="3" ten="225,247,257,261" step="2"/><T19/><D36/><U108/><E108/><V88/><F131/><W82/><G82/><T10/><D129/><U98/><E0/><V23/><F130/><W41/><G41/><T74/><D43/><U30/><E30/><V87/><F54/><AGARI ba="0,1" hai="33,34,35,44,45,48,49,51,54,58,61,99,100,105" machi="54" ten="50,8000,1" yaku="1,1,52,3,53,1" doraHai="29" doraHaiUra="52" who="3" fromWho="2" sc="225,0,247,0,257,-80,261,90" /><INIT seed="6,0,0,3,2,33" ten="225,247,177,351" oya="2" hai0="52,64,67,107,62,72,68,92,105,42,74,125,55" hai1="110,66,43,118,35,12,103,119,123,40,77,3,134" hai2="69,108,111,102,104,81,2,65,106,71,54,113,126" hai3="14,85,63,36,23,61,87,30,25,80,59,84,83"/><V29/><F113/><W90/><G36/><T19/><D125/><U98/><E110/><N who="2" m="42027" /><F126/><W120/><G120/><T135/><D135/><U6/><E35/><V114/><F114/><W44/><G44/><T88/><D42/><U133/><E77/><V27/><F54/><W48/><G14/><T21/><D67/><U0/><E66/><V96/><F104/><W22/><G22/><T32/><D32/><U37/><E12/><V7/><F81/><N who="3" m="31307" /><G90/><T24/><D107/><N who="1" m="63991" /><E6/><V46/><F46/><W122/><G122/><T9/><D105/><U41/><E37/><V53/><F53/><AGARI ba="0,0" hai="23,25,30,48,53,59,61,63,84,85,87" m="31307" machi="53" ten="30,1000,0" yaku="8,1" doraHai="33" who="3" fromWho="2" sc="225,0,247,0,177,-10,351,10" /><INIT seed="7,0,0,5,5,123" ten="225,247,167,361" oya="3" hai0="134,52,63,67,9,78,116,69,47,41,11,113,62" hai1="43,112,87,57,25,68,54,72,65,39,22,14,44" hai2="92,127,118,20,28,96,99,18,119,95,120,10,51" hai3="56,12,131,15,17,84,111,110,45,121,79,8,82"/><W26/><G121/><T98/><D116/><U77/><E72/><V85/><F120/><W70/><G70/><T74/><D134/><U13/><E112/><V3/><F127/><W59/><G131/><T30/><D113/><U81/><E65/><V132/><F132/><W46/><G26/><T108/><D30/><U133/><E68/><V31/><F85/><W129/><G129/><T37/><D98/><U91/><E77/><V114/><F114/><W33/><G33/><T90/><D90/><U36/><E36/><V1/><F20/><W61/><G15/><T124/><D124/><U88/><E91/><V103/><F18/><W38/><G59/><T29/><D29/><U128/><E128/><V4/><F51/><W117/><G117/><T5/><D5/><U86/><E86/><V80/><F4/><W66/><G38/><T105/><D105/><U94/><E94/><V101/><REACH who="2" step="1"/><F80/><REACH who="2" ten="225,247,157,361" step="2"/><W7/><G7/><T115/><D115/><U102/><E133/><V100/><F100/><W60/><G84/><T122/><D122/><U32/><E102/><V42/><F42/><W58/><G82/><T97/><D41/><U89/><E89/><V23/><F23/><W16/><G79/><T48/><D78/><U107/><E22/><V83/><F83/><W135/><G135/><T76/><D76/><U19/><E88/><V75/><F75/><W71/><G17/><T35/><D74/><U34/><E19/><V130/><F130/><W2/><G16/><T106/><D37/><U126/><E87/><V125/><F125/><W40/><G40/><T6/><D6/><RYUUKYOKU ba="0,1" sc="225,-10,247,-10,157,30,361,-10" hai2="1,3,10,28,31,92,95,96,99,101,103,118,119" owari="215,-18.5,237,3.7,187,-31.3,361,46.1" /></mjloggm>