<mjloggm ver="2.3"><GO type="169" lobby="0"/><UN n0="%E8%B5%A4%E7%BE%8E%E6%BF%83%E3%81%BE%E3%81%90%E3%82%8D" n1="%E3%81%95%E3%81%8F%E3%82%88%E3%81%93%E3%81%A1%E3%82%83%E3%82%93" n2="%E3%81%82%E3%81%95%E3%81%B4%E3%82%93%EF%BC%A0%EF%BD%8D%EF%BD%8A" n3="%5B%5B%79%75%79%75%5D%5D" dan="17,16,18,16" rate="2222.47,2078.78,2284.92,2155.36" sx="M,M,M,M"/><TAIKYOKU oya="0"/><INIT seed="0,0,0,4,4,21" ten="250,250,250,250" oya="0" hai0="112,33,63,58,73,56,80,47,101,41,46,77,97" hai1="11,92,110,103,96,43,64,29,57,1,44,12,134" hai2="40,10,52,74,38,48,94,100,2,20,18,55,70" hai3="120,65,28,129,54,62,90,95,32,119,130,51,36"/><T107/><D112/><U61/><E110/><V86/><F74/><W13/><G119/><T85/><D33/><U128/><E128/><V118/><F70/><W9/><G36/><T5/><D47/><U3/><E134/><V26/><F38/><W34/><G120/><T115/><D115/><U23/><E44/><N who="2" m="25607" /><F2/><W111/><G111/><T124/><D124/><U17/><E43/><V31/><F118/><W45/><G28/><T81/><D5/><U35/><E35/><V67/><F67/><W113/><G113/><T106/><D106/><U88/><E88/><N who="2" m="53527" /><F100/><W98/><G129/><T69/><D69/><U133/><E133/><V122/><F122/><W132/><G132/><T93/><D63/><U104/><E104/><V0/><F0/><W15/><G15/><AGARI ba="0,0" hai="10,15,18,20,26,31,52,55" m="53527,25607" machi="15" ten="30,7700,0" yaku="8,1,52,1,54,2" doraHai="21" who="2" fromWho="3" sc="250,0,250,0,250,77,250,-77" /><INIT seed="1,0,0,2,5,80" ten="250,250,327,173" oya="1" hai0="3,26,88,49,65,110,72,7,64,86,103,21,27" hai1="132,37,116,75,10,36,4,118,47,120,92,135,71" hai2="76,107,87,39,128,114,33,105,68,78,69,94,48" hai3="70,83,119,126,30,56,25,55,108,97,99,2,20"/><U79/><E92/><V95/><F39/><N who="1" m="14921" /><E47/><V22/><F33/><W63/><G2/><T73/><D103/><U41/><E41/><V82/><F22/><W122/><G122/><T109/><D49/><U45/><E45/><V113/><F48/><W61/><G119/><N who="1" m="45610" /><E120/><V129/><REACH who="2" step="1"/><F82/><REACH who="2" ten="250,250,317,173" step="2"/><W42/><G126/><T18/><D21/><U117/><E117/><V58/><F58/><W46/><G108/><T115/><D110/><U77/><E75/><V32/><F32/><W8/><G83/><T52/><D73/><U60/><E71/><V54/><F54/><W53/><G70/><T84/><D72/><U23/><E60/><V133/><F133/><N who="1" m="51273" /><E23/><V1/><F1/><AGARI ba="0,1" hai="1,4,10,77,79" m="51273,45610,14921" machi="1" ten="40,2000,0" yaku="20,1" doraHai="80" who="1" fromWho="2" sc="250,0,250,30,317,-20,173,0" /><INIT seed="1,1,0,4,2,2" ten="250,280,297,173" oya="1" hai0="27,129,101,3,72,0,52,20,117,108,26,83,22" hai1="106,122,33,98,15,16,61,45,109,135,11,63,91" hai2="19,112,23,80,73,67,21,17,94,62,132,100,44" hai3="124,130,6,131,1,105,36,60,10,18,37,8,119"/><U127/><E122/><V13/><F132/><W126/><G60/><T14/><D117/><U118/><E118/><V25/><F112/><W76/><G119/><T47/><D101/><U35/><E135/><V114/><F114/><W57/><G57/><T28/><D108/><U88/><E109/><V95/><F100/><W41/><G76/><T75/><D129/><N who="3" m="49161" /><G105/><T58/><D47/><U134/><E134/><V89/><F44/><W46/><G37/><T113/><D14/><AGARI ba="1,0" hai="1,6,8,10,14,18,36,41,46,124,126" m="49161" machi="14" ten="30,2000,0" yaku="19,1,52,1" doraHai="2" who="3" fromWho="0" sc="250,-23,280,0,297,0,173,23" /><INIT seed="2,0,0,2,2,90" ten="227,280,297,196" oya="2" hai0="122,76,77,48,100,87,11,101,85,25,0,65,53" hai1="97,115,113,80,5,15,52,46,126,82,22,132,66" hai2="41,116,70,67,129,96,128,89,91,106,8,60,105" hai3="124,19,123,131,120,40,21,86,95,68,103,2,55"/><V36/><F116/><W92/><G2/><T16/><D122/><U75/><E126/><V17/><F41/><W12/><G68/><T127/><D127/><U6/><E132/><V38/><F8/><W69/><G69/><T51/><D0/><U33/><E33/><V111/><F17/><W14/><G124/><T59/><D65/><U24/><E75/><V26/><F26/><W93/><G40/><T119/><D119/><U81/><E66/><V18/><F18/><N who="3" m="10439" /><G123/><T130/><D130/><N who="2" m="50282" /><F111/><W134/><G134/><T63/><D77/><U107/><E15/><V109/><F109/><W58/><G131/><T61/><D51/><U10/><E10/><V29/><F29/><W56/><G120/><T88/><D76/><U50/><E107/><N who="2" m="40971" /><F96/><N who="3" m="59783" /><G56/><T31/><D31/><U110/><E110/><V71/><F71/><W94/><G86/><T7/><D87/><U43/><E43/><V62/><F62/><N who="0" m="23562" /><D7/><U74/><E74/><V20/><F20/><N who="3" m="11383" /><G94/><N who="0" m="54543" /><D11/><U84/><E84/><V108/><F108/><W78/><G78/><T57/><D57/><U47/><E47/><V35/><F35/><W13/><G13/><T34/><D34/><U118/><E118/><V1/><F1/><W79/><G79/><T117/><D117/><U112/><E97/><V42/><F42/><W125/><G125/><T54/><D54/><U121/><E121/><V73/><F73/><W99/><G99/><T27/><D27/><U104/><E5/><V49/><F49/><AGARI ba="0,0" hai="49,55,58,93,95" m="11383,59783,10439" machi="49" ten="30,7700,0" yaku="8,1,52,3" doraHai="90" who="3" fromWho="2" sc="227,0,280,0,297,-77,196,77" /><INIT seed="3,0,0,1,3,53" ten="227,280,220,273" oya="3" hai0="81,77,52,58,16,69,40,117,73,66,57,24,55" hai1="25,78,67,4,48,46,89,93,114,84,3,13,47" hai2="91,112,64,99,102,12,5,18,130,59,126,71,28" hai3="7,118,85,34,133,74,31,62,96,14,101,111,45"/><W97/><G74/><T80/><D117/><U129/><E114/><V39/><F112/><W86/><G118/><T94/><D40/><U32/><E3/><V61/><F39/><W42/><G133/><T113/><D113/><U134/><E134/><V103/><F130/><W2/><G2/><T110/><D110/><U104/><E104/><V119/><F119/><W132/><G132/><T135/><D135/><U83/><E129/><V29/><F126/><W109/><G31/><N who="2" m="11849" /><F71/><W27/><G27/><T17/><D69/><U108/><E108/><N who="3" m="41546" /><G34/><T33/><D66/><U9/><E32/><V98/><F5/><W15/><G62/><N who="0" m="36135" /><D33/><U30/><E67/><V75/><F75/><W82/><G86/><N who="0" m="48399" /><D81/><U122/><E122/><V107/><F107/><N who="3" m="63911" /><G7/><T72/><D72/><U124/><E124/><V125/><F125/><W19/><G97/><N who="2" m="36873" /><F91/><N who="3" m="51639" /><G19/><N who="0" m="7243" /><D73/><U70/><E4/><V56/><F64/><W128/><G128/><T22/><D24/><U38/><E25/><V44/><F61/><W10/><G10/><T88/><D22/><U90/><E9/><N who="2" m="6415" /><F103/><W106/><G106/><T65/><D65/><U54/><E70/><V43/><F102/><W60/><G60/><N who="0" m="35935" /><D88/><U0/><E90/><V26/><F26/><W92/><G92/><AGARI ba="0,0" hai="92,94" m="35935,7243,48399,36135" machi="92" ten="30,8000,1" yaku="8,1,52,2,54,2" doraHai="53" who="0" fromWho="3" sc="227,80,280,0,220,0,273,-80" /><INIT seed="4,0,0,4,3,58" ten="307,280,220,193" oya="0" hai0="54,43,15,9,72,66,21,69,131,130,46,22,10" hai1="12,17,61,92,91,57,6,106,33,100,80,114,102" hai2="19,50,18,62,90,68,8,31,113,135,134,119,79" hai3="84,30,40,49,128,11,103,82,32,2,20,73,64"/><T81/><D54/><U5/><E33/><V89/><F113/><W109/><G109/><T101/><D101/><N who="1" m="39019" /><E80/><V56/><F119/><W78/><G128/><N who="0" m="49195" /><D66/><N who="1" m="39215" /><E106/><V27/><F50/><W77/><G32/><T65/><D65/><U59/><E59/><V0/><F68/><W29/><G103/><T132/><D69/><U93/><E114/><V110/><F79/><W117/><G117/><T76/><D132/><N who="2" m="50730" /><F110/><W127/><G127/><T51/><D10/><N who="1" m="6295" /><E93/><V28/><F56/><W75/><G64/><T108/><D108/><U124/><E124/><V44/><F44/><W16/><G75/><T104/><D104/><U14/><E14/><N who="2" m="7495" /><F0/><W111/><G111/><T41/><D41/><U116/><E116/><V24/><F62/><W25/><G73/><T35/><D35/><U42/><E42/><V94/><F94/><W39/><G39/><T48/><D48/><U53/><E53/><V107/><F107/><W86/><G2/><T87/><D72/><U99/><AGARI ba="0,0" hai="5,6,91,92,99" m="6295,39215,39019" machi="99" ten="30,2000,0" yaku="8,1,52,1" doraHai="58" who="1" fromWho="1" sc="307,-10,280,20,220,-5,193,-5" /><INIT seed="5,0,0,2,3,0" ten="297,300,215,188" oya="1" hai0="10,131,18,32,117,118,81,59,123,14,1,7,101" hai1="57,22,91,99,76,47,73,126,93,98,116,70,89" hai2="107,82,79,109,133,15,6,102,44,61,130,12,90" hai3="17,45,29,43,60,83,38,119,115,86,28,96,113"/><U40/><E116/><V52/><F109/><W16/><G119/><T129/><D101/><U37/><E70/><V46/><F130/><W100/><G60/><T19/><D59/><U105/><E126/><V49/><F133/><W55/><G55/><T74/><D123/><U66/><E73/><V51/><F90/><W87/><G29/><T80/><D32/><U97/><E76/><V62/><F102/><W21/><G28/><T56/><D56/><U39/><E39/><V58/><F107/><W106/><G17/><T53/><D53/><U69/><E69/><V110/><F110/><W120/><G120/><T27/><D81/><U20/><E105/><V36/><F36/><W33/><G33/><T13/><D80/><U121/><E121/><V4/><F82/><W48/><G38/><T26/><D74/><U77/><E77/><V42/><F79/><W84/><REACH who="3" step="1"/><G83/><REACH who="3" ten="297,300,215,178" step="2"/><T65/><D118/><U67/><E67/><N who="2" m="39351" /><F62/><W41/><G41/><T88/><D65/><U127/><E66/><V9/><F15/><AGARI ba="0,1" hai="15,16,21,43,45,48,84,86,87,96,100,106,113,115" machi="15" ten="40,5200,0" yaku="1,1,54,1,53,1" doraHai="0" doraHaiUra="94" who="3" fromWho="2" sc="297,0,300,0,215,-52,178,62" /><INIT seed="6,0,0,3,2,14" ten="297,300,163,240" oya="2" hai0="26,2,53,41,9,57,106,58,121,22,86,87,116" hai1="6,72,123,11,133,101,29,49,60,50,74,3,7" hai2="54,13,1,67,89,61,12,90,52,71,84,129,130" hai3="98,0,109,63,18,93,65,17,44,30,20,24,76"/><V38/><F1/><W91/><G0/><T112/><D121/><U77/><E133/><V34/><F34/><W66/><G109/><T88/><D106/><U35/><E123/><V25/><F38/><W81/><G44/><T103/><D112/><U132/><E132/><V23/><F12/><W55/><G55/><T125/><D125/><U128/><E128/><N who="2" m="49259" /><F13/><W100/><G91/><N who="2" m="34825" /><F84/><W135/><G135/><T36/><D87/><U40/><E35/><V69/><F69/><W43/><G43/><T105/><D86/><U19/><E3/><V102/><F102/><W118/><G118/><T37/><D103/><U104/><E101/><V92/><F92/><W47/><G47/><T15/><D15/><U75/><E75/><V120/><F120/><W5/><G5/><T131/><D37/><U70/><E70/><V21/><F21/><W85/><G65/><T4/><D41/><U48/><E40/><V124/><F124/><W127/><REACH who="3" step="1"/><G127/><REACH who="3" ten="297,300,163,230" step="2"/><T59/><D116/><U96/><E6/><V62/><F62/><W107/><G107/><T134/><D105/><U56/><E7/><V111/><F111/><W68/><AGARI ba="0,1" hai="17,18,20,24,30,63,66,68,76,81,85,93,98,100" machi="68" ten="20,12000,2" yaku="1,1,0,1,7,1,52,2,53,1" doraHai="14" doraHaiUra="97" who="3" fromWho="3" sc="297,-30,300,-30,163,-60,230,130" /><INIT seed="7,0,0,4,4,20" ten="267,270,103,360" oya="3" hai0="55,71,118,106,58,36,6,30,22,7,27,93,45" hai1="49,127,114,21,2,8,96,105,89,39,50,62,110" hai2="83,101,0,122,3,74,38,47,25,73,32,109,102" hai3="70,37,82,80,18,85,4,111,125,108,41,35,56"/><W52/><G70/><T51/><D106/><U77/><E110/><N who="3" m="42026" /><G35/><T126/><D118/><U75/><E39/><V57/><F109/><W104/><G4/><T119/><D71/><U95/><E105/><V69/><F69/><W60/><G104/><T115/><D119/><U67/><E114/><V17/><F38/><W11/><G125/><T91/><D126/><U42/><E127/><V120/><F32/><W123/><G123/><T24/><D115/><U15/><E42/><V31/><F31/><W94/><G41/><T135/><D36/><U61/><E75/><V92/><F47/><W23/><G11/><T121/><D121/><U116/><E116/><V90/><F57/><W34/><G34/><T124/><D124/><U48/><E77/><V134/><F134/><W130/><G130/><T97/><D135/><U129/><E129/><V26/><F92/><W33/><G33/><T86/><D45/><U65/><E21/><V98/><F83/><W43/><G43/><T68/><D68/><U81/><E81/><V64/><F98/><W76/><G76/><T133/><D133/><U78/><E78/><V113/><F113/><W5/><G82/><N who="0" m="49623" /><D27/><U1/><E1/><V16/><REACH who="2" step="1"/><F64/><REACH who="2" ten="267,270,93,360" step="2"/><N who="1" m="24649" /><E2/><V131/><F131/><W112/><G80/><T79/><D79/><U13/><E13/><V28/><F28/><W63/><G37/><T87/><D87/><U59/><E59/><V54/><F54/><W19/><G52/><T40/><D40/><U14/><E14/><V66/><F66/><W84/><G56/><T12/><D12/><U53/><E53/><V99/><F99/><RYUUKYOKU ba="0,1" sc="267,10,270,10,93,10,360,-30" hai0="6,7,22,24,30,51,55,58,93,97" hai1="8,15,48,49,50,61,62,89,95,96" hai2="0,3,16,17,25,26,73,74,90,101,102,120,122" owari="277,-12.3,280,8.0,103,-39.7,340,44.0" /></mjloggm>