<mjloggm ver="2.3"><GO type="169" lobby="0"/><UN n0="%E3%82%86%E3%81%88%EF%BC%A0%E9%9B%80%E9%AC%BC%E6%B5%81%E7%B8%9B%E3%82%8A" n1="%E7%B4%94%E6%BD%94%E3%83%94%E3%83%A9%E3%83%8B%E3%82%A2" n2="%E2%91%A3%E3%82%BB%E3%83%B3%E3%83%81" n3="%E6%9C%A8%E5%8E%9F%E8%B1%AA%E4%B8%80" dan="17,16,18,16" rate="2153.83,2149.97,2276.00,2178.29" sx="F,M,M,M"/><TAIKYOKU oya="0"/><INIT seed="0,0,0,2,4,74" ten="250,250,250,250" oya="0" hai0="60,41,14,119,73,131,72,96,38,2,108,62,55" hai1="98,79,47,69,30,46,61,105,3,75,59,121,87" hai2="113,29,17,65,104,21,5,103,12,35,82,64,57" hai3="122,120,32,4,133,24,19,99,36,33,134,13,110"/><T77/><D2/><U7/><E75/><V127/><F113/><W49/><G36/><T126/><D119/><U106/><E69/><V34/><F104/><W67/><G99/><T112/><D112/><U80/><E121/><N who="3" m="46698" /><G49/><T116/><D116/><U107/><E98/><V6/><F103/><W20/><G67/><T86/><D41/><U132/><E132/><N who="3" m="50794" /><G110/><T9/><D38/><U76/><E30/><V25/><F65/><W11/><AGARI ba="0,0" hai="4,11,13,19,20,24,32,33" m="50794,46698" machi="11" ten="40,8000,1" yaku="13,1,20,1,34,2" doraHai="74" who="3" fromWho="3" sc="250,-40,250,-20,250,-20,250,80" /><INIT seed="1,0,0,2,0,124" ten="210,230,230,330" oya="1" hai0="109,64,93,106,121,99,52,127,103,122,108,86,70" hai1="40,97,29,5,49,128,43,80,67,65,16,36,39" hai2="89,44,75,37,90,104,62,132,12,71,54,6,73" hai3="83,113,61,0,35,55,4,24,120,8,50,82,47"/><U69/><E29/><V18/><F104/><W105/><G113/><T42/><D42/><N who="1" m="15915" /><E5/><V3/><F37/><N who="1" m="14409" /><E80/><V131/><F132/><W63/><G120/><N who="0" m="46187" /><D64/><N who="1" m="24651" /><E97/><V92/><F6/><W119/><G119/><T66/><D127/><U76/><E76/><V100/><F12/><W91/><G105/><T68/><D66/><U59/><E16/><V13/><F13/><W14/><G14/><T26/><D26/><U112/><E112/><V15/><F15/><W46/><G24/><T48/><D86/><U57/><E128/><V33/><F131/><W72/><G4/><T98/><D98/><U126/><E126/><V115/><F18/><W129/><G129/><T96/><D96/><U130/><E130/><V58/><F115/><W60/><G83/><T9/><D9/><U7/><E7/><V51/><F90/><W77/><G91/><T88/><D103/><U114/><E114/><V32/><F89/><W125/><G125/><T30/><D30/><U45/><E69/><N who="0" m="26729" /><D106/><U25/><E25/><V56/><F71/><W31/><G31/><T101/><D101/><U85/><E85/><V21/><F100/><W74/><G8/><T2/><D2/><U23/><E23/><V118/><F3/><W79/><G0/><T123/><D123/><U17/><E17/><V107/><F21/><W11/><G11/><T111/><D111/><U133/><E133/><V135/><F135/><W95/><G95/><T27/><D27/><U22/><E22/><V84/><F92/><W134/><G134/><T102/><D102/><U10/><E10/><V34/><F107/><W78/><G82/><RYUUKYOKU ba="0,0" sc="210,15,230,15,230,-15,330,-15" hai0="48,52,88,93,99,108,109" hai1="45,49,57,59" /><INIT seed="1,1,0,3,2,35" ten="225,245,215,315" oya="1" hai0="30,134,48,73,93,86,13,132,11,118,58,10,15" hai1="88,135,60,112,27,100,107,49,83,85,2,23,76" hai2="122,125,121,116,8,119,129,91,114,126,46,20,33" hai3="82,40,19,78,64,28,17,47,108,84,104,57,90"/><U75/><E112/><V21/><F91/><W32/><G104/><T0/><D73/><U96/><E135/><N who="0" m="51753" /><D118/><N who="2" m="45098" /><F46/><W72/><G108/><T34/><D30/><U38/><E38/><V53/><F53/><W52/><G28/><T133/><D34/><U110/><E110/><V61/><F61/><W69/><G32/><T37/><D37/><U24/><E60/><V16/><F33/><W3/><G64/><T87/><D133/><U54/><E23/><N who="2" m="8779" /><F129/><W115/><G69/><T101/><D101/><U131/><E131/><V59/><F59/><W6/><G47/><T41/><D41/><U4/><E49/><V74/><F74/><W39/><G40/><T5/><D93/><N who="1" m="54415" /><E54/><V68/><F68/><W14/><G52/><N who="0" m="32007" /><D15/><U36/><E36/><V109/><F109/><W7/><G14/><T45/><D45/><U42/><E42/><V95/><F95/><W128/><G39/><T12/><D12/><U26/><E27/><V1/><F114/><W124/><G115/><T50/><D50/><U77/><E77/><V67/><F67/><W43/><G43/><T81/><D81/><U79/><E76/><V127/><F16/><AGARI ba="1,0" hai="0,5,10,11,13,16,86,87" m="32007,51753" machi="16" ten="30,7700,0" yaku="20,1,52,1,54,2" doraHai="35" who="0" fromWho="2" sc="225,80,245,0,215,-80,315,0" /><INIT seed="2,0,0,3,1,111" ten="305,245,135,315" oya="2" hai0="92,99,129,74,134,86,64,94,55,88,32,6,26" hai1="115,69,100,48,126,73,118,120,97,53,56,82,72" hai2="1,59,60,110,125,34,14,28,124,102,38,85,19" hai3="84,42,16,50,132,93,20,18,61,52,47,49,24"/><V123/><F123/><W9/><G132/><T81/><D64/><U58/><E69/><V51/><F38/><W133/><G133/><T127/><D134/><U40/><E118/><V7/><F102/><W128/><G128/><T54/><D129/><U89/><E120/><V131/><F131/><W31/><G61/><T68/><D68/><U66/><E126/><N who="2" m="48747" /><F51/><W77/><G9/><T122/><D122/><U3/><E3/><V2/><F85/><W62/><G62/><T117/><D117/><U45/><E58/><V65/><F7/><W135/><G135/><T104/><D6/><U4/><E4/><V46/><F46/><W83/><G93/><T90/><D127/><U22/><E66/><V87/><F87/><W25/><G24/><T41/><D104/><U80/><E73/><V78/><F78/><W39/><G39/><T17/><D74/><U98/><E72/><V109/><F28/><W5/><G5/><T108/><D94/><U8/><E100/><V36/><F34/><W12/><G12/><T37/><D32/><U113/><E82/><V130/><F36/><W96/><G96/><T67/><D67/><U95/><E80/><V106/><F106/><W116/><G116/><T10/><D26/><U11/><E97/><V119/><F119/><W76/><G77/><T121/><D121/><U44/><E44/><AGARI ba="0,0" hai="16,18,20,25,31,42,44,47,49,50,52,76,83,84" machi="44" ten="30,7700,0" yaku="7,1,8,1,54,2" doraHai="111" who="3" fromWho="1" sc="305,0,245,-77,135,0,315,77" /><INIT seed="3,0,0,5,2,121" ten="305,168,135,392" oya="3" hai0="19,129,33,54,2,70,86,24,30,130,85,100,125" hai1="53,107,35,119,12,99,75,66,51,81,62,94,77" hai2="135,82,7,84,67,1,79,118,15,123,41,63,60" hai3="83,109,32,40,25,120,57,90,115,17,34,105,45"/><W4/><G115/><T55/><D70/><U71/><E119/><V50/><F118/><W21/><G105/><T114/><D114/><U74/><E35/><V98/><F1/><W18/><G120/><T59/><D2/><U69/><E69/><V6/><F123/><W56/><G4/><T37/><D125/><U113/><E113/><V64/><F135/><W49/><G109/><T91/><D100/><U43/><E12/><V31/><F31/><W108/><G108/><T97/><D37/><U116/><E116/><V48/><F98/><W126/><G126/><T92/><D19/><U42/><E75/><V88/><F79/><W16/><G34/><T52/><REACH who="0" step="1"/><D59/><REACH who="0" ten="295,168,135,392" step="2"/><N who="3" m="22601" /><G32/><T112/><D112/><U133/><E133/><V117/><F117/><W28/><G28/><T132/><D132/><U26/><E107/><V68/><F6/><W127/><G127/><T10/><D10/><U38/><E38/><V36/><F36/><W65/><G65/><T9/><D9/><U76/><E71/><V128/><F67/><W14/><G14/><T29/><D29/><U5/><E66/><V95/><F68/><W23/><G21/><T89/><D89/><U124/><E124/><V11/><F64/><W22/><G23/><T73/><D73/><U111/><E74/><V46/><F7/><W106/><G106/><T87/><AGARI ba="0,1" hai="24,30,33,52,54,55,85,86,87,91,92,97,129,130" machi="87" ten="40,5200,0" yaku="1,1,0,1,54,1,53,0" doraHai="121" doraHaiUra="0" who="0" fromWho="0" sc="295,62,168,-13,135,-13,392,-26" /><INIT seed="4,0,0,0,3,7" ten="357,155,122,366" oya="0" hai0="39,104,129,105,14,54,67,73,24,126,6,85,29" hai1="10,97,89,107,17,45,127,65,92,66,90,58,91" hai2="117,28,27,38,8,19,81,37,16,101,51,1,74" hai3="53,95,69,113,125,115,98,93,57,48,111,132,109"/><T33/><D73/><U100/><E127/><V80/><F101/><W59/><G69/><T60/><D39/><U133/><E133/><V134/><F134/><W87/><G132/><T118/><D118/><U63/><E45/><V43/><F117/><W13/><G125/><T0/><D126/><U84/><E66/><V31/><F51/><W75/><G75/><T130/><D0/><U41/><E41/><V103/><F103/><W49/><G87/><T62/><D85/><U131/><E131/><N who="0" m="50185" /><D54/><U26/><E26/><V35/><F31/><W83/><G83/><T11/><D62/><U71/><E71/><AGARI ba="0,0" hai="6,11,14,24,29,33,60,67,71,104,105" m="50185" machi="71" ten="30,2900,0" yaku="19,1,52,1" doraHai="7" who="0" fromWho="1" sc="357,29,155,-29,122,0,366,0" /><INIT seed="4,1,0,5,2,47" ten="386,126,122,366" oya="0" hai0="96,56,66,73,48,4,46,52,13,20,112,43,113" hai1="14,2,0,84,18,107,35,64,119,130,105,94,99" hai2="81,120,53,98,44,89,23,111,45,114,55,8,28" hai3="123,22,40,36,21,88,67,115,33,41,80,75,29"/><T93/><D73/><U108/><E108/><V85/><F111/><W37/><G33/><T124/><D66/><U62/><E35/><V68/><F68/><W9/><G67/><T27/><D124/><U134/><E119/><V25/><F120/><W126/><G29/><T12/><D4/><U72/><E72/><V59/><F114/><N who="0" m="44138" /><D27/><U69/><E130/><V70/><F70/><W82/><G75/><T109/><D20/><U65/><E65/><V116/><F116/><W128/><G115/><T92/><D109/><U90/><E134/><V102/><F53/><W132/><G9/><T117/><D117/><U16/><E18/><V58/><F58/><W39/><G126/><T74/><D74/><U129/><E129/><V30/><F8/><W24/><G24/><T54/><D54/><U49/><E99/><V57/><F57/><W50/><G22/><T32/><D32/><U11/><REACH who="1" step="1"/><E49/><REACH who="1" ten="386,116,122,366" step="2"/><V110/><F110/><W122/><G39/><N who="0" m="21887" /><D93/><U86/><E86/><V26/><F30/><W91/><G128/><T106/><D106/><AGARI ba="1,1" hai="0,2,11,14,16,62,64,69,84,90,94,105,106,107" machi="106" ten="40,5200,0" yaku="1,1,54,1,53,1" doraHai="47" doraHaiUra="61" who="1" fromWho="0" sc="386,-55,116,65,122,0,366,0" /><INIT seed="5,0,0,3,4,74" ten="331,181,122,366" oya="1" hai0="55,91,24,32,46,120,2,0,8,125,105,1,79" hai1="88,89,27,35,73,65,131,132,97,119,60,77,20" hai2="76,118,94,16,61,26,7,93,100,58,10,62,47" hai3="82,108,3,96,85,75,13,56,84,121,101,133,21"/><U15/><E119/><V71/><F118/><W34/><G34/><T41/><D105/><U109/><E131/><V29/><F71/><W80/><G3/><T22/><D32/><U95/><E132/><V90/><F62/><W37/><G37/><T123/><D125/><U102/><E109/><V40/><F100/><W11/><G108/><T122/><D55/><U130/><E130/><V111/><F76/><W107/><G21/><T17/><D91/><U44/><E44/><V6/><F94/><W49/><G121/><T70/><D70/><U30/><E15/><V68/><F68/><W45/><G56/><T63/><D63/><U106/><E35/><V9/><F29/><W23/><G23/><T114/><D114/><U50/><E50/><N who="2" m="26983" /><F10/><W39/><G39/><T112/><D112/><U12/><E12/><N who="2" m="7183" /><F26/><W43/><G133/><T28/><D28/><U53/><E53/><N who="2" m="33999" /><F111/><W42/><G42/><T48/><REACH who="0" step="1"/><D79/><REACH who="0" ten="321,181,122,366" step="2"/><U78/><E89/><V5/><F5/><AGARI ba="0,1" hai="0,1,2,5,8,17,22,24,41,46,48,120,122,123" machi="5" ten="40,5200,0" yaku="1,1,2,1,13,1,53,0" doraHai="74" doraHaiUra="81" who="0" fromWho="2" sc="321,62,181,0,122,-52,366,0" /><INIT seed="6,0,0,4,5,123" ten="383,181,70,366" oya="2" hai0="113,35,19,18,31,104,101,90,125,0,109,61,47" hai1="44,129,9,41,89,74,112,134,49,78,16,4,85" hai2="32,76,7,65,128,43,54,20,3,83,14,60,30" hai3="88,105,84,68,34,94,110,23,24,6,87,96,135"/><V133/><F133/><W103/><G135/><T119/><D0/><U40/><E112/><V29/><F32/><W58/><G68/><T69/><D113/><U12/><E129/><V5/><F3/><W121/><G121/><T71/><D47/><U91/><E134/><V51/><F43/><W73/><G73/><T126/><D90/><U66/><E74/><V100/><F100/><W2/><G110/><T21/><D119/><U111/><E111/><V70/><F128/><W48/><G34/><T118/><D118/><U72/><E72/><V92/><F92/><W53/><G2/><T82/><D82/><N who="1" m="47319" /><E66/><V108/><F108/><W59/><G6/><T37/><D37/><U131/><E131/><V98/><F98/><W39/><G39/><T120/><D120/><U26/><E41/><V80/><F80/><W81/><G87/><T28/><D35/><U52/><E40/><V77/><F20/><AGARI ba="0,0" hai="4,9,12,16,20,26,44,49,52,89,91" m="47319" machi="20" ten="30,3900,0" yaku="8,1,54,2" doraHai="123" who="1" fromWho="2" sc="383,0,181,39,70,-39,366,0" /><INIT seed="7,0,0,0,4,36" ten="383,220,31,366" oya="3" hai0="103,12,16,61,112,39,45,47,74,81,84,109,85" hai1="54,123,92,48,89,90,132,56,58,124,65,128,40" hai2="11,30,130,33,15,108,21,115,118,31,133,66,35" hai3="14,7,76,51,20,60,101,32,37,99,125,22,6"/><W19/><G37/><T102/><D74/><U134/><E123/><V110/><F66/><W46/><G32/><T24/><D109/><U44/><E92/><V57/><F57/><W1/><G1/><T43/><D112/><U122/><E122/><V72/><F72/><W2/><G2/><T96/><D24/><U131/><E89/><V106/><F106/><W111/><G125/><T3/><D3/><U13/><E90/><V98/><F98/><W105/><G111/><T64/><D47/><U69/><E13/><V83/><F83/><W91/><G76/><T70/><D81/><U10/><E10/><V53/><F53/><W95/><G60/><T17/><D17/><U100/><E100/><V107/><F107/><W129/><G129/><T9/><D103/><U117/><E117/><V50/><F50/><W87/><REACH who="3" step="1"/><G20/><REACH who="3" ten="383,220,31,356" step="2"/><T104/><AGARI ba="0,1" hai="9,12,16,39,43,45,61,64,70,84,85,96,102,104" machi="104" ten="20,5200,0" yaku="0,1,7,1,52,1,54,1" doraHai="36" who="0" fromWho="0" sc="383,62,220,-13,31,-13,356,-26" owari="445,54.5,207,-19.3,18,-48.2,330,13.0" /></mjloggm>