<mjloggm ver="2.3"><GO type="169" lobby="0"/><UN n0="%E3%81%BF%E3%81%8B%E3%82%93%EF%BC%A0%E3%82%8F%E3%81%8B%E3%82%81%E3%81%A6" n1="%E3%81%82%E3%81%9F%E3%82%89%E3%81%93" n2="%74%65%63%68%74%6F" n3="%6B%61%7A%7A%2D%6B" dan="16,16,17,16" rate="2149.00,2068.47,2133.44,2084.30" sx="M,M,M,M"/><TAIKYOKU oya="0"/><INIT seed="0,0,0,4,4,104" ten="250,250,250,250" oya="0" hai0="118,116,52,82,73,13,63,46,77,0,2,84,68" hai1="37,71,107,41,17,12,33,19,56,135,11,127,44" hai2="110,132,87,69,106,80,129,29,25,128,72,42,85" hai3="53,57,89,111,100,54,35,117,4,31,134,81,97"/><T61/><D68/><U101/><E71/><V95/><F106/><W10/><G117/><T88/><D63/><U18/><E33/><V133/><F42/><W76/><G111/><T38/><D38/><U58/><E135/><N who="2" m="51787" /><F69/><W99/><G35/><T6/><D13/><U65/><E127/><V36/><F36/><W39/><G31/><T83/><D61/><U40/><E40/><V125/><F25/><W64/><G64/><T115/><D115/><U105/><E105/><V5/><F5/><W75/><G39/><T20/><D20/><U47/><E47/><V70/><F29/><W3/><G134/><T112/><D112/><U94/><E107/><V51/><F51/><W30/><G30/><T43/><D43/><U91/><E101/><V93/><F70/><W102/><G53/><T50/><REACH who="0" step="1"/><D0/><REACH who="0" ten="240,250,250,250" step="2"/><U119/><E119/><V121/><F125/><W24/><G24/><T60/><D60/><U98/><REACH who="1" step="1"/><E65/><REACH who="1" ten="240,240,250,250" step="2"/><V59/><F129/><W16/><G54/><T114/><D114/><U15/><E15/><V124/><F128/><W67/><G67/><T49/><D49/><U62/><E62/><V109/><F124/><W86/><G3/><T48/><D48/><U120/><E120/><V122/><F121/><W22/><G22/><T14/><D14/><U130/><E130/><V123/><F123/><W108/><G10/><AGARI ba="0,2" hai="2,6,10,46,50,52,73,77,82,83,84,88,116,118" machi="10" ten="40,12000,1" yaku="1,1,52,1,54,2,53,0" doraHai="104" doraHaiUra="96" who="0" fromWho="3" sc="240,140,240,0,250,0,250,-120" /><INIT seed="0,1,0,2,5,115" ten="380,240,250,130" oya="0" hai0="22,45,62,134,3,99,69,28,95,34,65,73,117" hai1="120,6,55,43,108,36,87,17,112,109,52,49,98" hai2="91,61,81,110,111,14,68,51,114,54,118,89,29" hai3="97,75,113,88,94,123,18,15,57,116,8,125,9"/><T19/><D73/><U56/><E120/><V72/><F29/><W84/><G113/><T0/><D134/><U7/><E112/><V80/><F68/><W2/><G125/><T1/><D34/><U78/><E98/><V86/><F61/><W90/><G75/><T63/><D63/><U126/><E126/><V41/><F41/><W32/><G32/><T38/><D28/><U122/><E122/><V53/><F114/><W70/><G70/><T105/><D105/><U107/><E107/><V135/><F135/><W35/><G123/><T85/><D85/><U5/><E17/><V24/><F24/><W50/><G35/><T132/><D132/><U37/><E55/><V96/><F96/><W48/><G116/><T44/><D38/><U77/><E87/><V26/><F26/><W67/><G2/><T12/><REACH who="0" step="1"/><D117/><REACH who="0" ten="370,240,250,130" step="2"/><U40/><E36/><V27/><F118/><W131/><G67/><T64/><D64/><U46/><REACH who="1" step="1"/><E40/><REACH who="1" ten="370,230,250,130" step="2"/><V92/><F86/><W59/><G84/><T20/><D20/><U130/><E130/><V33/><F72/><W25/><G131/><T4/><D4/><U83/><E83/><V133/><F81/><W128/><G128/><T71/><D71/><U82/><E82/><V103/><F80/><W21/><G8/><T66/><D66/><U60/><E60/><V129/><F133/><W101/><G50/><T79/><D79/><AGARI ba="1,2" hai="5,6,7,37,43,46,49,52,56,77,78,79,108,109" machi="79" ten="40,2600,0" yaku="1,1,54,1,53,0" doraHai="115" doraHaiUra="31" who="1" fromWho="0" sc="370,-29,230,49,250,0,130,0" /><INIT seed="1,0,0,1,5,86" ten="341,279,250,130" oya="1" hai0="131,63,23,14,97,19,61,66,2,49,89,110,115" hai1="24,78,56,118,88,46,9,40,26,64,27,29,67" hai2="124,85,45,48,73,52,83,20,71,57,10,5,135" hai3="70,65,74,77,112,72,82,109,44,105,84,120,37"/><U31/><E118/><V98/><F71/><W68/><G120/><T111/><D115/><U0/><E78/><V15/><F135/><W99/><G112/><T8/><D131/><U80/><E0/><V59/><F73/><N who="3" m="43311" /><G109/><N who="0" m="41483" /><D49/><N who="1" m="26823" /><E9/><V33/><F33/><W6/><G6/><N who="0" m="1111" /><D66/><N who="1" m="25131" /><E56/><V108/><F108/><W104/><G84/><AGARI ba="0,0" hai="24,26,27,29,31,80,84,88" m="25131,26823" machi="84" ten="30,5800,0" yaku="8,1,52,1,54,1" doraHai="86" who="1" fromWho="3" sc="341,0,279,58,250,0,130,-58" /><INIT seed="1,1,0,2,5,55" ten="341,337,250,72" oya="1" hai0="97,61,70,3,39,84,80,115,82,131,49,5,47" hai1="57,135,123,26,85,29,100,16,64,43,25,119,104" hai2="4,65,44,32,27,117,28,79,111,14,128,67,72" hai3="18,58,23,107,129,81,78,112,41,113,45,9,52"/><U122/><E119/><V2/><F117/><W60/><G107/><T109/><D115/><U59/><E43/><V17/><F111/><W118/><G129/><T130/><D39/><U96/><E135/><V126/><F126/><W62/><G118/><T7/><D109/><U66/><E122/><V34/><F44/><W50/><G9/><T54/><D97/><U92/><E123/><V101/><F101/><W40/><G62/><T114/><D114/><U120/><E120/><V133/><F79/><W124/><G124/><T127/><D127/><U95/><E104/><V99/><F72/><W10/><G10/><T90/><D70/><U6/><E6/><V31/><F99/><W89/><G89/><T56/><D80/><U11/><E66/><V121/><F67/><W108/><G41/><T87/><D87/><U88/><E64/><V36/><F65/><W98/><G98/><T86/><D86/><U33/><REACH who="1" step="1"/><E26/><REACH who="1" ten="341,327,250,72" step="2"/><N who="2" m="18455" /><F121/><W68/><G108/><T20/><D3/><U13/><AGARI ba="1,1" hai="11,13,16,25,29,33,57,59,85,88,92,95,96,100" machi="13" ten="30,18000,2" yaku="1,1,0,1,52,2,54,2,53,0" doraHai="55" doraHaiUra="38" who="1" fromWho="1" sc="341,-61,327,193,250,-61,72,-61" /><INIT seed="1,2,0,3,0,65" ten="280,520,189,11" oya="1" hai0="98,28,83,30,71,84,58,125,37,0,111,47,70" hai1="45,82,12,36,103,33,121,129,67,79,120,124,108" hai2="100,25,60,15,116,96,61,122,26,133,110,59,14" hai3="46,131,62,132,92,56,104,88,52,87,35,109,1"/><U127/><E33/><V119/><F122/><W8/><G35/><T32/><D0/><U107/><E12/><V18/><F110/><W23/><G109/><T74/><D111/><U40/><E108/><V102/><F59/><W43/><G131/><T77/><D125/><N who="1" m="48203" /><E129/><V38/><F96/><W114/><G114/><T72/><D58/><U76/><E76/><V41/><F41/><W39/><G132/><T69/><D98/><N who="1" m="61943" /><E67/><V112/><F14/><W94/><G104/><T2/><D2/><U89/><E89/><V3/><F15/><W50/><G23/><T99/><D99/><U64/><E64/><V86/><F100/><W106/><G106/><T101/><D101/><U68/><E68/><V5/><F102/><W75/><G75/><AGARI ba="2,0" hai="36,40,45,75,79,82,120,121" m="61943,48203" machi="75" ten="30,2900,0" yaku="18,1,23,1" doraHai="65" who="1" fromWho="3" sc="280,0,520,35,189,0,11,-35" owari="280,8.0,555,65.5,189,-21.1,-24,-52.4" /></mjloggm>