<mjloggm ver="2.3"><GO type="225" lobby="0"/><UN n0="%E6%A1%9C%E8%8A%B1%E9%96%83%E3%80%85" n1="%E3%82%BC%E3%83%AB%E3%83%80%E3%81%AE%E4%BC%9D%E8%AA%AC" n2="%E7%B4%94%E6%BD%94%E3%83%94%E3%83%A9%E3%83%8B%E3%82%A2" n3="%E3%81%A4%E3%81%A3%E3%81%B1%E3%82%8A%E3%83%9D%E3%83%BC%E3%83%AB" dan="16,17,16,17" rate="2212.46,2149.58,2196.94,2150.31" sx="M,M,M,M"/><TAIKYOKU oya="0"/><INIT seed="0,0,0,2,0,112" ten="250,250,250,250" oya="0" hai0="20,4,89,1,46,116,47,98,15,131,22,26,119" hai1="59,52,36,32,80,18,28,99,88,75,86,90,103" hai2="101,50,111,105,17,77,70,56,79,102,64,118,81" hai3="62,85,135,110,67,114,132,57,125,115,42,39,24"/><T97/><D1/><U55/><E36/><V122/><F111/><W61/><G24/><T128/><D15/><U44/><E75/><V73/><F105/><W5/><G5/><T121/><D4/><U35/><E90/><V34/><F34/><W71/><G85/><T72/><D72/><U25/><E18/><V126/><F126/><W0/><G0/><T123/><D89/><U124/><E124/><V60/><F79/><W16/><G16/><T84/><D84/><U9/><E44/><V130/><F130/><W93/><G93/><T83/><D26/><U13/><E35/><V12/><F122/><W21/><G21/><T53/><D53/><U41/><E41/><V129/><F129/><W40/><G125/><T23/><D23/><U10/><E13/><V127/><F127/><W19/><G19/><T38/><D38/><U31/><E31/><V69/><F102/><W82/><G82/><AGARI ba="0,0" hai="20,22,46,47,82,83,97,98,116,119,121,123,128,131" machi="82" ten="25,9600,0" yaku="22,2,52,2" doraHai="112" who="0" fromWho="3" sc="250,96,250,0,250,0,250,-96" /><INIT seed="0,1,0,2,1,51" ten="346,250,250,154" oya="0" hai0="20,18,0,128,2,112,114,83,39,72,22,96,13" hai1="55,8,121,124,103,32,99,89,100,97,110,34,28" hai2="67,27,85,131,87,133,21,3,134,60,43,75,15" hai3="46,74,119,30,118,62,95,16,125,14,12,78,41"/><T9/><D39/><U126/><E121/><V19/><F3/><N who="0" m="1066" /><D96/><U45/><E8/><V116/><F75/><W105/><G105/><T49/><D49/><N who="1" m="29103" /><E110/><V80/><F116/><W4/><G30/><T57/><D57/><U63/><E63/><V66/><F131/><W111/><G14/><T79/><D83/><U50/><E50/><V10/><F43/><W127/><G4/><N who="0" m="3239" /><D79/><U73/><E28/><V36/><F36/><W37/><G62/><T61/><D61/><U106/><E89/><V109/><F109/><W107/><G107/><T132/><D72/><U135/><E73/><V40/><F40/><W7/><G111/><T120/><D120/><U26/><E26/><V104/><F104/><W65/><G65/><T90/><D90/><U108/><E108/><V25/><F25/><W64/><G64/><T92/><D22/><U5/><E97/><V70/><F67/><W117/><G74/><T130/><D130/><U24/><E103/><V93/><F93/><W33/><G78/><T47/><D128/><U54/><E54/><V17/><REACH who="2" step="1"/><F85/><REACH who="2" ten="346,250,240,154" step="2"/><W44/><G118/><T115/><D92/><U81/><E106/><V38/><F38/><N who="3" m="21559" /><G95/><T123/><D123/><U82/><E24/><V56/><F56/><W23/><G119/><T86/><D86/><U31/><E82/><V1/><F1/><W129/><G117/><T94/><D94/><U76/><E81/><V102/><F102/><W59/><G129/><T35/><D114/><U101/><E100/><V71/><F71/><W11/><G59/><T42/><D115/><U29/><E101/><V77/><AGARI ba="1,1" hai="10,15,17,19,21,27,60,66,70,77,80,87,133,134" machi="77" ten="30,4000,0" yaku="1,1,5,1,0,1,53,0" doraHai="51" doraHaiUra="113" who="2" fromWho="2" sc="346,-21,250,-11,240,53,154,-11" /><INIT seed="1,0,0,3,1,13" ten="325,239,293,143" oya="1" hai0="4,83,80,67,55,26,88,104,47,66,42,32,25" hai1="98,106,129,6,116,95,62,19,102,48,22,57,17" hai2="133,44,23,41,101,131,128,74,2,8,27,38,118" hai3="36,135,122,77,72,34,15,12,87,134,54,120,7"/><U65/><E116/><V125/><F118/><W93/><G36/><T61/><D104/><U64/><E129/><N who="2" m="49739" /><F74/><W1/><G54/><T119/><D4/><U71/><E6/><N who="2" m="1111" /><F133/><N who="3" m="50699" /><G72/><T24/><D32/><U31/><E106/><V110/><F110/><W30/><G93/><T11/><D11/><U105/><E105/><V5/><F5/><W81/><G81/><N who="0" m="31307" /><D88/><U86/><E86/><V3/><F3/><W82/><G87/><T97/><D97/><U60/><REACH who="1" step="1"/><E48/><REACH who="1" ten="325,229,293,143" step="2"/><V56/><F125/><W52/><G82/><T58/><D119/><U14/><E14/><N who="3" m="5162" /><G77/><T37/><D37/><U59/><E59/><V51/><F56/><W70/><G70/><T84/><D84/><U108/><E108/><V79/><F79/><W121/><G52/><N who="0" m="33991" /><D42/><U46/><E46/><V94/><F38/><W130/><G130/><T126/><D126/><U123/><E123/><N who="3" m="31490" /><W43/><DORA hai="115" /><G43/><T112/><D112/><U16/><E16/><N who="2" m="12775" /><F94/><W107/><G107/><T9/><D9/><U132/><E132/><V114/><F114/><W89/><G7/><T10/><D47/><U35/><E35/><V91/><F51/><W78/><G78/><T109/><D55/><U103/><E103/><V76/><F76/><W117/><G117/><T53/><D53/><U39/><E39/><N who="2" m="21567" /><F91/><W20/><G1/><T99/><D109/><U73/><E73/><V68/><F68/><W45/><G89/><T111/><D111/><U50/><E50/><V96/><F101/><W63/><G45/><T33/><D33/><U113/><E113/><V75/><F75/><W124/><G34/><T40/><D40/><RYUUKYOKU ba="0,1" sc="325,-15,229,15,293,15,143,-15" hai1="17,19,22,31,57,60,62,64,65,71,95,98,102" hai2="96" /><INIT seed="1,1,1,4,1,66" ten="310,244,308,128" oya="1" hai0="90,105,109,46,62,25,103,128,12,5,68,50,1" hai1="95,79,6,115,67,32,19,23,22,14,61,108,121" hai2="118,15,34,45,94,42,73,8,80,54,117,10,7" hai3="51,133,82,37,49,38,122,83,135,60,52,89,21"/><U134/><E115/><V110/><F34/><W119/><G21/><T113/><D113/><U69/><E121/><V125/><F110/><W124/><G89/><T104/><D1/><U127/><E32/><V111/><F111/><W99/><G99/><T74/><D74/><U123/><E123/><V13/><F125/><W44/><G122/><T35/><D90/><U56/><E108/><V0/><F54/><N who="3" m="29991" /><G83/><T88/><D88/><U126/><E134/><N who="3" m="51210" /><G82/><T57/><D103/><U41/><E41/><V91/><F80/><W96/><G96/><T30/><D109/><U92/><E79/><V58/><F58/><N who="3" m="33055" /><G124/><N who="1" m="47658" /><E6/><V116/><F73/><W120/><G120/><T4/><D4/><U97/><E23/><V132/><F132/><W102/><G102/><T86/><D5/><U70/><E95/><V77/><F77/><W11/><G11/><T17/><D104/><U93/><E93/><V65/><F10/><W85/><G85/><T84/><D105/><U130/><E130/><V107/><F107/><W16/><G16/><T31/><D128/><U36/><E36/><N who="3" m="13930" /><G119/><T100/><D31/><U101/><AGARI ba="1,1" hai="14,19,22,56,61,67,69,70,92,97,101" m="47658" machi="101" ten="30,6000,0" yaku="18,1,52,2" doraHai="66" who="1" fromWho="1" sc="310,-21,244,73,308,-21,128,-21" /><INIT seed="1,2,0,4,4,69" ten="289,317,287,107" oya="1" hai0="37,36,116,53,70,23,77,56,75,57,51,86,129" hai1="118,66,6,1,67,13,134,117,82,58,39,112,111" hai2="97,85,72,99,43,103,35,74,114,26,15,90,14" hai3="131,101,31,30,64,89,60,106,135,84,91,4,107"/><U50/><E1/><V98/><F103/><W83/><G135/><T109/><D75/><U68/><E112/><V42/><F114/><W108/><G108/><T119/><D23/><U65/><E82/><V11/><F15/><W128/><G4/><T95/><D95/><U40/><E6/><V33/><F74/><W79/><G60/><T121/><D86/><U49/><E13/><V93/><F72/><W45/><G45/><N who="0" m="27887" /><D77/><U96/><E96/><V47/><F42/><W32/><G64/><N who="1" m="24682" /><E134/><V130/><F130/><N who="3" m="49707" /><G32/><T12/><D12/><U41/><E111/><V20/><F20/><W27/><G27/><T78/><D78/><U125/><E125/><V92/><F26/><W29/><G101/><T120/><D129/><U62/><E40/><V132/><F132/><W7/><G7/><T122/><D109/><U81/><E81/><V46/><F93/><W55/><G55/><T48/><D121/><U71/><E50/><V21/><F21/><W87/><G79/><T2/><D2/><U52/><E71/><V124/><F124/><W5/><G5/><T127/><D70/><U104/><E104/><N who="3" m="39978" /><G83/><T73/><D127/><U133/><E133/><V113/><F113/><W17/><G17/><T54/><D122/><U105/><E105/><V102/><F102/><W59/><G59/><N who="0" m="33223" /><D120/><U34/><E34/><N who="2" m="12811" /><F43/><W94/><G94/><T8/><D57/><U25/><E25/><V123/><F123/><W110/><G110/><T22/><D56/><U80/><E80/><V10/><F14/><W3/><G3/><T9/><D73/><U88/><E88/><AGARI ba="2,0" hai="29,30,31,84,87,88,89,91" m="39978,49707" machi="88" ten="40,8000,1" yaku="28,2,19,1,54,1" doraHai="69" who="3" fromWho="1" sc="289,0,317,-86,287,0,107,86" /><INIT seed="2,0,0,4,0,30" ten="289,231,287,193" oya="2" hai0="15,97,79,124,31,86,89,38,130,133,35,58,106" hai1="60,87,75,131,107,81,22,117,93,68,57,28,123" hai2="78,24,114,100,119,134,23,27,47,104,4,85,103" hai3="71,51,126,118,113,0,92,66,83,21,77,76,39"/><V129/><F114/><W63/><G118/><T42/><D130/><U116/><E107/><V41/><F119/><W90/><G113/><T14/><D124/><U17/><E68/><V101/><F129/><W73/><G126/><T74/><D133/><U115/><E115/><V11/><F134/><W19/><G39/><T33/><D58/><U110/><E131/><V56/><F56/><W132/><G132/><T3/><D3/><U1/><E1/><V127/><F104/><W88/><G0/><T112/><D31/><U52/><E28/><V55/><F55/><W54/><G76/><T9/><D14/><U120/><E93/><V36/><F127/><W44/><REACH who="3" step="1"/><G92/><REACH who="3" ten="289,231,287,183" step="2"/><T94/><D38/><U84/><E116/><V43/><F78/><W25/><AGARI ba="0,1" hai="19,21,25,44,51,54,63,66,71,73,77,83,88,90" machi="25" ten="20,12000,2" yaku="1,1,2,1,0,1,7,1,54,1,53,1" doraHai="30" doraHaiUra="50" who="3" fromWho="3" sc="289,-30,231,-30,287,-60,183,130" /><INIT seed="3,0,0,3,0,124" ten="259,201,227,313" oya="3" hai0="115,37,75,47,129,118,27,76,122,69,35,31,97" hai1="23,135,1,3,89,68,29,119,132,21,7,116,83" hai2="101,6,123,86,45,92,134,87,13,28,125,111,99" hai3="10,59,80,38,34,9,73,81,82,84,39,104,30"/><W78/><G104/><T52/><D118/><N who="1" m="45099" /><E68/><V20/><F125/><W113/><G113/><T8/><D122/><U133/><E83/><V36/><F123/><W44/><G59/><T112/><D69/><U117/><N who="1" m="45107" /><U126/><DORA hai="70" /><E126/><V64/><F64/><W63/><G63/><T11/><D129/><U46/><E89/><V2/><F111/><W15/><G81/><N who="0" m="45215" /><D97/><U24/><E46/><V88/><F134/><N who="1" m="34305" /><U32/><DORA hai="96" /><E7/><V74/><F74/><W51/><G44/><T55/><D55/><U48/><E48/><V130/><F130/><W107/><G51/><T33/><D52/><U61/><E61/><V42/><F86/><W40/><G84/><T114/><D47/><U17/><E32/><V50/><F50/><W16/><G34/><T0/><D33/><U14/><AGARI ba="0,0" hai="1,3,14,17,21,23,24,29" m="34305,45107" machi="14" ten="60,8000,1" yaku="12,1,20,1,34,2" doraHai="124,70,96" who="1" fromWho="1" sc="259,-20,201,80,227,-20,313,-40" /><INIT seed="4,0,0,3,0,68" ten="239,281,207,273" oya="0" hai0="2,64,132,49,45,95,86,5,31,109,44,29,91" hai1="17,119,27,40,117,66,41,4,69,110,80,101,13" hai2="120,122,52,103,37,135,23,26,54,74,42,124,97" hai3="76,73,51,38,35,0,71,82,10,47,46,48,63"/><T15/><D2/><U116/><E110/><V87/><F74/><W93/><G35/><T133/><D64/><U89/><E4/><V134/><F87/><W6/><G93/><T115/><D109/><U92/><E101/><V100/><F124/><W111/><G111/><T59/><D115/><U19/><E80/><V53/><F120/><W50/><G47/><T36/><D59/><U67/><E27/><V126/><F126/><W108/><G108/><T118/><D118/><U75/><E75/><V34/><F34/><W72/><G72/><T21/><D45/><U62/><E67/><V88/><F122/><W55/><G71/><T114/><D114/><U131/><E131/><V106/><F100/><W32/><G32/><T112/><D112/><U56/><E69/><V8/><F8/><W3/><G3/><T24/><D31/><U14/><E14/><V113/><F113/><W18/><G18/><T102/><D102/><U128/><E17/><V22/><F88/><W79/><G79/><T96/><D96/><U104/><E104/><V12/><F12/><W7/><G7/><T90/><D90/><U61/><E61/><V57/><F57/><N who="3" m="33023" /><G63/><T11/><REACH who="0" step="1"/><D36/><REACH who="0" ten="229,281,207,273" step="2"/><U25/><E116/><V105/><F105/><W98/><G98/><T28/><D28/><U81/><E117/><V125/><F125/><W9/><G38/><T70/><D70/><U77/><E119/><V1/><F1/><N who="3" m="207" /><G46/><T129/><D129/><U84/><E128/><V78/><F78/><W123/><G123/><T127/><D127/><U33/><E77/><V58/><F37/><W30/><G30/><RYUUKYOKU ba="0,1" sc="229,15,281,-15,207,-15,273,15" hai0="5,11,15,21,24,29,44,49,86,91,95,132,133" hai3="0,10,48,50,73,76,82" /><INIT seed="4,1,1,4,1,87" ten="244,266,192,288" oya="0" hai0="92,99,6,36,110,19,95,108,76,67,77,23,17" hai1="13,129,15,4,34,88,96,72,41,125,53,101,114" hai2="51,57,97,105,30,35,28,116,123,91,44,134,84" hai3="89,29,113,14,12,62,2,7,69,50,79,0,74"/><T78/><D36/><U54/><E72/><V126/><F123/><W106/><G106/><T33/><D33/><U46/><E34/><V20/><F35/><W83/><G113/><T56/><D6/><U93/><E114/><V121/><F121/><W31/><G50/><T118/><D118/><U85/><E125/><V128/><F126/><W130/><G130/><T60/><D95/><N who="1" m="54671" /><E129/><V26/><F128/><W9/><G89/><N who="0" m="55695" /><D23/><U10/><E13/><V11/><F116/><W131/><G131/><T22/><D22/><U104/><E104/><V81/><F134/><W27/><G14/><T66/><D66/><U45/><E41/><V122/><F122/><W52/><G69/><T71/><D71/><U80/><E80/><V55/><F11/><W47/><G29/><T111/><AGARI ba="1,1" hai="17,19,56,60,67,76,77,78,108,110,111" m="55695" machi="111" ten="40,3900,0" yaku="10,1,52,1" doraHai="87" who="0" fromWho="0" sc="244,52,266,-14,192,-14,288,-14" /><INIT seed="4,2,0,1,5,4" ten="296,252,178,274" oya="0" hai0="14,95,105,122,81,30,49,99,63,40,71,117,66" hai1="53,134,121,113,23,78,85,25,48,68,93,118,87" hai2="16,5,1,120,52,94,13,119,108,27,98,62,28" hai3="90,45,7,31,102,34,46,61,58,103,6,9,69"/><T60/><D117/><U38/><E118/><V106/><F108/><W107/><G69/><T96/><D122/><U109/><E109/><V100/><F120/><W125/><G125/><T64/><D105/><U116/><E38/><V54/><F119/><W17/><G31/><T133/><D133/><U92/><E68/><V42/><F42/><W10/><G34/><T123/><D123/><U11/><E116/><V111/><F111/><W76/><G76/><T56/><D30/><U15/><E121/><V131/><F131/><W44/><G107/><T39/><D39/><U41/><E134/><V124/><F124/><W35/><G35/><T47/><D81/><N who="1" m="47287" /><E87/><V2/><F106/><W89/><G17/><T132/><D132/><U57/><E41/><V59/><F5/><N who="3" m="1547" /><G90/><T91/><D14/><U32/><E32/><V79/><F79/><W97/><G89/><T115/><D115/><U67/><E67/><N who="2" m="39391" /><F1/><W75/><G75/><T19/><D19/><N who="1" m="8703" /><E113/><V80/><F2/><W104/><G104/><T110/><D110/><U51/><E51/><V112/><F80/><W129/><G129/><T70/><D70/><U65/><E65/><V26/><F112/><W130/><G130/><T21/><D21/><U24/><E24/><N who="2" m="9259" /><F28/><AGARI ba="2,0" hai="23,25,28,48,53,57,92,93" m="8703,47287" machi="28" ten="30,2000,0" yaku="8,1,52,1" doraHai="4" who="1" fromWho="2" sc="296,0,252,26,178,-26,274,0" /><INIT seed="5,0,0,3,0,97" ten="296,278,152,274" oya="1" hai0="131,118,79,32,58,31,133,25,16,70,44,61,87" hai1="110,115,46,56,130,24,127,52,89,0,62,84,77" hai2="80,35,59,78,36,134,126,74,116,7,63,48,119" hai3="60,69,43,101,9,21,65,94,83,102,107,28,73"/><U13/><E0/><V14/><F36/><W68/><G68/><T91/><D118/><U128/><E115/><V49/><F35/><W55/><G107/><T11/><D70/><U72/><E127/><V135/><F126/><W41/><G55/><T8/><D133/><N who="2" m="50698" /><F7/><W40/><G94/><T99/><D131/><N who="1" m="50219" /><E110/><V33/><F33/><W15/><G21/><N who="0" m="13479" /><D32/><U112/><E112/><V37/><F37/><W90/><G28/><T76/><D99/><U2/><E2/><V30/><F14/><W121/><G121/><T19/><D44/><U54/><E24/><V117/><F30/><W29/><G29/><T71/><D71/><U6/><E77/><N who="0" m="29769" /><D19/><U38/><E72/><V53/><AGARI ba="0,0" hai="48,49,53,59,63,74,78,80,116,117,119" m="50698" machi="53" ten="40,1500,0" yaku="20,1" doraHai="97" who="2" fromWho="2" sc="296,-4,278,-7,152,15,274,-4" /><INIT seed="6,0,0,2,2,42" ten="292,271,167,270" oya="2" hai0="23,53,111,133,122,72,36,65,75,118,45,87,82" hai1="50,40,106,121,17,95,32,84,103,11,124,8,101" hai2="7,60,48,54,85,67,19,120,123,20,99,28,113" hai3="47,94,3,46,100,81,97,107,131,104,6,55,49"/><V127/><F113/><W116/><G116/><T69/><D111/><U34/><E106/><V115/><F115/><W66/><G131/><T102/><D122/><U27/><E121/><V58/><F127/><W1/><G66/><T86/><D102/><U96/><E124/><V119/><F119/><W30/><G30/><T76/><D133/><U125/><E125/><V35/><F7/><W59/><G81/><T109/><D109/><U25/><E84/><V89/><F99/><W62/><G47/><T24/><D87/><U16/><E50/><V79/><F79/><W52/><REACH who="3" step="1"/><G6/><REACH who="3" ten="292,271,167,260" step="2"/><T61/><D118/><U41/><E96/><V134/><F134/><W63/><G63/><T77/><D77/><U26/><E26/><V31/><F35/><W92/><G92/><AGARI ba="0,1" hai="8,11,16,17,25,27,32,34,40,41,92,95,101,103" machi="92" ten="25,3200,0" yaku="22,2,54,1" doraHai="42" who="1" fromWho="3" sc="292,0,271,42,167,0,260,-32" owari="292,9.2,313,41.3,167,-33.3,228,-17.2" /></mjloggm>