<mjloggm ver="2.3"><GO type="169" lobby="0"/><UN n0="%E3%81%A8%E3%82%8D%E3%82%8D%E3%81%9D%E3%81%B0" n1="%43%65%6C%65%73%54%65" n2="%E3%81%82%E3%81%9F%E3%82%89%E3%81%93" n3="%43%4F%45%44%4F%E7%B7%91" dan="17,16,16,18" rate="2227.90,2112.89,2074.68,2198.03" sx="M,M,M,F"/><TAIKYOKU oya="0"/><INIT seed="0,0,0,3,0,82" ten="250,250,250,250" oya="0" hai0="118,29,101,104,114,122,124,117,97,134,111,31,33" hai1="9,84,126,32,81,39,44,4,88,65,76,119,69" hai2="123,128,11,15,20,90,67,74,60,19,41,5,80" hai3="54,22,70,25,98,95,50,109,6,10,73,68,77"/><T100/><D122/><U1/><E126/><V86/><F123/><W106/><G106/><T129/><D114/><U59/><E119/><V3/><F128/><W133/><G109/><T51/><D51/><U71/><E32/><V135/><F135/><W46/><G77/><T99/><D33/><U24/><E24/><V130/><F130/><W132/><G73/><T92/><D129/><U110/><E110/><V0/><F41/><W103/><G132/><T49/><D49/><U36/><E36/><V13/><REACH who="2" step="1"/><F74/><REACH who="2" ten="250,250,240,250" step="2"/><W64/><G133/><T14/><D134/><U116/><E116/><V42/><F42/><W66/><G70/><AGARI ba="0,1" hai="0,3,5,11,13,15,19,20,60,67,70,80,86,90" machi="70" ten="30,3900,0" yaku="1,1,7,1,52,1,53,0" doraHai="82" doraHaiUra="30" who="2" fromWho="3" sc="250,0,250,0,240,49,250,-39" /><INIT seed="1,0,0,5,1,111" ten="250,250,289,211" oya="1" hai0="67,19,112,75,51,53,49,61,13,60,98,81,125" hai1="23,90,92,71,65,17,72,68,74,70,21,78,7" hai2="114,40,45,124,106,63,99,135,108,85,128,66,64" hai3="2,86,110,39,94,33,102,14,123,56,27,11,77"/><U37/><E37/><V42/><F108/><W38/><G110/><T48/><D125/><U96/><E7/><V55/><F106/><W122/><G2/><T107/><D53/><U46/><E46/><V15/><F15/><W120/><G77/><T43/><D43/><U126/><E126/><V58/><F85/><W1/><G1/><T4/><D4/><U10/><E65/><V119/><F124/><W3/><G3/><T116/><D116/><U127/><E127/><V24/><F24/><W18/><G56/><T88/><D75/><U57/><E57/><V105/><F99/><W117/><G117/><T12/><D12/><U115/><E115/><V34/><F34/><W104/><G104/><T6/><D6/><U8/><E78/><V69/><F105/><W29/><REACH who="3" step="1"/><G102/><REACH who="3" ten="250,250,289,201" step="2"/><T54/><D107/><U131/><E131/><V134/><F128/><W103/><G103/><T59/><D59/><U132/><E132/><V118/><F118/><W47/><G47/><T36/><D112/><U80/><E71/><V91/><F114/><W76/><G76/><T31/><D61/><U26/><E70/><V79/><F79/><W129/><G129/><T9/><D60/><U28/><E68/><V41/><F119/><W25/><G25/><T20/><D67/><U87/><E72/><V130/><F130/><W109/><G109/><T82/><D54/><U133/><E74/><V0/><F0/><W113/><G113/><T95/><D36/><U89/><E133/><N who="2" m="50699" /><F45/><W100/><G100/><T97/><D97/><U16/><E28/><V50/><F66/><W32/><G32/><RYUUKYOKU ba="0,1" sc="250,0,250,0,289,0,201,0" hai0="9,13,19,20,31,48,49,51,81,82,88,95,98" hai1="8,10,16,17,21,23,26,80,87,89,90,92,96" hai2="40,41,42,50,55,58,63,64,69,91" hai3="11,14,18,27,29,33,38,39,86,94,120,122,123" /><INIT seed="1,1,1,0,5,80" ten="250,250,289,201" oya="1" hai0="83,111,23,113,48,18,29,96,11,82,24,41,7" hai1="125,62,16,108,52,131,56,19,64,95,38,91,63" hai2="103,35,69,99,78,100,4,71,110,40,5,60,66" hai3="116,28,20,17,114,112,89,124,50,72,90,104,129"/><U126/><E131/><V51/><F35/><W33/><G104/><T98/><D113/><U67/><E38/><V37/><F71/><W14/><G72/><T32/><D111/><U107/><E107/><V68/><F69/><W47/><G129/><T75/><D41/><U1/><E1/><V86/><F110/><W49/><G124/><N who="1" m="47722" /><E108/><V76/><F76/><W106/><G106/><T46/><D75/><U128/><E128/><V61/><F61/><W45/><G116/><T9/><D9/><U127/><N who="1" m="47730" /><U92/><DORA hai="36" /><E92/><V119/><F37/><W43/><G28/><T31/><D98/><N who="1" m="57727" /><E64/><V74/><F99/><W121/><G33/><T22/><D96/><U120/><E120/><V123/><F123/><W12/><G121/><T87/><D83/><U55/><E55/><V73/><F103/><W25/><G114/><T59/><D32/><U135/><E135/><V58/><F100/><W13/><G112/><T15/><D59/><AGARI ba="1,1" hai="16,19,52,56,59,62,63,67" m="57727,47730" machi="59" ten="40,7700,0" yaku="18,1,54,2" doraHai="80,36" who="1" fromWho="0" sc="250,-80,250,90,289,0,201,0" /><INIT seed="1,2,0,5,5,67" ten="170,340,289,201" oya="1" hai0="117,128,95,97,40,1,4,25,68,23,96,107,122" hai1="20,124,52,101,90,32,5,130,66,48,115,64,9" hai2="28,63,33,125,89,99,57,39,12,36,70,134,16" hai3="27,58,73,50,78,61,112,119,98,113,53,72,15"/><U83/><E115/><V2/><F2/><W109/><G119/><T71/><D117/><U100/><E32/><V79/><F79/><W31/><G109/><T3/><D40/><U46/><E124/><V7/><F125/><W118/><G118/><T93/><D107/><U110/><E130/><V105/><F7/><W84/><G84/><T132/><D128/><U76/><E20/><V47/><F47/><W55/><G15/><T45/><D132/><U123/><E90/><V62/><F62/><W59/><G98/><T17/><D122/><U14/><E110/><V92/><F134/><W111/><G111/><T8/><D1/><U103/><REACH who="1" step="1"/><E123/><REACH who="1" ten="170,330,289,201" step="2"/><V13/><F33/><W104/><G112/><T80/><D80/><U129/><E129/><V26/><F89/><W131/><G131/><T75/><D75/><AGARI ba="2,1" hai="5,9,14,46,48,52,64,66,75,76,83,100,101,103" machi="75" ten="40,3900,0" yaku="1,1,54,1,53,0" doraHai="67" doraHaiUra="21" who="1" fromWho="0" sc="170,-45,330,55,289,0,201,0" /><INIT seed="1,3,0,1,4,114" ten="125,385,289,201" oya="1" hai0="104,53,58,117,129,120,71,126,28,128,112,48,66" hai1="62,49,124,17,94,118,2,93,19,125,45,131,32" hai2="123,106,135,95,134,109,107,90,89,46,23,111,34" hai3="83,52,101,13,115,3,44,21,127,84,38,37,36"/><U15/><E118/><V113/><F34/><W39/><G115/><T51/><D104/><U60/><E131/><N who="0" m="50249" /><D28/><U86/><E32/><V133/><F46/><W76/><G3/><T9/><D9/><U30/><E30/><V63/><F63/><W92/><G127/><N who="1" m="48714" /><E2/><V87/><F23/><W4/><G4/><T61/><D126/><U54/><E19/><V11/><F11/><W59/><G101/><T75/><D75/><U6/><E6/><V5/><F5/><W8/><G92/><N who="1" m="35434" /><E86/><N who="2" m="52663" /><F123/><W65/><G8/><AGARI ba="3,0" hai="8,15,17,45,49,54,60,62" m="35434,48714" machi="8" ten="30,1500,0" yaku="18,1" doraHai="114" who="1" fromWho="3" sc="125,0,385,24,289,0,201,-24" /><INIT seed="1,4,0,4,5,6" ten="125,409,289,177" oya="1" hai0="59,100,109,82,113,12,30,90,21,72,40,101,46" hai1="114,41,128,129,73,115,68,36,67,103,49,92,19" hai2="71,0,87,94,62,125,51,63,47,17,135,55,1" hai3="33,16,112,85,43,7,25,44,102,10,131,116,89"/><U93/><E73/><V111/><F135/><W110/><G112/><T64/><D113/><U88/><E36/><V132/><F132/><W28/><G110/><T84/><D109/><U77/><E77/><V32/><F32/><W134/><G134/><T20/><D72/><U57/><E68/><V2/><F125/><W69/><G69/><T108/><D108/><U86/><E19/><V60/><F111/><W117/><G102/><T15/><D21/><U123/><E123/><V5/><F17/><W45/><G131/><N who="1" m="50250" /><E41/><V80/><F94/><W61/><G61/><T31/><D31/><U120/><E120/><V56/><F71/><W74/><G74/><T106/><D106/><U96/><E67/><V22/><F22/><W48/><G44/><T121/><D121/><U54/><AGARI ba="4,0" hai="49,54,57,86,88,92,93,96,103,114,115" m="50250" machi="54" ten="30,3000,0" yaku="19,1,54,1" doraHai="6" who="1" fromWho="1" sc="125,-14,409,42,289,-14,177,-14" /><INIT seed="1,5,0,3,2,74" ten="111,451,275,163" oya="1" hai0="71,133,90,93,98,46,41,102,11,104,85,87,6" hai1="4,24,124,33,76,135,117,62,125,42,100,120,39" hai2="78,59,31,75,68,30,64,38,35,70,14,121,61" hai3="26,103,13,107,25,43,17,84,28,44,37,73,122"/><U111/><E117/><V21/><F121/><W51/><G122/><T118/><D133/><U22/><E120/><V72/><F38/><W106/><G73/><T83/><D71/><U20/><E135/><V66/><F35/><W110/><G110/><T114/><D114/><U18/><E100/><V101/><F101/><W27/><G28/><T97/><D118/><U96/><E96/><V99/><F99/><W19/><G103/><T116/><D116/><U82/><E111/><V7/><F7/><W52/><G84/><T36/><REACH who="0" step="1"/><D83/><REACH who="0" ten="101,451,275,163" step="2"/><U112/><E112/><V15/><F70/><W5/><G5/><T77/><D77/><U9/><E76/><V86/><F68/><W23/><REACH who="3" step="1"/><G19/><REACH who="3" ten="101,451,275,153" step="2"/><T88/><D88/><U34/><E18/><V58/><F31/><W105/><G105/><T3/><AGARI ba="5,2" hai="3,6,11,36,41,46,85,87,90,93,97,98,102,104" machi="3" ten="20,8000,1" yaku="1,1,0,1,7,1,53,2" doraHai="74" doraHaiUra="81" who="0" fromWho="0" sc="101,115,451,-45,275,-25,153,-25" /><INIT seed="2,0,0,0,1,6" ten="216,406,250,128" oya="2" hai0="73,7,91,21,120,23,110,5,63,88,13,20,89" hai1="126,60,125,29,18,47,105,61,64,49,92,82,67" hai2="90,45,107,56,76,37,86,79,111,62,33,12,80" hai3="101,40,54,134,28,30,1,133,96,11,130,106,93"/><V123/><F33/><W114/><G130/><T115/><D120/><U14/><E105/><V108/><F107/><W124/><G124/><N who="1" m="47722" /><E29/><V103/><F103/><W16/><G114/><T9/><D115/><U34/><E34/><V113/><F123/><W122/><G122/><T53/><D73/><U102/><E82/><V2/><F2/><W39/><G1/><T121/><D121/><U135/><E135/><N who="3" m="51722" /><G54/><T131/><D131/><U94/><E61/><V75/><F113/><W51/><G39/><T127/><D127/><U35/><E35/><V117/><F117/><W44/><G106/><T70/><D110/><N who="2" m="42026" /><F75/><W38/><G38/><T100/><D100/><U72/><E72/><V43/><F12/><AGARI ba="0,0" hai="11,12,16,28,30,40,44,51,93,96,101" m="51722" machi="12" ten="30,3900,0" yaku="20,1,52,1,54,1" doraHai="6" who="3" fromWho="2" sc="216,0,406,0,250,-39,128,39" /><INIT seed="3,0,0,3,3,106" ten="216,406,211,167" oya="3" hai0="54,112,87,19,128,73,63,83,51,7,122,5,17" hai1="46,124,114,52,9,96,120,38,24,85,66,90,105" hai2="118,70,72,15,69,59,98,43,41,25,31,102,21" hai3="16,117,84,6,44,104,94,55,1,32,119,35,131"/><W61/><G104/><T76/><D122/><U14/><E114/><V135/><F118/><W56/><G131/><T20/><D128/><U129/><E120/><V45/><F135/><W123/><G123/><T75/><D112/><U89/><E124/><V93/><F72/><W134/><G134/><T99/><D63/><U88/><E129/><V101/><F101/><W64/><G6/><T132/><D132/><U95/><E105/><V36/><F43/><W49/><G1/><T113/><D113/><U133/><E133/><V92/><F93/><W77/><G119/><T111/><D19/><U53/><E66/><V0/><F0/><W121/><G121/><T127/><D127/><U62/><E24/><V110/><F110/><W82/><G117/><T126/><D126/><U65/><E85/><V23/><F15/><W100/><REACH who="3" step="1"/><G16/><REACH who="3" ten="216,406,211,157" step="2"/><T71/><D5/><U91/><E14/><V86/><F21/><W39/><G39/><T81/><D7/><U103/><E9/><V42/><F23/><W33/><G33/><T78/><D17/><U18/><E18/><V60/><F36/><W125/><G125/><T58/><D20/><U130/><E130/><V12/><F12/><W47/><G47/><T40/><D111/><U34/><E34/><V109/><F45/><W79/><G79/><T3/><D3/><U10/><E10/><V74/><F109/><W67/><G67/><T50/><D78/><U116/><E116/><V68/><F25/><W29/><G29/><T30/><D30/><U108/><E108/><V22/><F31/><W26/><G26/><T2/><D2/><RYUUKYOKU ba="0,1" sc="216,-10,406,-10,211,-10,157,30" hai3="32,35,44,49,55,56,61,64,77,82,84,94,100" /><INIT seed="3,1,1,3,5,54" ten="206,396,201,187" oya="3" hai0="33,99,102,61,28,108,8,111,71,86,120,109,82" hai1="40,11,10,128,18,88,104,2,57,46,50,83,67" hai2="58,72,47,23,134,133,22,21,24,113,130,17,53" hai3="52,95,94,43,16,92,84,41,79,12,81,119,5"/><W115/><G115/><T19/><D120/><U42/><E128/><V132/><F72/><W101/><G119/><T123/><D123/><U77/><E104/><V105/><F113/><W15/><G101/><T112/><D112/><U91/><E2/><V7/><F105/><W121/><G121/><T68/><D61/><N who="1" m="38319" /><E40/><V107/><F107/><W4/><G52/><T1/><D33/><U80/><E11/><V55/><F130/><W0/><G0/><T37/><D37/><U38/><E38/><V36/><F7/><N who="3" m="2635" /><G12/><N who="0" m="7559" /><D1/><U35/><E35/><V56/><F47/><W49/><G49/><T29/><D102/><U59/><E59/><N who="2" m="22571" /><F36/><W89/><G79/><N who="0" m="46431" /><D99/><U3/><E3/><V51/><F51/><W126/><G126/><T45/><D45/><U66/><E66/><V124/><F124/><W106/><G106/><T78/><D78/><U100/><E100/><V122/><F122/><W127/><G127/><T65/><D65/><U30/><E77/><V87/><F87/><W93/><N who="3" m="23552" /><DORA hai="114" /><W69/><G69/><AGARI ba="1,1" hai="28,29,68,69,71,108,109,111" m="46431,7559" machi="69" ten="40,1300,0" yaku="14,1" doraHai="54,114" who="0" fromWho="3" sc="206,26,396,0,201,0,187,-16" /><INIT seed="4,0,0,3,0,117" ten="232,396,201,171" oya="0" hai0="7,30,68,102,62,89,45,114,25,99,5,65,103" hai1="79,58,49,84,59,52,34,94,100,31,64,87,132" hai2="8,78,122,107,67,23,18,115,105,44,19,83,80" hai3="14,126,72,27,134,16,93,128,88,53,38,125,75"/><T43/><D89/><U118/><E132/><V61/><F115/><W1/><G1/><T33/><D103/><U76/><E118/><V95/><F8/><W86/><G38/><T101/><D102/><U82/><E34/><V36/><F36/><W51/><G27/><T40/><D114/><U129/><E129/><V70/><F44/><W48/><G134/><T29/><D30/><U41/><E31/><V60/><F95/><W124/><G128/><T15/><D15/><U11/><E11/><V9/><F9/><N who="3" m="6223" /><G48/><T113/><D113/><U57/><E41/><V106/><F61/><W50/><G51/><T20/><D20/><U116/><E116/><V2/><F2/><W17/><G17/><T98/><D98/><N who="1" m="59479" /><E64/><V120/><F18/><W0/><G0/><T73/><D73/><U35/><E35/><V109/><F109/><W54/><G54/><T47/><D47/><AGARI ba="0,0" hai="47,50,53,72,75,86,88,93,124,125,126" m="6223" machi="47" ten="30,3900,0" yaku="18,1,54,2" doraHai="117" who="3" fromWho="0" sc="232,-39,396,0,201,0,171,39" /><INIT seed="5,0,0,5,1,74" ten="193,396,201,210" oya="1" hai0="21,17,5,20,59,125,96,50,48,37,120,126,109" hai1="113,2,123,84,85,134,70,4,107,36,13,32,83" hai2="121,99,61,33,122,80,24,116,76,27,41,133,9" hai3="10,62,105,95,49,93,127,79,114,16,43,129,72"/><U40/><E123/><V0/><F116/><W92/><G105/><T69/><D69/><U31/><E113/><V23/><F133/><W87/><G114/><T100/><D37/><U131/><E131/><V103/><F33/><W18/><G129/><T98/><D109/><U106/><E134/><V115/><F41/><W58/><G72/><T35/><D35/><U39/><E70/><V68/><F115/><W90/><G127/><T118/><D118/><U91/><E2/><V8/><F27/><W15/><G18/><T94/><D120/><U77/><E31/><V67/><F0/><W60/><G79/><T101/><D5/><U28/><E28/><V52/><F52/><N who="3" m="32015" /><G43/><T112/><D112/><U64/><E64/><V1/><F1/><W6/><G6/><T102/><D102/><U30/><E30/><V111/><F111/><W86/><G86/><T12/><D21/><U81/><E32/><V89/><F122/><W117/><G117/><T73/><D73/><U38/><E40/><V22/><F22/><W44/><G44/><T14/><D14/><U57/><E57/><V132/><F132/><W26/><G26/><T34/><D34/><U53/><E53/><V3/><F3/><W65/><G65/><T19/><D19/><U128/><E128/><V75/><F121/><W45/><G45/><T66/><D66/><U51/><E51/><N who="0" m="19497" /><D59/><U7/><E7/><V46/><F46/><W97/><G97/><T130/><D130/><U56/><E56/><V104/><F24/><W124/><G124/><T71/><D71/><U82/><E4/><V42/><F68/><RYUUKYOKU ba="0,0" sc="193,15,396,-15,201,-15,210,15" hai0="12,17,20,94,96,98,100,101,125,126" hai3="10,15,16,60,62,87,90,92,93,95" /><INIT seed="6,1,0,5,5,135" ten="208,381,186,225" oya="2" hai0="117,114,31,124,98,111,13,26,103,36,29,75,99" hai1="119,34,25,78,74,70,33,122,106,17,4,72,1" hai2="35,8,22,128,115,68,113,95,47,11,88,107,57" hai3="32,118,102,71,18,69,65,43,52,85,60,126,109"/><V10/><F107/><W108/><G32/><T51/><D111/><U96/><E17/><V5/><F68/><W44/><G102/><T110/><D110/><N who="3" m="42601" /><G18/><T14/><D36/><U24/><E24/><V49/><F35/><W53/><G85/><T20/><D75/><U81/><E74/><V7/><F22/><W45/><G118/><T55/><D117/><U3/><E119/><V28/><F28/><W90/><G90/><T15/><D114/><N who="2" m="43530" /><F57/><N who="3" m="37007" /><G126/><T120/><D120/><U89/><E122/><V87/><F128/><W48/><G53/><AGARI ba="1,0" hai="5,7,8,10,11,47,49,53,87,88,95" m="43530" machi="53" ten="30,2900,0" yaku="15,1,54,1" doraHai="135" who="2" fromWho="3" sc="208,0,381,0,186,32,225,-32" /><INIT seed="6,2,0,2,1,32" ten="208,381,218,193" oya="2" hai0="19,108,119,135,48,68,109,101,126,97,99,84,58" hai1="75,63,33,88,37,116,85,55,81,29,132,100,8" hai2="46,104,79,49,133,73,94,14,107,80,59,52,38" hai3="31,115,16,124,5,91,96,44,118,7,98,87,117"/><V125/><F133/><W78/><G124/><T74/><D68/><U41/><E116/><V47/><F125/><W105/><G31/><T131/><D74/><U12/><E132/><V72/><F73/><W102/><G115/><T71/><D71/><U95/><E37/><V103/><F14/><W18/><G78/><T61/><D126/><U10/><E41/><V6/><F6/><W53/><G98/><T22/><D135/><U25/><E12/><V111/><F111/><W64/><G64/><T17/><D131/><U93/><E93/><V13/><F13/><W27/><G5/><T110/><D119/><U90/><E100/><V121/><F121/><W56/><G44/><T3/><D3/><U45/><E75/><V24/><F24/><W123/><G7/><T2/><D2/><U114/><E114/><V30/><F30/><W36/><G36/><T134/><D134/><U21/><E33/><V1/><F1/><W11/><G11/><T122/><D122/><U0/><E0/><V76/><F76/><W60/><G123/><T128/><D128/><U42/><E42/><V54/><F47/><W65/><G65/><T112/><D112/><U40/><E40/><V34/><F34/><W69/><G69/><T66/><D110/><U92/><E45/><V83/><F38/><W35/><G35/><T23/><D109/><U70/><E70/><V57/><F46/><W15/><G27/><T51/><D108/><U9/><E90/><V4/><F4/><W50/><G50/><T20/><D101/><U26/><E26/><V82/><F72/><W120/><G120/><RYUUKYOKU ba="2,0" sc="208,-10,381,30,218,-10,193,-10" hai1="8,9,10,21,25,29,55,63,81,85,88,92,95" /><INIT seed="7,3,0,1,5,46" ten="198,411,208,183" oya="3" hai0="20,32,71,30,94,64,5,63,129,80,98,27,62" hai1="90,97,15,47,14,21,88,52,44,126,87,36,22" hai2="73,41,66,95,12,79,99,134,10,81,84,16,108" hai3="112,54,132,121,56,104,113,11,125,130,43,109,4"/><W31/><G121/><T101/><D129/><U59/><E126/><V9/><F108/><W92/><G104/><T93/><D5/><U7/><E36/><V37/><F134/><W103/><G132/><T102/><D63/><N who="1" m="36327" /><E97/><V100/><F66/><W61/><G125/><T42/><D42/><U117/><E117/><V2/><F37/><W53/><G130/><T131/><D131/><U49/><E47/><V127/><F41/><W18/><G31/><T96/><D80/><N who="1" m="49255" /><E90/><V50/><F73/><W33/><G33/><AGARI ba="3,0" hai="20,27,30,32,33,62,64,71,93,94,96,98,101,102" machi="33" ten="40,1300,0" yaku="9,1" doraHai="46" who="0" fromWho="3" sc="198,22,411,0,208,0,183,-22" owari="220,2.0,411,51.1,208,-19.2,161,-33.9" /></mjloggm>