<mjloggm ver="2.3"><GO type="169" lobby="0"/><UN n0="%E6%9C%88%E5%A4%9C%E3%81%AB%E9%A2%A8" n1="%79%7A%68%61%6E%67" n2="%53%6F%6C%69%64" n3="%41%6C%6C%2D%4C%75%63%6B" dan="16,16,17,16" rate="2074.50,2169.55,2169.35,2133.19" sx="M,M,M,M"/><TAIKYOKU oya="0"/><INIT seed="0,0,0,3,3,114" ten="250,250,250,250" oya="0" hai0="92,128,8,30,132,40,50,17,69,111,58,106,0" hai1="75,89,60,82,97,34,46,103,49,99,119,123,94" hai2="118,3,45,87,47,36,12,91,105,51,131,44,104" hai3="55,15,85,100,108,5,102,37,127,25,62,110,65"/><T19/><D106/><U129/><E123/><V73/><F3/><W53/><G37/><T2/><D69/><U116/><E34/><V52/><F73/><W93/><G127/><T48/><D128/><U130/><E60/><V124/><F124/><W135/><G135/><T76/><D132/><U14/><E14/><V66/><F131/><N who="1" m="50185" /><E49/><V23/><F66/><W59/><G25/><T10/><D30/><U24/><E24/><V83/><F118/><N who="1" m="45097" /><E46/><V33/><F33/><W13/><G13/><T79/><D58/><U95/><E82/><V54/><F36/><W64/><G15/><T96/><D40/><U71/><E71/><V80/><F80/><W125/><G5/><T28/><D28/><U9/><E9/><V77/><F47/><W7/><G7/><T112/><D48/><U107/><E75/><V117/><F117/><W57/><G125/><T81/><D50/><U98/><E98/><V115/><F45/><W6/><G6/><T101/><D81/><U90/><E90/><V21/><F91/><W86/><G62/><T74/><D74/><U78/><E78/><V126/><F126/><W68/><G68/><T72/><D72/><U42/><E42/><V35/><F35/><W32/><G32/><T88/><D96/><U63/><E63/><V31/><F44/><W61/><G61/><T16/><D88/><U20/><E20/><V29/><F23/><W113/><G59/><T1/><D1/><U4/><E4/><V38/><F51/><W18/><G57/><T109/><D0/><U26/><E26/><V133/><F21/><W120/><G64/><RYUUKYOKU ba="0,0" sc="250,-10,250,30,250,-10,250,-10" hai1="89,94,95,97,99,103,107" /><INIT seed="1,1,0,0,4,80" ten="240,280,240,240" oya="1" hai0="91,90,129,95,107,75,63,10,12,67,119,62,72" hai1="54,45,19,93,2,5,133,85,131,66,81,74,132" hai2="39,32,120,50,122,102,26,11,128,99,84,125,59" hai3="23,22,130,78,83,0,35,105,14,9,34,110,76"/><U106/><E106/><V57/><F39/><W25/><G105/><T113/><D119/><U49/><E131/><V33/><F128/><W94/><G110/><T60/><D113/><U108/><E108/><V42/><F125/><W47/><G130/><T18/><D129/><U135/><E66/><V64/><F11/><W28/><G94/><T126/><D126/><U127/><E127/><V111/><F111/><W86/><G76/><T20/><D107/><U71/><E71/><V40/><F64/><W36/><G0/><T96/><D67/><U52/><E74/><V104/><F26/><W31/><G36/><T6/><REACH who="0" step="1"/><D90/><REACH who="0" ten="230,280,240,240" step="2"/><N who="1" m="53455" /><E81/><V58/><F120/><W124/><G124/><T68/><D68/><U118/><E118/><V4/><F122/><W87/><G47/><T69/><D69/><U79/><E79/><V103/><F104/><W37/><G78/><T3/><AGARI ba="1,1" hai="3,6,10,12,18,20,60,62,63,72,75,91,95,96" machi="3" ten="30,2000,0" yaku="1,1,0,1,53,0" doraHai="80" doraHaiUra="46" who="0" fromWho="0" sc="230,33,280,-11,240,-6,240,-6" /><INIT seed="2,0,0,2,4,65" ten="263,269,234,234" oya="2" hai0="118,83,95,103,91,23,67,48,22,77,3,85,105" hai1="108,117,17,132,68,0,115,47,45,86,122,43,100" hai2="125,106,66,75,4,51,26,31,130,135,49,61,11" hai3="121,52,120,123,27,12,113,127,87,126,134,111,60"/><V89/><F75/><W104/><G104/><T79/><D3/><U24/><E0/><V84/><F106/><W116/><G87/><T81/><D118/><U119/><E100/><V6/><F125/><N who="3" m="47627" /><G27/><T46/><D67/><U124/><E86/><V101/><F101/><W37/><G12/><T96/><D83/><U112/><E17/><V19/><F19/><W36/><G116/><T76/><REACH who="0" step="1"/><D105/><REACH who="0" ten="253,269,234,234" step="2"/><U99/><E117/><V73/><F66/><W13/><G113/><T1/><D1/><U98/><E119/><V80/><F80/><W9/><G111/><T41/><AGARI ba="0,1" hai="22,23,41,46,48,76,77,79,81,85,91,95,96,103" machi="41" ten="30,7900,0" yaku="1,1,0,1,8,1,53,1" doraHai="65" doraHaiUra="78" who="0" fromWho="0" sc="253,89,269,-20,234,-39,234,-20" /><INIT seed="3,0,0,2,0,41" ten="342,249,195,214" oya="3" hai0="62,50,5,125,112,103,60,128,8,111,12,15,119" hai1="83,42,75,97,22,43,113,16,82,123,96,79,70" hai2="121,27,64,23,114,134,127,31,77,98,101,86,120" hai3="52,63,72,74,13,129,124,107,46,135,33,117,73"/><W40/><G117/><T53/><D119/><U99/><E123/><N who="2" m="47179" /><F114/><W30/><G107/><T65/><D112/><U3/><E113/><V67/><F127/><W109/><G124/><T81/><D111/><U54/><E3/><V24/><F134/><W45/><G135/><T133/><D128/><U39/><E70/><V35/><F86/><W59/><G129/><T61/><D125/><U132/><E132/><V4/><F4/><W32/><G109/><T89/><D103/><U56/><E82/><V116/><F77/><W104/><G104/><T19/><D133/><U20/><E20/><V49/><F49/><W18/><G30/><T21/><D89/><U7/><E7/><V94/><F116/><W29/><G29/><AGARI ba="0,0" hai="23,24,27,29,31,35,64,67,94,98,101" m="47179" machi="29" ten="30,1000,0" yaku="13,1" doraHai="41" who="2" fromWho="3" sc="342,0,249,0,195,10,214,-10" /><INIT seed="4,0,0,2,0,67" ten="342,249,205,204" oya="0" hai0="36,89,101,84,130,55,68,17,11,29,71,116,18" hai1="22,104,12,63,106,50,98,114,30,13,24,112,51" hai2="121,14,26,110,113,133,88,95,131,79,120,7,23" hai3="127,132,103,15,46,74,6,60,64,107,122,123,48"/><T21/><D116/><U56/><E50/><V66/><F110/><W80/><G127/><T27/><D36/><U96/><E51/><V77/><F113/><N who="1" m="43625" /><E96/><V85/><F131/><W5/><G132/><T73/><D73/><U1/><E1/><V91/><F133/><W118/><G118/><T135/><D130/><U72/><E72/><V0/><F0/><W90/><G103/><T31/><D101/><N who="1" m="62519" /><E106/><V49/><F66/><AGARI ba="0,0" hai="12,13,22,24,30,56,63,66" m="62519,43625" machi="66" ten="30,2000,0" yaku="15,1,11,1" doraHai="67" who="1" fromWho="2" sc="342,0,249,20,205,-20,204,0" /><INIT seed="5,0,0,4,0,68" ten="342,269,185,204" oya="1" hai0="50,83,49,90,77,26,12,5,63,78,11,119,122" hai1="135,37,103,81,91,47,15,126,27,105,16,130,60" hai2="25,116,52,54,9,7,59,74,58,44,18,62,104" hai3="129,36,4,80,41,120,6,98,8,125,124,31,32"/><U30/><E130/><V56/><F116/><W34/><G120/><T110/><D110/><U43/><E135/><V1/><F104/><W87/><G98/><T86/><D119/><U40/><E126/><N who="3" m="48746" /><G31/><T113/><D113/><U10/><E43/><V76/><F44/><N who="3" m="23591" /><G129/><T89/><D63/><U97/><E60/><V108/><F108/><W121/><G121/><T101/><D101/><U45/><E45/><V132/><F132/><W14/><G4/><T134/><D134/><U112/><E112/><V71/><F71/><W99/><G99/><T82/><D26/><U57/><E57/><V20/><REACH who="2" step="1"/><F62/><REACH who="2" ten="342,269,175,204" step="2"/><W55/><G55/><T48/><D122/><U51/><E51/><V88/><F88/><AGARI ba="0,1" hai="6,8,14,32,34,80,87,88" m="23591,48746" machi="88" ten="30,3900,0" yaku="18,1,52,1,54,1" doraHai="68" who="3" fromWho="2" sc="342,0,269,0,175,-39,204,49" /><INIT seed="6,0,0,3,1,102" ten="342,269,136,253" oya="2" hai0="134,63,97,64,104,74,76,7,2,16,127,61,120" hai1="15,26,54,13,92,110,37,71,38,6,128,48,17" hai2="99,5,69,81,33,89,70,119,30,20,101,62,51" hai3="28,23,130,100,105,49,22,93,113,0,53,88,129"/><V135/><F119/><W31/><G0/><T40/><D120/><U95/><E71/><V45/><F135/><W82/><G82/><T116/><D127/><U109/><E26/><V41/><F33/><W83/><G83/><T14/><D76/><U60/><E60/><V29/><F5/><W39/><G39/><T27/><D74/><U131/><E6/><V4/><F4/><W32/><G32/><T44/><D27/><U103/><E103/><V67/><F70/><W59/><G22/><T11/><D134/><U12/><E17/><V124/><F124/><W10/><G10/><T132/><D116/><U46/><E37/><V52/><F20/><W123/><G123/><T75/><D75/><U114/><E38/><V66/><F66/><W56/><G56/><T73/><D73/><U112/><E92/><V3/><F3/><W34/><G34/><T90/><D64/><U80/><E95/><V65/><F65/><W72/><G72/><T19/><D19/><U77/><E80/><V107/><REACH who="2" step="1"/><F41/><REACH who="2" ten="342,269,126,253" step="2"/><W79/><G23/><N who="0" m="11671" /><D40/><U24/><E54/><V115/><F115/><W84/><G113/><T87/><D132/><U8/><E112/><V106/><F106/><W42/><G42/><T58/><D104/><U118/><E114/><V86/><AGARI ba="0,1" hai="29,30,45,51,52,62,67,69,81,86,89,99,101,107" machi="86" ten="30,11700,0" yaku="1,1,0,1,52,1,54,1,53,0" doraHai="102" doraHaiUra="121" who="2" fromWho="2" sc="342,-39,269,-39,126,127,253,-39" /><INIT seed="6,1,0,2,0,8" ten="303,230,253,214" oya="2" hai0="10,67,48,89,130,108,57,56,120,30,51,122,78" hai1="5,42,105,41,46,39,133,24,84,64,43,96,62" hai2="29,114,3,110,116,27,98,16,1,102,20,111,11" hai3="50,135,6,23,22,33,36,2,14,82,68,71,92"/><V66/><F66/><W75/><G36/><T113/><D78/><U109/><E109/><N who="2" m="41483" /><F116/><W99/><G33/><T123/><D108/><U31/><E133/><V38/><F38/><W32/><G32/><T86/><D113/><U59/><E5/><V103/><F114/><W0/><G135/><T13/><D30/><U74/><E74/><V26/><F102/><W17/><G0/><N who="2" m="73" /><F98/><W52/><G23/><T126/><D126/><U97/><E84/><V15/><F103/><W61/><G61/><T77/><D130/><U88/><E105/><V121/><F27/><W34/><G34/><T72/><D67/><U9/><E96/><V132/><F132/><W49/><G49/><T118/><D48/><U76/><E76/><V128/><F128/><W60/><G60/><T125/><D51/><U18/><E24/><V28/><F121/><W127/><G127/><T47/><D125/><U112/><E112/><V55/><F55/><W65/><G65/><T79/><D118/><U73/><E73/><V134/><F134/><W12/><G2/><T115/><D115/><U4/><E41/><V63/><F63/><W129/><G129/><T93/><D72/><U40/><E42/><V90/><F90/><N who="3" m="55703" /><G75/><T58/><REACH who="0" step="1"/><D47/><REACH who="0" ten="293,230,253,214" step="2"/><U37/><E46/><V21/><F29/><W104/><G50/><T119/><D119/><U107/><E31/><V7/><F7/><AGARI ba="1,1" hai="7,10,13,56,57,58,77,79,86,89,93,120,122,123" machi="7" ten="50,8000,1" yaku="1,1,52,1,53,3" doraHai="8" doraHaiUra="54" who="0" fromWho="2" sc="293,93,230,0,253,-83,214,0" /><INIT seed="7,0,0,5,4,125" ten="386,230,170,214" oya="3" hai0="54,45,118,132,126,84,61,82,77,39,11,99,9" hai1="75,52,62,14,105,34,135,97,100,67,63,53,28" hai2="15,13,47,48,57,104,50,80,109,21,73,95,68" hai3="71,70,88,41,89,49,72,16,121,36,56,5,44"/><W107/><G121/><T35/><D118/><U115/><E115/><V19/><F104/><W113/><G72/><T20/><D35/><U22/><E135/><V96/><F109/><W31/><G107/><T65/><D126/><U23/><E63/><V122/><F68/><W55/><G31/><T87/><D99/><U12/><E12/><V81/><F122/><W131/><G131/><T32/><D32/><U66/><E66/><V42/><F73/><W85/><G5/><T58/><D20/><N who="1" m="7723" /><E14/><V106/><F106/><W27/><G89/><T46/><D39/><U37/><E37/><V78/><F78/><W17/><G27/><T91/><D132/><U94/><E94/><V24/><F15/><W90/><G90/><T51/><D45/><U119/><E119/><V43/><F13/><W102/><G102/><T133/><D133/><U60/><E60/><V93/><F93/><AGARI ba="0,0" hai="9,11,46,51,54,58,61,65,77,82,84,87,91,93" machi="93" ten="30,2000,0" yaku="7,1,8,1" doraHai="125" who="0" fromWho="2" sc="386,20,230,0,170,-20,214,0" owari="406,50.6,230,3.0,150,-35.0,214,-18.6" /></mjloggm>