<mjloggm ver="2.3"><GO type="169" lobby="0"/><UN n0="%E3%81%82%E3%81%95%E3%81%B4%E3%82%93%EF%BC%A0%EF%BD%8D%EF%BD%8A" n1="%E7%B1%B3%E3%81%BC%E3%81%86%E3%82%84%E3%81%8F%E3%82%93" n2="%E6%8C%91%E6%88%A6%E8%80%85%EF%BC%81" n3="%E3%83%8D%E3%82%AA%E3%81%92%E3%82%8D%E3%81%A3%E3%81%B4" dan="18,16,17,16" rate="2278.49,2173.82,2186.98,2122.45" sx="M,M,M,M"/><TAIKYOKU oya="0"/><INIT seed="0,0,0,5,0,54" ten="250,250,250,250" oya="0" hai0="127,47,123,103,27,18,13,75,7,69,44,112,119" hai1="77,99,89,118,84,134,59,133,40,55,10,122,52" hai2="125,102,29,65,105,101,94,71,128,31,129,106,51" hai3="41,24,11,76,37,43,86,62,30,116,34,100,126"/><T58/><D112/><U66/><E118/><V32/><F125/><W83/><G116/><T36/><D119/><U49/><E122/><V124/><F124/><W45/><G126/><T25/><D127/><U68/><E77/><V57/><F71/><W0/><G100/><T107/><D69/><U20/><E99/><V81/><F81/><W15/><G41/><T88/><D75/><U135/><E20/><V72/><F72/><W6/><REACH who="3" step="1"/><G62/><REACH who="3" ten="250,250,250,240" step="2"/><T120/><D103/><U39/><E40/><V79/><F102/><W19/><G19/><T38/><D18/><U46/><E39/><V28/><F101/><W113/><G113/><T131/><D38/><U61/><E10/><V64/><F106/><W117/><G117/><T78/><D36/><U96/><E96/><V35/><F105/><W115/><G115/><T121/><D107/><U97/><E97/><V104/><F104/><W8/><G8/><T21/><D121/><U60/><REACH who="1" step="1"/><E134/><REACH who="1" ten="250,240,250,240" step="2"/><V114/><F114/><W23/><G23/><T93/><D21/><U91/><E91/><V82/><F32/><W4/><G4/><T110/><D7/><U2/><E2/><AGARI ba="0,2" hai="0,2,6,11,15,24,30,34,37,43,45,76,83,86" machi="2" ten="40,1300,0" yaku="1,1,53,0" doraHai="54" doraHaiUra="12" who="3" fromWho="1" sc="250,0,240,-13,250,0,240,33" /><INIT seed="1,0,0,4,4,132" ten="250,227,250,273" oya="1" hai0="69,133,34,129,126,48,76,123,52,53,35,46,97" hai1="75,61,88,3,79,112,74,59,77,96,65,67,115" hai2="55,5,39,100,89,16,4,113,94,66,47,104,24" hai3="101,92,70,111,81,83,63,6,54,68,90,120,127"/><U102/><E3/><V110/><F110/><W8/><G120/><T49/><D69/><U37/><E37/><V57/><F113/><W38/><G38/><T118/><D118/><U51/><E67/><V103/><F104/><W131/><G111/><T36/><D36/><U84/><E51/><V93/><F66/><W130/><G101/><N who="2" m="38985" /><F47/><W124/><G54/><T73/><D133/><U19/><E19/><V107/><F94/><W62/><G68/><T119/><D119/><U60/><E60/><N who="3" m="23082" /><G70/><T78/><D129/><N who="3" m="49161" /><G92/><T42/><D123/><U27/><E27/><V108/><F107/><W43/><G43/><T23/><D42/><U121/><E121/><V105/><F105/><W56/><G56/><T22/><D46/><U72/><E112/><V11/><F108/><W28/><G28/><T41/><D41/><U26/><E26/><V99/><F39/><W32/><G32/><T125/><D73/><U86/><E86/><V87/><F87/><N who="3" m="50543" /><G83/><T85/><D85/><U10/><E115/><V7/><F57/><W91/><G91/><T20/><D20/><U106/><REACH who="1" step="1"/><E10/><REACH who="1" ten="250,217,250,273" step="2"/><V45/><F11/><W31/><G31/><T15/><REACH who="0" step="1"/><D97/><REACH who="0" ten="240,217,250,273" step="2"/><U122/><E122/><V25/><F99/><W21/><G21/><T29/><D29/><U12/><E12/><AGARI ba="0,2" hai="6,8,12,124,127" m="50543,49161,23082" machi="12" ten="30,3900,0" yaku="19,1,52,2" doraHai="132" who="3" fromWho="1" sc="240,0,217,-39,250,0,273,59" /><AGARI ba="0,0" hai="12,15,22,23,34,35,48,49,52,53,76,78,125,126" machi="12" ten="25,12000,2" yaku="1,1,22,2,52,2,54,1,53,0" doraHai="132" doraHaiUra="33" who="0" fromWho="1" sc="240,120,178,-120,250,0,332,0" /><INIT seed="2,0,0,3,0,134" ten="360,58,250,332" oya="2" hai0="25,62,27,83,131,28,110,97,2,47,15,40,7" hai1="76,66,67,118,64,82,115,120,80,121,119,122,107" hai2="103,61,70,112,74,60,102,4,87,49,92,59,81" hai3="20,56,96,22,48,52,29,125,105,130,77,85,113"/><V71/><F112/><W24/><G130/><T86/><D131/><U11/><E107/><V17/><F74/><W116/><G116/><N who="1" m="44586" /><E115/><V39/><F39/><W45/><G113/><T10/><D110/><U73/><E11/><V18/><F4/><W57/><G125/><T5/><D5/><U111/><E111/><V0/><F0/><W8/><G8/><T124/><D2/><U90/><E90/><V50/><F59/><W53/><G105/><T1/><D1/><U58/><E82/><V91/><F81/><N who="3" m="47279" /><G96/><T41/><D124/><U79/><E79/><V94/><F91/><W35/><G35/><T69/><D97/><U21/><E21/><V88/><F88/><W9/><G9/><T65/><D28/><U36/><E36/><V30/><F87/><W101/><G101/><T3/><D3/><U46/><E46/><V19/><F19/><W26/><G53/><T23/><D23/><U104/><E104/><V106/><REACH who="2" step="1"/><F106/><REACH who="2" ten="360,58,240,332" step="2"/><W128/><G128/><T63/><D86/><U75/><E58/><V43/><F43/><W54/><G54/><T44/><D83/><U32/><E32/><V132/><F132/><W123/><G123/><T13/><D41/><U133/><E133/><V126/><F126/><W14/><G56/><T135/><D135/><U98/><E98/><V117/><F117/><W34/><G57/><T89/><D89/><U6/><E6/><V72/><F72/><AGARI ba="0,1" hai="64,66,67,72,73,75,76,80,120,121,122" m="44586" machi="72" ten="40,1300,0" yaku="13,1" doraHai="134" who="1" fromWho="2" sc="360,0,58,23,240,-13,332,0" /><INIT seed="3,0,0,5,5,48" ten="360,81,227,332" oya="3" hai0="31,67,23,38,134,51,29,35,95,55,8,85,99" hai1="87,11,120,6,5,7,111,106,84,75,122,2,36" hai2="49,76,102,40,135,30,52,133,108,47,25,61,41" hai3="124,125,45,63,43,10,132,118,117,109,121,114,57"/><W27/><G121/><T19/><D38/><U50/><E36/><V16/><F108/><W73/><G73/><T56/><D35/><U66/><E75/><V80/><F102/><W119/><G109/><T39/><D39/><U24/><E106/><V34/><F61/><W96/><G114/><T59/><D134/><N who="2" m="51210" /><F16/><W64/><G132/><T110/><D8/><U33/><E111/><V42/><F42/><W26/><G96/><T12/><D110/><U68/><E68/><V9/><F9/><W77/><G77/><T69/><D69/><U1/><E66/><V104/><F104/><W44/><G10/><T129/><D85/><AGARI ba="0,0" hai="25,30,34,40,41,47,49,52,76,80,85" m="51210" machi="85" ten="30,3900,0" yaku="20,1,52,1,54,1" doraHai="48" who="2" fromWho="0" sc="360,-39,81,0,227,39,332,0" /><INIT seed="4,0,0,2,1,50" ten="321,81,266,332" oya="0" hai0="71,49,5,91,9,66,126,62,83,39,13,96,103" hai1="80,79,47,133,78,42,35,87,67,11,28,58,65" hai2="85,106,129,124,38,112,95,104,123,135,72,37,116" hai3="94,14,20,18,100,60,3,36,97,64,68,125,101"/><T54/><D126/><U8/><E133/><V130/><RYUUKYOKU type="yao9" ba="0,0" sc="321,0,81,0,266,0,332,0" hai2="37,38,72,85,95,104,106,112,116,123,124,129,130,135" /><INIT seed="4,1,0,5,0,21" ten="321,81,266,332" oya="0" hai0="85,4,129,132,90,119,120,101,124,50,56,11,87" hai1="36,45,14,130,33,18,117,9,135,123,3,2,70" hai2="44,112,31,5,52,25,35,19,53,65,64,92,81" hai3="111,22,72,80,41,82,59,79,42,66,39,105,55"/><T84/><D119/><U97/><E97/><V48/><F112/><W49/><G111/><T0/><D120/><U78/><E78/><V29/><F5/><W26/><G105/><T91/><D129/><U113/><E45/><V95/><F81/><W98/><G39/><T100/><D132/><U57/><E57/><V6/><F6/><W71/><G98/><T47/><D56/><U34/><E70/><V103/><F19/><W88/><G66/><T62/><D62/><U96/><E96/><V118/><F118/><W15/><G15/><T74/><D74/><U121/><E36/><V93/><F103/><W28/><REACH who="3" step="1"/><G71/><REACH who="3" ten="321,81,266,322" step="2"/><T51/><D124/><U61/><E117/><V89/><F65/><W109/><G109/><T67/><D67/><U43/><E14/><V83/><F64/><W126/><G126/><T114/><D114/><U115/><E115/><V63/><F29/><W17/><G17/><T10/><D4/><U32/><E113/><V54/><REACH who="2" step="1"/><F63/><REACH who="2" ten="321,81,256,322" step="2"/><W16/><G16/><T131/><D131/><U46/><E130/><V94/><N who="2" m="23552" /><DORA hai="23" /><V40/><F40/><W13/><G13/><T106/><D100/><U133/><E43/><V73/><F73/><W104/><G104/><T37/><D101/><U68/><E61/><V27/><F27/><W58/><G58/><T30/><D30/><U116/><E116/><V75/><F75/><W1/><G1/><T24/><D0/><U7/><E3/><V128/><F128/><W38/><G38/><T127/><D106/><U99/><E2/><V8/><F8/><N who="0" m="3114" /><D127/><U12/><E7/><V110/><F110/><RYUUKYOKU ba="1,2" sc="321,-15,81,-15,256,15,322,15" hai2="25,31,35,44,48,52,53,54,83,89" hai3="22,26,28,41,42,49,55,59,72,79,80,82,88" /><INIT seed="5,2,2,3,3,115" ten="306,66,271,337" oya="1" hai0="18,24,67,83,26,48,62,19,64,29,107,15,103" hai1="38,79,119,86,116,92,59,88,60,6,22,94,31" hai2="11,56,78,97,16,14,105,126,113,42,127,20,68" hai3="117,125,111,35,37,54,82,89,108,130,5,131,36"/><U95/><E38/><N who="3" m="14954" /><G35/><T75/><D48/><U114/><E114/><V55/><F68/><W7/><G125/><N who="2" m="47625" /><F113/><W99/><G99/><N who="0" m="61951" /><D26/><U23/><E79/><V10/><F42/><W0/><G54/><T90/><D15/><U91/><E6/><N who="3" m="2058" /><G0/><T76/><D90/><U13/><E95/><V45/><F45/><W72/><G89/><T121/><D67/><U51/><E51/><N who="2" m="30847" /><F78/><N who="3" m="44359" /><G117/><T27/><D27/><U63/><E31/><V44/><F44/><W104/><G104/><T102/><D102/><AGARI ba="2,2" hai="10,11,14,16,20,97,102,105" m="30847,47625" machi="102" ten="30,2000,0" yaku="18,1,54,1" doraHai="115" who="2" fromWho="0" sc="306,-26,66,0,271,46,337,0" /><INIT seed="6,0,0,5,3,6" ten="280,66,317,337" oya="2" hai0="95,9,33,115,40,7,35,111,110,39,17,61,85" hai1="87,57,94,62,98,8,134,30,105,42,56,23,109" hai2="123,114,47,44,49,37,72,106,34,27,29,69,2" hai3="75,59,12,119,131,74,43,77,0,122,102,89,15"/><V22/><F123/><W80/><G119/><T53/><D115/><U90/><E134/><V124/><F114/><W103/><G0/><T118/><D118/><U20/><E109/><V66/><F72/><W51/><G131/><T84/><D17/><U24/><E42/><V58/><F124/><W96/><G102/><T28/><D40/><U71/><E71/><V3/><F37/><W91/><G75/><T128/><D39/><U54/><E105/><V82/><F82/><W41/><G41/><T65/><D53/><U4/><E57/><V76/><F76/><W52/><G122/><T135/><D128/><U60/><E23/><V132/><F132/><W86/><G43/><T46/><D46/><U32/><E32/><V36/><F36/><W1/><G1/><T117/><D117/><U11/><E4/><V70/><F106/><W130/><G130/><T83/><D95/><U126/><E126/><V10/><F2/><W116/><G116/><T125/><D84/><U121/><E121/><V113/><F34/><N who="0" m="12810" /><D28/><U14/><E14/><N who="3" m="5162" /><G74/><T64/><D135/><U73/><E73/><V93/><F113/><W19/><G19/><T99/><D125/><U21/><E21/><V88/><F70/><W5/><G5/><T78/><D99/><U127/><E127/><V100/><F69/><W104/><G104/><T55/><D110/><U81/><REACH who="1" step="1"/><E62/><REACH who="1" ten="280,56,317,337" step="2"/><N who="2" m="38231" /><F3/><W26/><G26/><T68/><D111/><U92/><E92/><V101/><F27/><W45/><G59/><N who="0" m="35071" /><D68/><U108/><E108/><V16/><F22/><W31/><G31/><T50/><D50/><U38/><E38/><RYUUKYOKU ba="0,1" sc="280,10,56,10,317,-30,337,10" hai0="7,9,64,65,78,83,85" hai1="8,11,20,24,30,54,56,60,81,87,90,94,98" hai3="45,51,52,77,80,86,89,91,96,103" /><INIT seed="7,1,1,3,3,36" ten="290,66,287,347" oya="3" hai0="70,116,42,93,23,112,44,67,127,109,47,52,55" hai1="130,66,51,133,13,7,74,85,6,129,29,128,31" hai2="97,125,10,104,9,114,73,98,118,134,103,18,50" hai3="63,25,105,64,75,124,27,76,94,106,101,0,79"/><W8/><G124/><T78/><D78/><U72/><E66/><V41/><F118/><W92/><G0/><T37/><D116/><U14/><E51/><V16/><F73/><W99/><G8/><N who="2" m="3177" /><F104/><W77/><G75/><T86/><D109/><U46/><E46/><N who="2" m="25935" /><F125/><W5/><G5/><T95/><D127/><U38/><E38/><V39/><F39/><W4/><G4/><T96/><D70/><U65/><E65/><V30/><F114/><W108/><G108/><T83/><D67/><U2/><E130/><V115/><F115/><W56/><G105/><T89/><D112/><U90/><E90/><V107/><F107/><W17/><G17/><N who="2" m="6761" /><F134/><W62/><G25/><T32/><D32/><U71/><E133/><V110/><F110/><W113/><G27/><T80/><D23/><U34/><E71/><V68/><F68/><W88/><G106/><T11/><D11/><U119/><E119/><V33/><F33/><W135/><G135/><T111/><D111/><U45/><E45/><V26/><F103/><W60/><G113/><T61/><D47/><U82/><E34/><V102/><F102/><W28/><G28/><T58/><D55/><U91/><E91/><AGARI ba="1,1" hai="37,42,44,52,58,61,80,83,86,89,91,93,95,96" machi="91" ten="30,3900,0" yaku="7,1,52,1,54,1" doraHai="36" who="0" fromWho="1" sc="290,52,66,-42,287,0,347,0" owari="342,14.2,24,-47.6,287,-11.3,347,44.7" /></mjloggm>