<mjloggm ver="2.3"><GO type="169" lobby="0"/><UN n0="%E3%81%88%E3%81%8C%E3%82%8F%E3%82%8A%E3%81%8A" n1="%73%65%69%67%65%6E" n2="%E3%83%A4%E3%83%8A%E3%83%AA%E3%83%B3%E3%82%B9%E3%82%AD%E3%83%BC" n3="%E5%9B%BD%E7%8E%8B" dan="16,17,17,16" rate="2099.18,2222.73,2153.77,2185.78" sx="M,M,M,M"/><TAIKYOKU oya="0"/><INIT seed="0,0,0,4,5,48" ten="250,250,250,250" oya="0" hai0="55,44,25,16,10,41,17,39,40,135,54,66,94" hai1="1,97,23,71,113,109,75,102,116,67,95,12,65" hai2="99,93,107,62,117,103,22,63,59,104,121,9,126" hai3="45,57,84,7,80,77,42,134,83,111,96,132,87"/><T15/><D135/><U68/><E116/><V14/><F121/><W100/><G111/><T32/><D66/><U106/><E1/><V92/><F117/><W18/><G7/><T2/><D2/><U47/><E109/><V105/><F126/><W61/><G18/><T60/><D40/><U101/><E75/><V36/><F36/><W74/><G45/><T115/><D115/><U78/><E113/><V90/><F22/><W112/><G42/><T69/><D69/><U50/><E78/><V91/><F93/><W0/><G0/><T26/><D60/><U110/><E110/><V58/><F62/><W73/><G112/><T85/><D17/><N who="1" m="10663" /><E106/><V27/><F27/><W51/><G51/><T131/><D131/><U21/><E71/><V120/><F59/><W64/><G74/><T88/><REACH who="0" step="1"/><D26/><REACH who="0" ten="240,250,250,250" step="2"/><U34/><E68/><V127/><F120/><W52/><G64/><T24/><D24/><U98/><E67/><V129/><F129/><W49/><G61/><T125/><D125/><U82/><E65/><V28/><F127/><W20/><G134/><T31/><AGARI ba="0,1" hai="10,15,16,25,31,32,39,41,44,54,55,85,88,94" machi="31" ten="30,18000,2" yaku="1,1,0,1,52,2,54,2,53,1" doraHai="48" doraHaiUra="89" who="0" fromWho="0" sc="240,190,250,-60,250,-60,250,-60" /><INIT seed="0,1,0,3,4,48" ten="430,190,190,190" oya="0" hai0="122,49,101,40,2,91,93,23,77,42,90,119,66" hai1="129,117,99,55,98,33,51,54,63,24,37,19,35" hai2="52,132,87,72,128,110,17,131,118,65,107,57,108" hai3="80,1,10,74,46,85,39,94,84,102,134,100,62"/><T16/><D119/><U105/><E37/><V0/><F72/><W56/><G134/><T5/><D122/><U53/><E117/><V38/><F118/><W36/><G74/><T58/><D77/><U14/><E129/><N who="2" m="49739" /><F107/><W130/><G85/><T125/><D125/><U97/><E105/><V92/><F132/><W44/><G130/><T75/><D75/><U61/><E51/><N who="2" m="30879" /><F38/><W8/><G1/><T69/><D69/><U41/><E41/><N who="0" m="15977" /><D5/><U82/><E82/><V47/><F47/><W25/><G80/><T104/><D2/><U135/><E135/><V121/><F121/><W13/><G94/><T15/><D104/><U114/><E114/><V26/><F65/><W28/><G46/><T9/><D9/><U83/><E83/><V6/><F6/><W123/><G44/><T50/><D101/><U111/><E111/><N who="2" m="42539" /><F0/><W113/><G123/><T30/><D66/><U120/><E120/><V43/><F43/><W88/><G36/><T89/><D93/><U126/><E126/><V133/><F133/><W4/><G39/><T71/><D71/><U18/><E35/><V95/><F87/><W116/><G116/><T124/><D124/><U29/><REACH who="1" step="1"/><E19/><REACH who="1" ten="430,180,190,190" step="2"/><V12/><F26/><W60/><G25/><T64/><D30/><U68/><E68/><V81/><F81/><W20/><G28/><T7/><D7/><U11/><AGARI ba="1,1" hai="11,14,18,24,29,33,53,54,55,61,63,97,98,99" machi="11" ten="30,8000,1" yaku="1,1,0,1,52,3,53,0" doraHai="48" doraHaiUra="70" who="1" fromWho="1" sc="430,-41,180,93,190,-21,190,-21" /><INIT seed="1,0,0,1,3,82" ten="389,273,169,169" oya="1" hai0="17,54,57,18,104,40,34,49,36,8,95,114,69" hai1="4,135,20,12,60,117,62,7,111,61,26,107,63" hai2="76,124,65,133,93,23,113,43,125,30,78,132,98" hai3="77,14,91,89,130,45,37,39,71,100,127,11,51"/><U5/><E117/><V58/><F43/><W101/><G71/><T64/><D114/><U59/><E107/><V84/><F65/><W1/><G1/><T13/><D104/><U50/><E135/><N who="2" m="51787" /><F58/><W102/><G130/><T68/><D34/><U35/><E35/><V121/><F30/><W41/><G77/><N who="2" m="29801" /><F23/><W53/><G127/><N who="2" m="48713" /><F113/><W94/><G41/><T110/><D40/><U44/><E111/><V109/><F109/><W106/><G106/><T55/><D110/><U129/><E59/><V56/><F56/><W27/><G27/><T134/><D64/><U118/><E20/><V97/><F121/><W112/><G112/><T10/><D134/><U96/><E26/><V74/><F74/><W108/><G108/><T6/><D57/><U38/><E63/><V29/><F29/><W66/><G66/><T88/><D69/><U0/><E62/><V81/><F93/><W9/><G9/><T48/><D95/><U90/><E61/><V67/><F67/><W16/><REACH who="3" step="1"/><G94/><REACH who="3" ten="389,273,169,159" step="2"/><T46/><D10/><U32/><E0/><V24/><F24/><W99/><G99/><T15/><D68/><U33/><E96/><V19/><F19/><W47/><G47/><T25/><D25/><U126/><E44/><V75/><F75/><W73/><G73/><T2/><D18/><U52/><E126/><V70/><F70/><W123/><G123/><T42/><D42/><U103/><E5/><V72/><F72/><W120/><G120/><T105/><D6/><U3/><E4/><V79/><AGARI ba="0,1" hai="79,81,84,97,98" m="48713,29801,51787" machi="79" ten="40,8000,1" yaku="20,1,18,1,34,2,52,1" doraHai="82" who="2" fromWho="2" sc="389,-20,273,-40,169,90,159,-20" /><INIT seed="2,0,0,3,3,57" ten="369,233,259,139" oya="2" hai0="4,76,82,5,71,111,83,65,23,42,75,101,14" hai1="49,96,108,47,11,87,26,88,81,8,66,35,63" hai2="95,7,32,2,61,123,62,126,114,24,117,98,86" hai3="70,104,84,97,93,116,30,64,77,90,10,134,17"/><V25/><F114/><W36/><G36/><T85/><D111/><U119/><E108/><V58/><F117/><W131/><G116/><T51/><D101/><U80/><E119/><V79/><F123/><W102/><G131/><T46/><D14/><U72/><E35/><V110/><F110/><W15/><G134/><T19/><D71/><U22/><E96/><V69/><F126/><W18/><G30/><T118/><D65/><U78/><E22/><V28/><F69/><W127/><G127/><T113/><D113/><U128/><E26/><V41/><F41/><W9/><G77/><T16/><D118/><U105/><E105/><V29/><F2/><W37/><G37/><T44/><D44/><U48/><E48/><V129/><F7/><W99/><G99/><T39/><D39/><U107/><E107/><V120/><F129/><W54/><G54/><T55/><D42/><U31/><E31/><V132/><F58/><W68/><G64/><T34/><D34/><U38/><E38/><V133/><F120/><W109/><G109/><T115/><D115/><U6/><E6/><V13/><F13/><AGARI ba="0,0" hai="9,10,13,15,17,18,68,70,84,90,93,97,102,104" machi="13" ten="40,1300,0" yaku="9,1" doraHai="57" who="3" fromWho="2" sc="369,0,233,0,259,-13,139,13" /><INIT seed="3,0,0,1,3,45" ten="369,233,246,152" oya="3" hai0="92,48,82,101,117,85,84,66,26,39,28,107,37" hai1="15,46,27,80,13,20,87,129,114,19,98,113,36" hai2="93,110,64,78,96,60,42,125,25,81,120,18,65" hai3="70,130,111,58,116,51,77,119,91,31,4,61,1"/><W12/><G77/><T126/><D117/><U109/><E109/><V21/><F110/><W5/><G1/><T40/><D107/><U71/><E71/><V108/><F108/><W99/><G111/><T23/><D126/><U7/><E129/><V79/><F125/><W86/><G99/><T123/><D123/><U11/><E98/><V135/><F120/><W115/><G115/><T124/><D124/><U63/><E63/><V57/><F135/><W35/><G130/><T72/><D72/><U97/><E97/><V0/><F0/><W17/><G70/><T128/><D128/><U10/><E36/><V121/><F121/><W54/><G31/><T100/><D66/><U55/><E46/><V103/><F42/><W52/><G35/><T3/><D3/><U131/><E55/><V33/><F33/><W43/><G43/><T62/><D62/><U83/><E83/><V49/><F65/><W104/><G104/><T105/><D105/><U59/><E59/><N who="2" m="36895" /><F81/><N who="3" m="49615" /><G119/><T73/><D73/><U106/><E106/><V30/><F18/><W34/><G34/><T122/><D122/><U14/><E131/><V24/><F24/><W2/><G2/><T75/><D75/><U95/><E95/><V112/><F112/><W134/><G134/><T89/><D37/><U41/><E41/><V102/><F102/><W67/><G116/><T22/><D39/><U38/><E38/><V44/><F44/><N who="3" m="27751" /><G67/><T56/><D40/><U127/><E127/><V132/><F132/><W90/><G90/><T133/><D133/><U68/><E114/><V53/><AGARI ba="0,0" hai="21,25,30,49,53,57,78,79,93,96,103" m="36895" machi="53" ten="30,4000,0" yaku="25,1,8,1,52,1" doraHai="45" who="2" fromWho="2" sc="369,-10,233,-10,246,40,152,-20" /><INIT seed="4,0,0,5,5,54" ten="359,223,286,132" oya="0" hai0="131,18,34,92,1,50,63,55,74,134,115,7,95" hai1="98,127,61,19,76,112,52,26,45,11,4,124,119" hai2="91,103,94,105,100,23,6,65,101,83,21,108,59" hai3="38,107,117,35,29,133,60,120,86,85,9,56,93"/><T8/><D115/><U123/><E119/><V46/><F108/><W32/><G107/><T3/><D74/><U43/><E123/><V22/><F105/><W88/><G117/><T111/><D34/><U81/><E112/><V15/><F83/><W129/><G129/><T135/><D131/><U132/><E98/><V40/><F6/><W89/><G38/><T106/><D106/><U126/><E132/><N who="0" m="50729" /><D111/><U51/><E19/><V49/><F15/><W36/><G36/><T125/><D125/><U57/><E26/><V20/><N who="2" m="5120" /><DORA hai="14" /><V97/><F65/><W102/><G102/><T87/><D1/><U17/><E17/><V44/><F44/><W27/><G133/><T73/><D73/><U67/><E67/><V122/><F122/><W58/><G120/><T5/><D63/><U118/><E118/><V30/><REACH who="2" step="1"/><F59/><REACH who="2" ten="359,223,276,132" step="2"/><W130/><G130/><T68/><D5/><U104/><E104/><V64/><F64/><W33/><G9/><T41/><D7/><U96/><E11/><V28/><AGARI ba="0,1" hai="28,30,40,46,49,91,94,97,100,101,103" m="5120" machi="28" ten="50,8000,1" yaku="1,1,0,1,8,1,53,2" doraHai="54,14" doraHaiUra="78,24" who="2" fromWho="2" sc="359,-40,223,-20,276,90,132,-20" /><INIT seed="5,0,0,3,2,56" ten="319,203,366,112" oya="1" hai0="71,111,89,25,69,45,50,63,39,97,30,3,100" hai1="24,125,120,32,8,29,107,126,134,43,47,60,46" hai2="18,51,117,109,35,90,119,65,77,9,98,68,123" hai3="132,94,99,22,13,14,113,84,52,59,5,57,42"/><U11/><E120/><V19/><F109/><W6/><G113/><T53/><D111/><U79/><E107/><V93/><F35/><W44/><G132/><T12/><D3/><U15/><E134/><V129/><F123/><W72/><G72/><T7/><D89/><U66/><E79/><V23/><F129/><W20/><G84/><T92/><D39/><U58/><E47/><V31/><F77/><W133/><G133/><T2/><D2/><U38/><REACH who="1" step="1"/><E15/><REACH who="1" ten="319,193,366,112" step="2"/><V95/><F117/><W112/><G112/><T80/><D12/><U21/><E21/><V62/><F119/><W10/><G20/><T82/><D45/><U74/><E74/><V16/><F9/><AGARI ba="0,1" hai="8,9,11,24,29,32,38,43,46,58,60,66,125,126" machi="9" ten="40,3900,0" yaku="1,1,52,1,53,0" doraHai="56" doraHaiUra="73" who="1" fromWho="2" sc="319,0,193,49,366,-39,112,0" /><INIT seed="5,1,0,2,5,49" ten="319,242,327,112" oya="1" hai0="123,11,0,112,46,37,122,3,62,64,53,88,31" hai1="83,58,69,10,38,134,47,100,52,30,120,94,93" hai2="87,36,28,33,96,66,75,89,32,43,90,113,99" hai3="98,68,42,84,34,41,24,128,44,133,103,23,104"/><U4/><E120/><N who="0" m="46121" /><D112/><U108/><E69/><V79/><F75/><W91/><G128/><T82/><D31/><U116/><E116/><V17/><F66/><W55/><G133/><T1/><D37/><U67/><E67/><V26/><F79/><W86/><G68/><N who="0" m="42007" /><D11/><U22/><E134/><V126/><F126/><W7/><G34/><T109/><D109/><U132/><E132/><V8/><F32/><W129/><G7/><T115/><D115/><U121/><E121/><V16/><F90/><W54/><G86/><N who="0" m="50263" /><D46/><U77/><E108/><V5/><F5/><W21/><G129/><T9/><D9/><U130/><E130/><V102/><F8/><W78/><G78/><T85/><D85/><U131/><E131/><V45/><F113/><W29/><G21/><T14/><D14/><U12/><E100/><V50/><F36/><W111/><G111/><T19/><D19/><U119/><E119/><V118/><F118/><W13/><G13/><T39/><D39/><U105/><E47/><V125/><F125/><W97/><G97/><T73/><D73/><U18/><E38/><V72/><F72/><W15/><G15/><T127/><D127/><U71/><E71/><V76/><F96/><W20/><G20/><T95/><D95/><U60/><E30/><V114/><F114/><W101/><G101/><T61/><D61/><U51/><E60/><V81/><F76/><W107/><G107/><AGARI ba="1,0" hai="16,17,26,28,33,43,45,50,81,87,89,99,102,107" machi="107" ten="30,2000,0" yaku="7,1,54,1" doraHai="49" who="2" fromWho="3" sc="319,0,242,0,327,23,112,-23" /><INIT seed="6,0,0,3,2,69" ten="319,242,350,89" oya="2" hai0="48,68,88,54,74,30,37,123,27,96,103,65,99" hai1="42,49,33,128,59,7,50,76,114,77,36,89,31" hai2="17,46,132,85,45,112,122,87,44,57,84,22,4" hai3="15,21,93,9,97,82,62,73,131,1,79,23,124"/><V113/><F122/><W115/><G131/><T10/><D123/><U8/><E128/><V126/><F132/><W86/><G124/><T64/><D74/><U127/><E127/><V43/><F126/><W5/><G115/><N who="2" m="44105" /><F4/><W18/><G62/><T35/><D37/><U60/><E114/><V0/><F0/><W12/><G73/><T63/><D65/><U107/><E107/><V105/><F105/><W75/><G75/><T39/><D39/><U14/><E33/><V116/><F116/><W108/><G108/><T134/><D134/><U125/><E31/><V81/><F57/><W129/><G129/><T70/><D70/><U19/><E125/><V94/><F94/><W71/><G71/><T40/><D40/><U51/><E7/><V90/><F43/><W110/><G110/><T119/><D119/><U2/><E2/><V53/><F53/><W111/><G111/><T118/><D118/><U47/><REACH who="1" step="1"/><E89/><REACH who="1" ten="319,232,350,89" step="2"/><V100/><F100/><W120/><G120/><T11/><D88/><U83/><E83/><V32/><F32/><W109/><G109/><T106/><REACH who="0" step="1"/><D96/><REACH who="0" ten="309,232,350,89" step="2"/><U98/><E98/><V78/><F90/><N who="3" m="55479" /><G1/><T95/><D95/><U16/><E16/><V52/><F81/><W133/><G133/><T117/><D117/><U56/><E56/><AGARI ba="0,2" hai="10,11,27,30,35,48,54,56,63,64,68,99,103,106" machi="56" ten="30,7700,0" yaku="1,1,7,1,25,2,53,0" doraHai="69" doraHaiUra="72" who="0" fromWho="1" sc="309,97,232,-77,350,0,89,0" /><INIT seed="7,0,0,1,1,65" ten="406,155,350,89" oya="3" hai0="27,133,64,12,40,131,1,77,72,85,114,30,120" hai1="126,58,46,107,109,33,89,75,80,34,103,71,127" hai2="93,106,92,52,104,5,111,54,18,37,116,69,129" hai3="2,57,97,6,11,36,15,117,24,98,134,39,53"/><W78/><G134/><T51/><D1/><U48/><E71/><V61/><F111/><W123/><G117/><T23/><D120/><U130/><E109/><V86/><F116/><W55/><G123/><T19/><D72/><U68/><E68/><V70/><F18/><W20/><G78/><T74/><D74/><U84/><E58/><V101/><F5/><W76/><G76/><T102/><D131/><U7/><E75/><V113/><F37/><W21/><G2/><T125/><D125/><N who="1" m="47627" /><E130/><V82/><F129/><W66/><G39/><T47/><D102/><U42/><E7/><V45/><F113/><W0/><G36/><T122/><D64/><U26/><E26/><V3/><F3/><W99/><G0/><T41/><D23/><N who="3" m="8777" /><G24/><T44/><D41/><U135/><E135/><V4/><F4/><W79/><G79/><T32/><D32/><U81/><E81/><V29/><F82/><W49/><G66/><T96/><D77/><U31/><E31/><V132/><F132/><W90/><G53/><T73/><D73/><U63/><E63/><V67/><F29/><W56/><G56/><T119/><D119/><U128/><E128/><V91/><F70/><W108/><G108/><T38/><D38/><U100/><E107/><N who="2" m="41003" /><F45/><W17/><G6/><T59/><D44/><U112/><E112/><V13/><F13/><W105/><G105/><T28/><D122/><U10/><E10/><V95/><F101/><AGARI ba="0,0" hai="33,34,42,46,48,80,84,89,100,101,103" m="47627" machi="101" ten="30,1000,0" yaku="18,1" doraHai="65" who="1" fromWho="2" sc="406,0,155,10,350,-10,89,0" owari="406,50.6,165,-23.5,340,14.0,89,-41.1" /></mjloggm>