<mjloggm ver="2.3"><GO type="169" lobby="0"/><UN n0="%E3%83%94%E3%83%B3%E3%82%B5%E3%83%AD%E5%BA%97%E5%93%A1" n1="%E3%81%B1%E3%82%93%E3%81%AA%E3%81%93%E3%81%BE%E3%81%A3%E3%81%9F" n2="%48%65%69%68%65%69%30%35" n3="%43%65%6C%65%73%54%65" dan="17,18,16,16" rate="2252.89,2237.08,2038.33,2116.26" sx="M,M,M,M"/><TAIKYOKU oya="0"/><INIT seed="0,0,0,2,3,83" ten="250,250,250,250" oya="0" hai0="99,89,128,24,106,28,67,21,100,49,17,1,66" hai1="68,122,102,130,82,0,31,95,58,73,132,116,34" hai2="103,3,48,97,96,115,11,53,79,54,2,114,127" hai3="35,77,36,57,135,81,8,43,52,125,119,46,51"/><T131/><D1/><U30/><E58/><V39/><F39/><W65/><G125/><T33/><D49/><U113/><E95/><V84/><F127/><W108/><G135/><T86/><D131/><U27/><E102/><V42/><F42/><W29/><G108/><T69/><D128/><U87/><E82/><V98/><F103/><W104/><G104/><T78/><D78/><U92/><E87/><V101/><F101/><W19/><G119/><T72/><D72/><U64/><E92/><V38/><F38/><W123/><G123/><T47/><D47/><U88/><E88/><V15/><F54/><W60/><G29/><T70/><D66/><U134/><E64/><V74/><F74/><W118/><G35/><T6/><D6/><U26/><E26/><V85/><F79/><W62/><G118/><T4/><D4/><U5/><E27/><V55/><F97/><W120/><G120/><T75/><D75/><U10/><E30/><V12/><F11/><W124/><G124/><T32/><D67/><U105/><E10/><V13/><F13/><W111/><G111/><T20/><D33/><U18/><E18/><V59/><F59/><W14/><REACH who="3" step="1"/><G65/><REACH who="3" ten="250,250,250,240" step="2"/><T37/><D32/><U80/><E31/><V44/><F44/><W25/><G25/><T110/><D110/><U22/><E132/><V91/><F48/><W50/><G50/><T126/><D126/><U107/><E134/><V76/><F76/><W109/><G109/><T7/><D37/><U56/><E116/><V63/><F63/><W117/><G117/><T94/><D7/><U45/><E122/><RYUUKYOKU ba="0,1" sc="250,10,250,-30,250,10,240,10" hai0="17,20,21,24,28,69,70,86,89,94,99,100,106" hai2="2,3,12,15,53,55,84,85,91,96,98,114,115" hai3="8,14,19,36,43,46,51,52,57,60,62,77,81" /><INIT seed="0,1,1,2,1,114" ten="260,220,260,250" oya="0" hai0="110,83,129,112,54,22,122,20,73,93,38,132,105" hai1="1,113,44,88,108,12,55,99,126,9,76,118,8" hai2="125,119,42,17,37,56,70,67,89,84,120,111,123" hai3="94,116,95,107,23,78,19,41,50,97,18,25,98"/><T109/><D112/><U87/><E113/><V3/><F3/><W62/><G107/><T86/><D122/><U90/><E108/><N who="0" m="41577" /><D38/><U130/><E126/><V72/><F72/><W52/><G116/><T104/><D54/><U133/><E130/><V13/><F70/><W103/><G78/><N who="0" m="44495" /><D20/><U74/><E133/><V127/><F111/><W47/><G19/><T68/><D22/><U10/><E55/><V63/><F119/><W75/><G75/><T40/><D40/><U32/><E118/><V91/><F42/><W80/><G80/><T29/><D29/><U57/><E74/><V26/><F26/><W134/><G134/><T14/><D14/><U49/><E12/><V7/><F89/><W131/><G131/><T53/><D53/><U30/><E88/><V96/><F96/><W69/><G69/><T43/><D43/><U65/><E99/><V15/><F37/><W58/><G103/><T100/><D68/><U101/><E101/><V121/><F7/><W21/><G21/><T64/><D64/><U31/><E76/><V35/><F35/><W11/><G11/><T82/><D129/><U45/><E32/><V79/><F13/><W5/><G5/><T2/><D2/><U81/><E1/><V135/><F135/><W115/><G115/><T34/><D34/><U124/><E124/><V59/><F125/><W16/><G18/><T51/><D132/><U77/><E77/><V66/><F79/><W39/><G39/><T128/><D128/><U71/><E71/><N who="2" m="42463" /><F127/><W27/><G27/><T46/><D100/><U24/><E24/><V60/><F121/><RYUUKYOKU ba="1,1" sc="260,-10,220,-10,260,-10,250,30" hai3="16,23,25,41,47,50,52,58,62,94,95,97,98" /><INIT seed="1,2,1,2,4,112" ten="250,210,250,280" oya="1" hai0="100,102,37,115,27,52,80,10,97,71,56,78,0" hai1="1,21,107,73,24,59,96,85,125,124,33,79,87" hai2="2,117,83,86,61,26,62,3,94,106,31,84,120" hai3="9,20,57,28,127,72,104,95,90,119,50,11,19"/><U67/><E1/><V45/><F106/><W66/><G104/><T53/><D115/><U16/><E33/><V54/><F120/><W88/><G127/><N who="1" m="48714" /><E73/><V36/><F86/><W74/><G28/><T5/><D71/><U134/><E134/><V109/><F109/><W75/><G119/><T110/><D110/><U60/><E79/><V48/><F117/><W132/><G132/><T58/><D37/><U91/><E91/><V93/><F36/><W81/><G81/><T76/><D27/><U17/><E17/><V4/><F2/><W118/><G118/><T65/><D65/><U25/><E25/><V6/><F6/><W18/><G90/><T116/><D116/><U99/><E99/><V23/><F4/><W12/><G19/><T22/><D22/><U46/><E46/><V40/><F3/><W7/><G7/><T8/><D5/><U68/><E68/><V135/><F135/><W64/><G9/><T32/><D0/><U55/><E55/><V89/><F54/><N who="3" m="31959" /><G11/><T29/><D32/><U41/><E41/><V70/><F70/><W47/><G47/><T123/><D123/><U44/><E44/><V129/><F40/><W101/><G101/><AGARI ba="2,1" hai="16,21,24,59,60,67,85,87,96,101,107" m="48714" machi="101" ten="30,2900,0" yaku="18,1,54,1" doraHai="112" who="1" fromWho="3" sc="250,0,210,45,250,0,280,-35" /><INIT seed="1,3,0,0,4,25" ten="250,255,250,245" oya="1" hai0="110,11,51,45,34,114,84,68,72,55,60,37,24" hai1="10,17,70,133,66,50,112,16,62,94,8,28,41" hai2="86,61,23,121,91,107,132,43,33,6,128,59,29" hai3="49,3,52,42,18,65,38,77,118,113,111,13,21"/><U27/><E112/><V54/><F121/><W30/><G113/><T40/><D114/><U20/><E133/><V125/><F107/><W31/><G3/><T117/><D117/><U4/><E10/><V67/><F132/><W123/><G123/><T96/><D72/><U80/><E94/><V88/><F33/><W32/><G32/><T102/><D110/><U104/><E104/><V85/><F128/><W19/><G111/><T105/><D84/><N who="2" m="32362" /><F43/><W92/><G118/><T7/><D55/><U101/><E101/><V83/><F6/><W115/><G115/><T47/><D47/><U2/><REACH who="1" step="1"/><E80/><REACH who="1" ten="250,245,250,245" step="2"/><V120/><F120/><W58/><G92/><T103/><D103/><U135/><E135/><V82/><F125/><W124/><G124/><T39/><D11/><U87/><E87/><V74/><F74/><W106/><G106/><T99/><D99/><U129/><E129/><V14/><F82/><W36/><G77/><T63/><D7/><U90/><E90/><V57/><F83/><W1/><G1/><T93/><D93/><U53/><E53/><V71/><F71/><W69/><G69/><T22/><D68/><U81/><E81/><V130/><F130/><W98/><G98/><T119/><D119/><U64/><E64/><V9/><F67/><W131/><G65/><T122/><D122/><U126/><E126/><V12/><F9/><N who="3" m="6447" /><G131/><T44/><D96/><U79/><E79/><V109/><F109/><W35/><G52/><N who="0" m="29799" /><D102/><U76/><E76/><V46/><F57/><W0/><G58/><T56/><D56/><U75/><E75/><V26/><F46/><AGARI ba="3,1" hai="2,4,8,16,17,20,27,28,41,46,50,62,66,70" machi="46" ten="40,12000,1" yaku="1,1,6,1,52,1,54,1,53,0" doraHai="25" doraHaiUra="116" who="1" fromWho="2" sc="250,0,245,139,250,-129,245,0" /><INIT seed="1,4,0,5,0,42" ten="250,384,121,245" oya="1" hai0="43,32,109,59,1,60,61,121,133,97,98,47,89" hai1="116,87,84,125,20,114,79,112,99,65,70,73,102" hai2="83,96,23,7,55,68,51,120,17,110,106,113,10" hai3="66,37,105,3,91,69,122,9,88,39,14,134,50"/><U24/><E116/><V128/><BYE who="1" /><F120/><W92/><G122/><UN n1="%E3%81%B1%E3%82%93%E3%81%AA%E3%81%93%E3%81%BE%E3%81%A3%E3%81%9F" /><T15/><D1/><U54/><E125/><V117/><F117/><W111/><G3/><T11/><D121/><U72/><E65/><V36/><F36/><W6/><G111/><T115/><D115/><U27/><E70/><V52/><F68/><W132/><G105/><T74/><D32/><U82/><E54/><V80/><F113/><W16/><G6/><T0/><D0/><U8/><E8/><V90/><F128/><W53/><G66/><T100/><D74/><U40/><E40/><V22/><F55/><W38/><G69/><T25/><D109/><U12/><E12/><V94/><F110/><W118/><G118/><T26/><D89/><U21/><E99/><V78/><F106/><W18/><G18/><T4/><D133/><N who="3" m="51305" /><G92/><T71/><D71/><U41/><E102/><V130/><F130/><W107/><G107/><T34/><D34/><U64/><E41/><V33/><F33/><W103/><G103/><T101/><D101/><U67/><E82/><V85/><F80/><W48/><G48/><N who="0" m="26751" /><D61/><U57/><E79/><V135/><F135/><W58/><AGARI ba="4,0" hai="9,14,16,37,38,39,50,53,58,88,91" m="51305" machi="58" ten="40,5200,0" yaku="20,1,54,2" doraHai="42" who="3" fromWho="3" sc="250,-17,384,-30,121,-17,245,64" /><INIT seed="2,0,0,0,0,111" ten="233,354,104,309" oya="2" hai0="96,62,27,47,85,40,86,104,41,72,91,87,28" hai1="44,114,73,121,14,101,50,34,129,130,128,97,71" hai2="1,18,135,35,56,84,26,36,4,94,112,126,120" hai3="69,37,103,80,22,93,33,77,113,51,133,2,117"/><V66/><F120/><W88/><G33/><T45/><D72/><U52/><E121/><V31/><F36/><W24/><G37/><T107/><D62/><U118/><E118/><V39/><F39/><W15/><G2/><T82/><D107/><U0/><E0/><V60/><F135/><W32/><G32/><T74/><D74/><U67/><E73/><V123/><F123/><W55/><G69/><T105/><D105/><U119/><E119/><V110/><F110/><W83/><G117/><T6/><D6/><U65/><E34/><V12/><F126/><W29/><G133/><T134/><D134/><U20/><E71/><V43/><F43/><N who="0" m="16458" /><D104/><N who="1" m="63535" /><E114/><V42/><F42/><W11/><G103/><T8/><D8/><U19/><AGARI ba="0,0" hai="14,19,20,44,50,52,65,67,128,129,130" m="63535" machi="19" ten="40,2700,0" yaku="19,1,54,1" doraHai="111" who="1" fromWho="1" sc="233,-7,354,27,104,-13,309,-7" /><INIT seed="3,0,0,4,0,32" ten="226,381,91,302" oya="3" hai0="25,48,8,10,112,131,21,53,103,133,77,115,38" hai1="39,76,43,65,85,0,83,51,86,101,117,42,105" hai2="6,13,20,57,17,113,33,118,19,89,127,7,106" hai3="18,30,61,23,69,110,60,75,100,71,4,135,74"/><W24/><G135/><T50/><D38/><U68/><E117/><V11/><F106/><W54/><G110/><T29/><D133/><U88/><E39/><V31/><F113/><N who="0" m="43594" /><D131/><U58/><E68/><V104/><F104/><W97/><G71/><T56/><D103/><U111/><E111/><V45/><F118/><W95/><G69/><T134/><D134/><U22/><E0/><V41/><F127/><W34/><G4/><T122/><D122/><U52/><E65/><V1/><F57/><W14/><REACH who="3" step="1"/><G54/><REACH who="3" ten="226,381,91,292" step="2"/><N who="0" m="31815" /><D77/><U116/><E116/><V37/><F7/><W27/><G27/><T125/><D125/><U12/><E105/><V9/><F89/><W92/><G92/><T44/><AGARI ba="0,1" hai="8,10,21,25,29,44,50,53" m="31815,43594" machi="44" ten="30,1100,0" yaku="11,1" doraHai="32" who="0" fromWho="0" sc="226,21,381,-3,91,-3,292,-5" /><INIT seed="4,0,0,3,1,69" ten="247,378,88,287" oya="0" hai0="42,119,29,108,21,80,114,73,44,12,74,46,17" hai1="101,109,87,14,66,35,92,131,91,67,36,45,59" hai2="38,48,30,77,54,97,122,34,10,107,88,125,81" hai3="75,65,83,110,79,117,7,100,57,121,9,96,82"/><T133/><D119/><U104/><E109/><V33/><F122/><W111/><G117/><T49/><D114/><U3/><E3/><V27/><F125/><W20/><G121/><T132/><D108/><U120/><E35/><V86/><F34/><W13/><G82/><T105/><D105/><U6/><E120/><V130/><F130/><W32/><G32/><T51/><D29/><U129/><E104/><V0/><F107/><W39/><G39/><T40/><REACH who="0" step="1"/><D80/><REACH who="0" ten="237,378,88,287" step="2"/><U41/><E131/><V58/><F77/><W106/><G110/><T4/><D4/><U112/><E129/><V95/><F81/><W19/><G111/><T84/><D84/><U126/><E112/><V1/><F86/><W16/><G7/><T50/><D50/><U8/><E126/><V61/><F48/><W102/><G19/><T56/><D56/><U89/><E59/><V53/><F53/><W64/><G57/><T135/><AGARI ba="0,1" hai="12,17,21,40,42,44,46,49,51,73,74,132,133,135" machi="135" ten="30,12000,1" yaku="1,1,0,1,9,1,20,1,53,1" doraHai="69" doraHaiUra="11" who="0" fromWho="0" sc="237,130,378,-40,88,-40,287,-40" /><INIT seed="4,1,0,5,1,116" ten="367,338,48,247" oya="0" hai0="68,90,117,112,4,67,32,107,88,60,77,97,104" hai1="105,35,49,114,123,16,56,70,10,58,22,110,30" hai2="95,76,126,85,53,61,46,120,2,133,83,78,129" hai3="21,79,12,6,92,51,74,0,50,128,134,86,93"/><T101/><D117/><U47/><E110/><V3/><F133/><W26/><G128/><T33/><D112/><U99/><E70/><V66/><F129/><W62/><G134/><T109/><D109/><U14/><E114/><V24/><F78/><W39/><G39/><T73/><D107/><U80/><E35/><V127/><F24/><W91/><G74/><T59/><D4/><U100/><E123/><V132/><F132/><W89/><G79/><T17/><D17/><U11/><E80/><V41/><F53/><W87/><G0/><T42/><D42/><U113/><E113/><V94/><F120/><W55/><G62/><T57/><D33/><U72/><E72/><V64/><F94/><W31/><REACH who="3" step="1"/><G55/><REACH who="3" ten="367,338,48,237" step="2"/><T122/><D122/><U98/><E49/><V125/><F61/><W81/><G81/><T19/><D77/><U45/><E105/><V5/><F95/><W7/><G7/><T43/><D73/><U69/><E69/><V15/><F2/><W1/><G1/><T65/><D65/><U52/><E52/><V29/><F3/><W28/><G28/><T124/><D67/><U115/><E30/><V131/><F29/><W121/><G121/><T23/><D60/><U84/><E115/><V118/><F118/><W130/><G130/><T9/><D68/><U103/><E16/><V40/><F131/><W38/><G38/><T102/><D19/><U44/><E58/><V135/><F135/><W18/><G18/><T13/><D57/><U34/><E56/><V54/><F54/><W63/><G63/><T8/><D59/><U71/><E71/><RYUUKYOKU ba="1,1" sc="367,-10,338,-10,48,-10,237,30" hai3="6,12,21,26,31,50,51,86,87,89,91,92,93" /><INIT seed="5,2,1,1,5,13" ten="357,328,38,267" oya="1" hai0="83,53,108,106,37,46,47,133,93,99,64,70,87" hai1="48,76,98,6,41,57,40,61,33,104,56,135,29" hai2="121,120,0,90,69,55,43,7,12,89,44,102,114" hai3="71,28,112,125,60,103,1,10,80,35,86,91,100"/><U34/><E135/><V81/><F69/><W96/><G112/><T25/><D108/><U11/><E76/><V85/><F102/><W129/><G125/><T111/><D106/><U134/><E134/><V94/><F0/><W75/><G129/><T30/><D111/><U74/><E74/><V107/><F107/><W119/><G119/><T16/><D133/><U42/><E29/><V124/><F124/><W39/><G39/><T5/><D5/><U38/><E38/><V78/><F114/><W2/><G100/><N who="0" m="60527" /><D70/><U77/><E77/><V9/><F55/><W14/><G75/><T110/><D37/><U66/><E104/><V26/><F26/><W122/><G122/><T131/><D64/><U22/><E98/><V54/><F54/><W92/><G28/><T3/><D3/><U21/><E34/><V68/><F68/><W101/><G101/><T17/><D131/><U128/><E33/><V127/><F127/><W115/><G35/><T67/><D67/><U118/><E118/><V23/><F23/><W20/><G20/><N who="0" m="15655" /><D110/><U117/><E117/><V52/><F90/><W31/><G31/><T84/><D84/><U123/><E123/><V27/><F27/><W109/><G109/><T58/><D47/><U4/><E128/><V73/><REACH who="2" step="1"/><F43/><REACH who="2" ten="357,328,28,267" step="2"/><W32/><G32/><T59/><D59/><U130/><E130/><V15/><F15/><W72/><G115/><T62/><D46/><U105/><E105/><V113/><F113/><W50/><G1/><T126/><D126/><U8/><E56/><V19/><F19/><W65/><G2/><T49/><D62/><RYUUKYOKU ba="2,2" sc="357,15,328,-15,28,15,267,-15" hai0="16,17,49,53,58,83,87" hai2="7,9,12,44,52,73,78,81,85,89,94,120,121" /><INIT seed="6,3,2,1,1,110" ten="372,313,43,252" oya="2" hai0="37,116,115,18,55,54,4,50,35,105,25,88,39" hai1="68,74,103,109,3,119,122,95,16,64,108,127,34" hai2="56,31,57,21,67,17,113,100,130,14,93,69,91" hai3="96,92,45,12,46,121,59,135,134,60,73,51,26"/><V19/><F130/><W89/><G73/><T6/><D105/><U11/><E119/><V42/><F100/><W49/><G121/><T78/><D78/><U48/><E74/><V114/><F31/><W27/><G12/><T129/><D129/><U5/><E34/><V33/><F33/><W40/><G134/><T77/><D77/><U97/><E122/><V15/><F42/><N who="3" m="24759" /><G135/><T20/><D116/><U61/><E127/><V29/><F29/><W10/><G10/><T79/><D79/><U107/><E107/><V0/><F0/><W83/><G83/><T53/><D35/><U44/><REACH who="1" step="1"/><E16/><REACH who="1" ten="372,303,43,252" step="2"/><V58/><F69/><W47/><G47/><T84/><D18/><U71/><E71/><V86/><REACH who="2" step="1"/><F67/><AGARI ba="3,3" hai="26,27,40,46,51,59,60,67,89,92,96" m="24759" machi="67" ten="30,1000,0" yaku="8,1" doraHai="110" who="3" fromWho="2" sc="372,0,303,0,43,-19,252,49" /><INIT seed="7,0,0,4,0,6" ten="372,303,24,301" oya="3" hai0="49,64,14,47,126,89,105,96,25,103,97,109,29" hai1="24,44,50,77,61,133,90,114,88,80,131,127,18" hai2="100,74,79,75,37,122,101,2,53,128,59,112,0" hai3="3,81,48,124,57,106,40,56,98,62,45,42,76"/><W41/><G3/><T10/><D109/><U121/><E121/><V35/><F59/><W95/><G124/><T39/><D39/><U135/><E127/><V119/><F53/><W36/><G106/><T1/><D126/><U4/><E114/><V132/><F79/><W86/><G36/><T102/><D1/><U8/><E131/><V93/><F93/><W108/><G108/><T70/><D89/><U46/><E61/><V107/><F100/><N who="3" m="60511" /><G57/><T38/><D38/><U110/><E110/><V69/><F101/><W52/><AGARI ba="0,0" hai="40,41,42,45,48,52,56,62,76,81,86" m="60511" machi="52" ten="30,3000,0" yaku="8,1,54,1" doraHai="6" who="3" fromWho="3" sc="372,-10,303,-10,24,-10,301,30" /><INIT seed="7,1,0,1,3,60" ten="362,293,14,331" oya="3" hai0="82,25,29,33,78,5,61,62,129,111,114,46,79" hai1="27,50,121,128,124,120,47,109,23,130,22,4,83" hai2="73,52,126,96,92,30,91,59,85,87,7,90,74" hai3="44,51,49,116,18,65,86,72,125,88,117,11,63"/><W31/><G72/><T133/><D111/><U115/><E83/><V70/><F70/><W14/><G125/><T132/><D129/><N who="1" m="49771" /><E50/><V89/><F7/><W94/><G31/><T57/><D114/><U15/><E47/><V26/><F126/><W107/><G107/><T102/><D5/><U32/><E124/><V42/><F42/><W2/><G2/><T99/><D46/><U76/><E76/><V131/><F131/><W105/><G105/><T28/><D28/><N who="1" m="19487" /><E109/><V113/><F113/><W67/><G67/><T112/><D112/><U81/><E81/><V58/><F58/><W41/><G49/><T19/><D19/><N who="1" m="10623" /><E115/><V103/><F73/><W95/><G95/><N who="0" m="58751" /><D82/><U55/><E55/><V3/><F3/><W8/><G8/><T24/><D62/><U100/><E100/><V34/><REACH who="2" step="1"/><F74/><REACH who="2" ten="362,293,4,331" step="2"/><W84/><G84/><T1/><D1/><U134/><E134/><N who="0" m="51817" /><D24/><U97/><E97/><V68/><F68/><AGARI ba="1,1" hai="11,14,18,41,44,51,63,65,68,86,88,94,116,117" machi="68" ten="30,5800,0" yaku="7,1,52,1,54,1" doraHai="60" who="3" fromWho="2" sc="362,0,293,0,4,-61,331,71" owari="362,16.2,293,-10.7,-57,-55.7,402,50.2" /></mjloggm>