<mjloggm ver="2.3"><GO type="169" lobby="0"/><UN n0="%E3%81%95%E3%81%AA%31%39%39%37" n1="%E3%83%AA%E3%83%B3%E3%83%8D%E3%83%B3" n2="%E6%A2%85%E8%8E%89" n3="%4D%72%52%41%4D%4F" dan="16,16,18,16" rate="2153.02,2119.97,2227.91,2142.25" sx="M,M,F,M"/><TAIKYOKU oya="0"/><INIT seed="0,0,0,3,5,49" ten="250,250,250,250" oya="0" hai0="74,87,45,25,101,115,91,94,97,37,66,89,31" hai1="125,57,123,108,22,28,129,23,3,132,120,100,0" hai2="46,20,102,72,53,109,113,16,13,42,26,32,111" hai3="135,131,80,6,4,10,68,40,56,5,124,88,99"/><T67/><D115/><U2/><E100/><V65/><F113/><W118/><G118/><T43/><D74/><U119/><E119/><V60/><F72/><W24/><G68/><T96/><D96/><U75/><E75/><V33/><F102/><W55/><G131/><T29/><D91/><U39/><E39/><V103/><F103/><W130/><G130/><T107/><REACH who="0" step="1"/><D31/><REACH who="0" ten="240,250,250,250" step="2"/><U54/><E129/><V8/><F111/><W61/><G135/><T71/><D71/><U81/><E132/><V34/><F109/><W41/><G124/><T93/><D93/><U77/><E108/><V117/><F117/><W105/><G105/><T82/><D82/><U126/><E28/><V15/><F8/><W44/><G80/><T86/><D86/><U19/><E81/><V62/><F62/><W51/><G10/><T76/><D76/><U83/><E83/><V11/><F11/><W122/><G122/><T133/><D133/><U52/><E77/><V79/><F79/><W121/><G121/><T59/><D59/><U128/><E128/><V30/><F30/><W95/><REACH who="3" step="1"/><G24/><REACH who="3" ten="240,250,250,240" step="2"/><T85/><D85/><U134/><E134/><V127/><F127/><W36/><G36/><T27/><D27/><U64/><E120/><V38/><F38/><W14/><G14/><T92/><D92/><U12/><E123/><V78/><F15/><W110/><G110/><T35/><AGARI ba="0,2" hai="25,29,35,37,43,45,66,67,87,89,94,97,101,107" machi="35" ten="20,3900,0" yaku="1,1,0,1,7,1,53,0" doraHai="49" doraHaiUra="104" who="0" fromWho="0" sc="240,59,250,-13,250,-13,240,-13" /><INIT seed="0,1,0,5,4,72" ten="299,237,237,227" oya="0" hai0="86,24,41,107,67,98,10,51,89,111,3,97,77" hai1="87,73,42,80,50,115,119,83,29,103,49,5,130" hai2="116,55,9,85,17,7,30,1,82,4,59,122,100" hai3="37,114,135,6,132,69,54,94,56,88,128,112,131"/><T118/><D118/><U123/><E119/><V105/><F116/><W79/><G6/><T39/><D39/><U38/><E123/><V84/><F122/><W12/><G12/><T43/><D111/><U8/><E130/><N who="3" m="49706" /><G69/><T133/><D133/><N who="3" m="51273" /><G37/><T93/><D107/><U95/><E29/><V48/><F7/><W15/><G15/><T44/><D3/><U25/><E25/><V110/><F110/><W13/><G13/><T108/><D108/><U96/><E115/><V11/><F30/><W57/><G79/><T127/><D10/><U31/><E31/><V75/><F11/><W52/><G94/><T18/><D77/><N who="1" m="46479" /><E38/><V62/><F17/><W23/><G23/><T0/><D18/><U81/><E73/><V2/><F2/><W58/><G88/><T125/><D0/><U16/><E5/><V64/><F9/><W14/><G14/><T78/><D78/><U63/><E8/><V53/><F4/><W33/><G33/><T71/><D24/><U27/><E27/><V40/><F1/><W120/><G120/><T70/><D70/><U20/><E20/><V65/><F75/><W61/><G61/><N who="0" m="40431" /><D97/><U76/><E76/><V90/><F62/><W99/><G99/><T74/><D98/><U106/><E106/><V35/><F105/><W68/><G68/><T109/><D74/><U34/><E34/><V124/><F35/><W117/><G117/><T60/><D60/><U46/><E63/><V129/><F129/><W91/><G91/><T104/><D104/><U92/><E96/><V21/><F90/><W45/><G45/><N who="0" m="26031" /><D109/><U66/><E46/><RYUUKYOKU ba="1,0" sc="299,15,237,-15,237,-15,227,15" hai0="43,44,86,89,93,125,127" hai3="52,54,56,57,58,112,114" /><INIT seed="0,2,0,1,5,3" ten="314,222,222,242" oya="0" hai0="88,27,109,131,4,77,62,58,67,76,84,20,48" hai1="107,129,5,63,121,124,7,64,118,55,87,21,119" hai2="110,57,32,18,83,130,81,0,22,40,132,73,66" hai3="82,47,112,92,108,17,59,106,8,56,1,94,68"/><T29/><D131/><U15/><E121/><V53/><F32/><W65/><G106/><T60/><D109/><U78/><E107/><V104/><F104/><W113/><G68/><T72/><D72/><U122/><E122/><V52/><F110/><W98/><G108/><T35/><D48/><U100/><E129/><V26/><F130/><W46/><G82/><T33/><D33/><U99/><E124/><V114/><F114/><W93/><G98/><T79/><D35/><U51/><E119/><V96/><F0/><W134/><G134/><T16/><D62/><U14/><E99/><V23/><F96/><W10/><G17/><T43/><D43/><U11/><E100/><V19/><F40/><W9/><G1/><T85/><D4/><N who="1" m="3431" /><E64/><V115/><F115/><W49/><G49/><T54/><D67/><U39/><E39/><V31/><F31/><W45/><REACH who="3" step="1"/><G65/><REACH who="3" ten="314,222,222,232" step="2"/><T24/><D29/><U111/><E111/><V13/><F132/><W50/><G50/><T70/><D70/><U42/><E42/><V71/><F71/><W37/><G37/><T135/><D135/><U102/><E118/><V101/><F66/><W80/><G80/><N who="0" m="49159" /><D27/><U128/><E128/><V127/><F26/><W2/><G2/><T117/><D117/><U90/><E51/><V44/><F127/><W74/><G74/><T25/><D25/><U91/><E63/><V123/><F73/><W69/><G69/><T30/><D30/><U61/><E61/><V97/><F123/><W89/><G89/><T116/><D116/><U103/><E90/><V6/><F101/><N who="1" m="38409" /><E91/><V41/><F81/><AGARI ba="2,1" hai="16,20,24,54,58,60,76,77,79,81,85" m="49159" machi="81" ten="30,11600,0" yaku="6,1,8,1,54,2" doraHai="3" who="0" fromWho="2" sc="314,132,222,0,222,-122,232,0" /><INIT seed="0,3,0,3,4,125" ten="446,222,100,232" oya="0" hai0="26,77,92,29,107,39,47,97,43,60,16,20,119" hai1="14,106,111,85,78,135,98,0,134,120,94,3,4" hai2="126,79,5,59,38,109,81,93,124,8,108,131,116" hai3="22,57,46,18,6,99,35,122,100,56,64,89,40"/><T129/><D119/><U36/><E120/><V115/><F38/><W121/><G35/><T80/><D107/><U72/><E36/><V52/><F115/><W21/><G6/><T2/><D2/><U30/><E111/><N who="2" m="42571" /><F116/><W55/><G89/><T95/><D60/><U53/><E30/><V86/><F93/><W102/><G64/><T132/><D132/><N who="1" m="50731" /><E72/><V114/><F114/><W96/><G46/><T75/><D129/><U62/><E106/><V27/><F27/><W128/><G55/><T49/><D39/><U133/><E133/><V127/><F131/><W9/><G9/><T31/><REACH who="0" step="1"/><D92/><REACH who="0" ten="436,222,100,232" step="2"/><U11/><E62/><N who="2" m="36199" /><F127/><W44/><G128/><T103/><AGARI ba="3,1" hai="16,20,26,29,31,43,47,49,75,77,80,95,97,103" machi="103" ten="20,7800,0" yaku="1,1,0,1,7,1,54,1,53,0" doraHai="125" doraHaiUra="61" who="0" fromWho="0" sc="436,97,222,-29,100,-29,232,-29" /><INIT seed="0,4,0,5,4,83" ten="533,193,71,203" oya="0" hai0="54,123,19,13,4,33,28,30,94,121,31,113,130" hai1="70,51,18,74,131,39,69,2,56,16,112,22,37" hai2="15,91,62,99,11,86,77,134,119,66,81,132,80" hai3="111,110,89,72,53,57,67,46,122,21,79,126,129"/><T116/><D116/><U60/><E74/><V115/><F115/><W24/><G129/><T82/><D113/><U102/><E112/><V109/><F119/><W85/><G126/><T100/><D130/><U117/><E117/><V25/><F109/><N who="3" m="41483" /><G122/><T10/><D33/><U87/><E2/><V41/><F25/><W64/><G46/><T125/><D125/><U107/><E131/><V71/><F41/><W1/><G79/><T23/><D82/><U26/><E39/><V29/><F29/><N who="3" m="17551" /><G1/><T40/><D40/><U58/><E37/><V35/><F35/><W95/><G72/><T98/><REACH who="0" step="1"/><D54/><REACH who="0" ten="523,193,71,203" step="2"/><U12/><E107/><V38/><F38/><W75/><G75/><T20/><D20/><U92/><E22/><V124/><F124/><W118/><G118/><T78/><D78/><U55/><E55/><V48/><F80/><W32/><G32/><T90/><D90/><U101/><E92/><V6/><F77/><W14/><G53/><T9/><D9/><U63/><E101/><V17/><F11/><W96/><G89/><T114/><D114/><U7/><E102/><V106/><F91/><W61/><G95/><T120/><D120/><U44/><E60/><V103/><F62/><W76/><G61/><T127/><D127/><U42/><E63/><V128/><F103/><W27/><G76/><T50/><D50/><U36/><E51/><V65/><F48/><W88/><G88/><T104/><D104/><U49/><E49/><V84/><F128/><W52/><G52/><T8/><D8/><U5/><E42/><V34/><F106/><W105/><G105/><RYUUKYOKU ba="4,1" sc="523,30,193,-10,71,-10,203,-10" hai0="4,10,13,19,23,28,30,31,94,98,100,121,123" /><INIT seed="0,5,1,4,0,100" ten="553,183,61,193" oya="0" hai0="31,131,71,127,10,115,101,82,130,118,36,38,32" hai1="98,8,87,27,117,49,7,6,81,112,80,41,2" hai2="16,84,69,33,113,46,109,120,92,22,93,3,99" hai3="4,1,134,45,126,63,135,116,18,48,26,121,58"/><T91/><D115/><U67/><E117/><V56/><F113/><W124/><G4/><T73/><D118/><U42/><E112/><V20/><F120/><W61/><G1/><T54/><D71/><U76/><E7/><V97/><F33/><W29/><G18/><T66/><D66/><U13/><E67/><V44/><F69/><W51/><G26/><N who="0" m="18551" /><D127/><N who="3" m="48681" /><G29/><T122/><D122/><U57/><E2/><V21/><F3/><W78/><G78/><N who="0" m="44367" /><D101/><U0/><E0/><V75/><F75/><W65/><G121/><T133/><D133/><N who="3" m="50697" /><G116/><T37/><D91/><U111/><E27/><V128/><F128/><N who="0" m="49194" /><D54/><U52/><E80/><V85/><F56/><N who="3" m="37031" /><G45/><N who="2" m="17513" /><F109/><W28/><G28/><T11/><AGARI ba="5,1" hai="10,11,36,37,38" m="49194,44367,18551" machi="11" ten="40,2100,0" yaku="19,1" doraHai="100" who="0" fromWho="0" sc="553,46,183,-12,61,-12,193,-12" /><INIT seed="0,6,0,1,0,49" ten="599,171,49,181" oya="0" hai0="92,68,91,42,110,104,103,89,58,50,66,53,5" hai1="70,131,133,65,24,11,45,83,118,111,8,117,98" hai2="100,119,102,109,67,41,99,124,61,57,29,135,31" hai3="59,71,3,0,39,47,95,25,106,129,52,15,87"/><T127/><D127/><U2/><E111/><V96/><F109/><W94/><G106/><T74/><D110/><U4/><E133/><V97/><F124/><W134/><G71/><T78/><D5/><U46/><E131/><V23/><F135/><W75/><G75/><T72/><D91/><U69/><E98/><V125/><F125/><W107/><G107/><T7/><D7/><U14/><E24/><V76/><F119/><W123/><G134/><T82/><D42/><U55/><E83/><V86/><F41/><W81/><G129/><T116/><D116/><U114/><E114/><V130/><F130/><W88/><G123/><T101/><D74/><U33/><E33/><V12/><F12/><W132/><G132/><T63/><REACH who="0" step="1"/><D104/><REACH who="0" ten="589,171,49,181" step="2"/><U16/><E118/><V112/><F112/><W121/><G121/><T77/><D77/><U35/><E117/><V32/><F102/><W56/><G88/><T84/><AGARI ba="6,1" hai="50,53,58,63,66,68,72,78,82,84,89,92,101,103" machi="84" ten="20,12000,1" yaku="1,1,0,1,7,1,52,1,53,1" doraHai="49" doraHaiUra="64" who="0" fromWho="0" sc="589,148,171,-46,49,-46,181,-46" /><INIT seed="0,7,0,0,3,126" ten="737,125,3,135" oya="0" hai0="12,38,87,49,10,121,82,46,105,101,106,30,124" hai1="111,18,4,58,76,11,59,35,77,85,9,113,94" hai2="20,74,15,57,5,93,104,95,86,114,117,55,8" hai3="90,69,62,73,130,50,43,39,37,67,108,32,31"/><T24/><D121/><U123/><E35/><V47/><F114/><W112/><G112/><T60/><D124/><U64/><E123/><V103/><F74/><W6/><G108/><T70/><D38/><U25/><E111/><V45/><F117/><W78/><G90/><T122/><D122/><U107/><E107/><V26/><F104/><W128/><G6/><T16/><D101/><U83/><E77/><V99/><F86/><W81/><G50/><T40/><D60/><N who="1" m="37911" /><E4/><V22/><F95/><W1/><G1/><T65/><D65/><U115/><E59/><V100/><F100/><W110/><G110/><T71/><D105/><U63/><E115/><V33/><F33/><W14/><G14/><T125/><D125/><U89/><E63/><N who="2" m="36287" /><F20/><W118/><G118/><T98/><D98/><N who="1" m="57679" /><E113/><V53/><F53/><W19/><G19/><AGARI ba="7,0" hai="5,8,15,19,22,26,45,47,93,99,103" m="36287" machi="19" ten="30,1000,0" yaku="8,1" doraHai="126" who="2" fromWho="3" sc="737,0,125,0,3,31,135,-31" /><INIT seed="1,0,0,0,5,116" ten="737,125,34,104" oya="1" hai0="110,30,36,89,0,53,40,132,74,66,75,17,61" hai1="11,96,2,71,67,12,80,1,95,22,129,69,77" hai2="21,85,54,26,127,29,13,111,14,24,51,62,4" hai3="133,23,88,59,84,102,43,38,7,56,20,72,109"/><U125/><E129/><V120/><F120/><W58/><G72/><T103/><D110/><U41/><E125/><V39/><F39/><W114/><G114/><T100/><D0/><U50/><E22/><V78/><F111/><W117/><G109/><T70/><D132/><U6/><E1/><V42/><F127/><W9/><G133/><T33/><D17/><U106/><E106/><V91/><F78/><W83/><G117/><T45/><D89/><U48/><E2/><V46/><F4/><W81/><G102/><T118/><D118/><U64/><E71/><V15/><F26/><W107/><G107/><T37/><D37/><U90/><E69/><V94/><REACH who="2" step="1"/><F62/><REACH who="2" ten="737,125,24,104" step="2"/><W49/><G38/><T86/><D36/><U126/><E126/><V10/><F10/><W93/><G9/><T104/><D61/><U113/><E113/><V122/><F122/><W134/><G134/><T18/><D74/><U55/><E48/><V121/><F121/><W135/><G7/><T124/><D75/><U130/><E130/><V63/><F63/><W28/><G135/><T82/><D124/><U98/><E77/><V44/><F44/><N who="3" m="25759" /><G20/><T34/><D45/><U76/><E11/><V60/><F60/><W8/><G8/><T68/><D68/><U32/><E50/><V3/><F3/><W25/><AGARI ba="0,1" hai="23,25,28,56,58,59,81,83,84,88,93" m="25759" machi="25" ten="30,2000,0" yaku="8,1,54,1" doraHai="116" who="3" fromWho="3" sc="737,-5,125,-10,24,-5,104,30" /><INIT seed="2,0,0,0,3,40" ten="732,115,19,134" oya="2" hai0="26,58,88,18,117,118,39,93,2,60,91,126,112" hai1="119,105,101,111,34,17,16,51,69,130,68,73,87" hai2="115,90,131,20,9,48,53,109,114,120,124,70,127" hai3="116,3,67,23,104,27,37,74,125,98,11,103,50"/><V121/><F70/><W133/><G116/><N who="0" m="44651" /><D112/><N who="2" m="43050" /><F9/><W102/><G37/><T94/><D126/><N who="2" m="48170" /><F90/><N who="0" m="34346" /><D39/><U135/><E119/><V89/><F89/><W99/><G125/><T33/><D2/><U19/><E68/><V38/><F38/><W24/><G3/><T72/><D72/><U36/><E69/><V32/><F32/><W30/><G74/><T13/><D26/><U43/><E73/><V7/><F7/><W123/><G27/><T129/><D129/><U84/><E130/><V77/><F77/><W65/><G11/><N who="0" m="6463" /><D33/><U81/><E34/><V75/><F75/><W108/><G24/><T134/><D134/><U12/><E135/><V14/><F131/><W122/><G133/><T92/><D92/><U107/><E36/><V85/><F85/><W4/><G4/><T10/><D10/><U64/><E84/><V55/><F109/><W113/><G108/><T31/><D31/><U110/><E110/><V63/><F20/><W21/><G113/><T95/><D95/><U61/><E111/><V29/><F29/><W80/><G30/><T83/><D83/><U35/><E35/><V97/><F14/><W128/><G128/><T78/><D78/><N who="1" m="46519" /><E12/><V1/><F1/><W66/><G80/><T132/><D132/><U5/><E5/><V62/><F97/><W41/><G99/><T46/><D93/><U8/><E8/><V15/><F15/><W28/><G98/><T86/><D94/><U57/><E101/><N who="3" m="38410" /><G28/><T45/><D86/><U49/><E19/><V56/><F63/><W96/><G96/><T44/><D60/><N who="1" m="37903" /><E17/><V82/><F82/><W100/><G100/><RYUUKYOKU ba="0,0" sc="732,15,115,-15,19,15,134,-15" hai0="44,45,46,58" hai2="48,53,55,56,62,120,121" /><INIT seed="2,1,0,2,5,118" ten="747,100,34,119" oya="2" hai0="104,133,70,22,135,25,10,9,28,101,113,43,40" hai1="30,32,108,126,78,24,13,27,2,15,107,58,52" hai2="29,17,34,86,16,77,14,94,0,66,21,8,33" hai3="72,6,36,1,134,120,12,49,55,88,80,115,132"/><V111/><F66/><W56/><G36/><T129/><D70/><U63/><E2/><V91/><F77/><W105/><G105/><T73/><D73/><U67/><E107/><V99/><F111/><W23/><G1/><T79/><D79/><U114/><E114/><V11/><F29/><W117/><G117/><T47/><D113/><U96/><E108/><V102/><F0/><W76/><G115/><T87/><D87/><U90/><E78/><V7/><F7/><W3/><G3/><T81/><D81/><U48/><E126/><V50/><F50/><W26/><G120/><T112/><D112/><U121/><E121/><V103/><F103/><W89/><G12/><T83/><D83/><U84/><E96/><V46/><F46/><W41/><G6/><T71/><D71/><U127/><E24/><V124/><F124/><W44/><G41/><N who="0" m="15947" /><D47/><U61/><E61/><V82/><REACH who="2" step="1"/><F8/><REACH who="2" ten="747,100,24,119" step="2"/><W4/><G4/><T95/><D9/><U125/><E127/><V74/><F74/><W98/><G44/><T106/><D10/><U54/><E125/><V130/><F130/><W69/><G69/><T53/><D129/><U92/><E67/><V37/><F37/><W31/><REACH who="3" step="1"/><G98/><REACH who="3" ten="747,100,24,109" step="2"/><T68/><D68/><U93/><E58/><V38/><F38/><W60/><G60/><T85/><D106/><U42/><E63/><V51/><F51/><W18/><G18/><T65/><D104/><U19/><E19/><V109/><F109/><W75/><G75/><T35/><D85/><U110/><E110/><V5/><F5/><W57/><G57/><T119/><D119/><RYUUKYOKU ba="1,2" sc="747,-15,100,-15,24,15,109,15" hai2="11,14,16,17,21,33,34,82,86,91,94,99,102" hai3="23,26,31,49,55,56,72,76,80,88,89,132,134" /><INIT seed="2,2,2,4,2,15" ten="732,85,39,124" oya="2" hai0="132,0,89,4,19,37,98,44,106,124,105,29,91" hai1="66,22,125,50,16,3,129,40,103,2,109,112,64" hai2="57,6,54,17,128,23,76,130,117,123,70,51,52" hai3="113,87,21,38,31,48,8,68,111,62,108,114,92"/><V35/><F117/><W88/><G38/><T134/><D29/><U43/><E112/><N who="3" m="43114" /><G8/><N who="0" m="2055" /><D19/><U94/><E109/><N who="3" m="42058" /><G48/><T14/><D14/><U96/><E125/><V20/><F123/><W25/><G62/><T100/><D106/><U1/><E129/><N who="2" m="49771" /><F35/><W26/><G26/><T99/><D99/><U107/><E107/><V58/><F70/><AGARI ba="2,2" hai="21,25,31,68,70,87,88,92" m="42058,43114" machi="70" ten="30,3900,0" yaku="11,1,14,1,54,1" doraHai="15" who="3" fromWho="2" sc="732,0,85,0,39,-45,124,65" owari="732,83.2,85,-31.5,-6,-50.6,189,-1.1" /></mjloggm>