<mjloggm ver="2.3"><GO type="169" lobby="0"/><UN n0="%42%42%E3%81%A7%E3%81%99%E3%80%82" n1="%73%73%6B%5F%66%72%65%65" n2="%E8%B5%A4%E4%BA%94%E7%AB%8B%E7%9B%B4" n3="%E3%81%A5%E3%81%8B%E5%AD%90" dan="17,16,16,16" rate="2172.10,2110.71,2175.65,2159.27" sx="M,M,F,M"/><TAIKYOKU oya="0"/><INIT seed="0,0,0,5,4,80" ten="250,250,250,250" oya="0" hai0="14,126,87,54,75,8,77,19,81,105,3,31,107" hai1="86,48,39,116,12,99,16,76,63,100,60,68,114" hai2="65,104,122,51,134,83,128,85,15,21,120,17,66" hai3="127,78,67,0,103,113,27,62,106,6,29,129,112"/><T42/><D126/><U98/><E116/><V4/><F104/><W28/><G29/><T91/><D42/><U133/><E133/><V41/><F134/><W70/><G127/><T13/><D3/><U97/><E39/><V33/><F33/><W40/><G129/><T45/><D31/><U131/><E131/><V90/><F128/><W117/><G117/><T111/><D111/><U108/><E108/><V130/><F130/><W101/><G78/><T52/><D13/><U30/><E114/><V72/><F72/><W119/><G119/><T71/><D71/><U55/><E30/><V23/><F4/><W125/><G125/><T69/><D69/><U64/><E63/><V47/><REACH who="2" step="1"/><F23/><REACH who="2" ten="250,250,240,250" step="2"/><W7/><G7/><T96/><D107/><U58/><E100/><V94/><F94/><W93/><G93/><N who="0" m="54527" /><D45/><U9/><REACH who="1" step="1"/><E76/><REACH who="1" ten="250,240,240,250" step="2"/><V22/><F22/><W50/><G113/><T89/><D89/><U109/><E109/><V102/><F102/><AGARI ba="0,2" hai="8,14,19,52,54,75,77,81,96,102,105" m="54527" machi="102" ten="30,5800,0" yaku="24,1,52,1,54,1" doraHai="80" who="0" fromWho="2" sc="250,78,240,0,240,-58,250,0" /><INIT seed="0,1,0,3,2,79" ten="328,240,182,250" oya="0" hai0="98,91,56,64,15,9,107,127,42,8,95,51,40" hai1="128,110,117,17,14,104,122,80,25,118,39,89,65" hai2="36,84,22,82,97,71,11,41,33,100,81,78,57" hai3="2,18,133,76,37,26,35,24,73,50,123,4,68"/><T12/><D127/><U49/><E122/><V106/><F33/><W96/><G37/><T59/><D107/><U111/><E128/><V16/><F71/><W13/><G68/><T83/><D64/><U92/><E39/><V27/><F36/><W131/><G133/><T63/><D59/><U108/><E104/><V74/><F57/><W112/><G112/><T3/><D3/><U1/><E1/><V45/><F11/><W101/><G123/><T134/><D134/><U52/><E65/><V28/><F45/><W120/><G120/><T113/><D113/><U132/><E25/><V125/><F41/><W5/><G131/><T105/><D105/><U7/><E7/><V75/><F125/><W109/><G109/><T23/><D23/><U61/><E61/><V31/><F75/><W135/><G135/><T93/><D63/><U94/><E132/><V62/><F62/><W121/><G121/><T0/><D0/><U88/><E118/><V30/><F30/><W44/><G73/><T86/><D95/><N who="1" m="36395" /><E80/><V53/><F53/><W87/><G2/><T48/><D15/><U114/><E114/><V90/><AGARI ba="1,0" hai="16,22,27,28,31,74,78,81,82,84,90,97,100,106" machi="90" ten="20,8000,1" yaku="0,1,7,1,52,2,54,1" doraHai="79" who="2" fromWho="2" sc="328,-41,240,-21,182,83,250,-21" /><INIT seed="1,0,0,0,0,48" ten="287,219,265,229" oya="1" hai0="126,4,128,74,55,22,18,131,77,3,29,92,19" hai1="58,81,27,14,41,115,118,57,108,122,54,1,13" hai2="49,37,62,72,104,68,64,44,130,5,103,45,96" hai3="114,23,129,59,32,132,120,42,127,17,15,60,0"/><U90/><E115/><V100/><F72/><W85/><G120/><T51/><D126/><U111/><E118/><V36/><F130/><N who="0" m="49706" /><D92/><U8/><E122/><V53/><F103/><W112/><G129/><T61/><D61/><U20/><E41/><V46/><REACH who="2" step="1"/><F5/><REACH who="2" ten="287,219,255,229" step="2"/><W80/><G114/><T2/><D4/><U133/><E133/><V28/><F28/><W35/><G112/><T40/><D29/><U113/><E113/><V101/><F101/><W116/><G116/><T117/><D117/><U9/><E1/><V71/><F71/><W67/><G127/><T95/><D3/><U91/><E108/><V16/><F16/><W119/><G119/><T24/><D2/><U134/><E111/><V83/><F83/><W33/><G132/><T84/><D18/><N who="1" m="12695" /><E134/><V97/><F97/><W88/><G0/><T21/><D74/><U102/><E102/><V93/><F93/><W125/><G125/><T99/><D99/><U47/><E81/><V26/><F26/><W70/><REACH who="3" step="1"/><G42/><REACH who="3" ten="287,219,255,219" step="2"/><T66/><D40/><U106/><E106/><V110/><F110/><W56/><AGARI ba="0,2" hai="15,17,23,32,33,35,56,59,60,67,70,80,85,88" machi="56" ten="40,12000,2" yaku="1,1,2,1,0,1,54,1,53,3" doraHai="48" doraHaiUra="30" who="3" fromWho="3" sc="287,-30,219,-60,255,-30,219,140" /><INIT seed="2,0,0,0,0,119" ten="257,159,225,359" oya="2" hai0="32,131,97,58,115,4,36,64,41,13,21,45,23" hai1="96,70,82,125,83,24,61,122,14,40,6,52,133" hai2="26,85,109,46,28,62,127,120,57,95,84,1,81" hai3="9,51,79,67,116,77,68,86,29,114,106,18,50"/><V66/><F1/><W129/><G116/><T74/><D115/><U117/><E117/><V112/><F112/><W87/><G106/><T11/><D32/><U10/><E133/><V108/><F127/><W105/><G105/><T80/><D131/><U54/><E125/><V102/><F46/><W22/><G114/><T91/><D74/><U110/><E110/><N who="2" m="42603" /><F120/><W99/><G99/><T88/><D80/><U92/><E40/><V19/><F19/><W134/><G68/><T35/><D35/><U33/><E122/><V118/><F118/><W132/><G67/><T37/><D37/><U34/><E70/><V76/><F102/><W73/><G9/><T2/><D97/><U89/><E34/><N who="2" m="20759" /><F95/><W126/><G29/><T49/><D2/><U124/><E124/><V59/><F59/><W121/><G126/><T135/><D135/><U71/><E71/><V98/><F98/><W107/><G107/><T72/><D36/><U94/><E94/><V25/><F25/><W15/><G121/><T17/><D17/><U111/><E111/><V128/><F128/><W0/><G0/><T39/><D39/><U63/><E24/><V5/><F5/><W3/><G3/><T7/><D7/><U55/><REACH who="1" step="1"/><E33/><REACH who="1" ten="257,149,225,359" step="2"/><V90/><F90/><W20/><G129/><T123/><D91/><U130/><E130/><V113/><F113/><W31/><G134/><T43/><D88/><U78/><E78/><N who="3" m="29706" /><G132/><T104/><D104/><U56/><E56/><V69/><F69/><W101/><G101/><T38/><D123/><U47/><E47/><V48/><F84/><N who="3" m="32299" /><G73/><T27/><D72/><RYUUKYOKU ba="0,1" sc="257,-30,149,10,225,10,359,10" hai1="6,10,14,52,54,55,61,63,82,83,89,92,96" hai2="48,57,62,66,76,81,85" hai3="15,18,20,22,31,50,51" /><INIT seed="2,1,1,3,5,18" ten="227,159,235,369" oya="2" hai0="60,91,115,22,120,58,47,84,98,134,119,27,92" hai1="95,107,1,85,118,6,68,34,30,55,129,125,61" hai2="41,62,21,12,96,10,110,97,122,4,14,82,80" hai3="8,53,44,135,93,89,7,109,71,54,67,76,104"/><V20/><F122/><W31/><G104/><T5/><D134/><U73/><E118/><V57/><F41/><W39/><G109/><T132/><D132/><U74/><E129/><V72/><F110/><W17/><G135/><T77/><D115/><U124/><E107/><V36/><F36/><W121/><G121/><T0/><D120/><U43/><E43/><V79/><F80/><W87/><G31/><T78/><D119/><U42/><E42/><V52/><REACH who="2" step="1"/><F14/><REACH who="2" ten="227,159,225,369" step="2"/><W9/><G39/><T70/><D0/><U2/><E2/><V69/><F69/><W50/><G71/><T105/><D70/><U114/><E68/><V99/><AGARI ba="1,2" hai="4,10,12,20,21,52,57,62,72,79,82,96,97,99" machi="99" ten="30,18000,2" yaku="1,1,0,1,52,2,54,1,53,1" doraHai="18" doraHaiUra="59" who="2" fromWho="2" sc="227,-61,159,-61,225,203,369,-61" /><INIT seed="2,2,0,0,2,88" ten="166,98,428,308" oya="2" hai0="38,34,122,133,115,112,74,105,104,53,41,110,95" hai1="98,92,99,47,128,126,3,23,79,26,18,28,13" hai2="27,59,103,75,22,81,30,90,109,130,120,89,123" hai3="69,4,35,6,10,57,14,118,125,84,63,80,9"/><V70/><F70/><W97/><G125/><T127/><RYUUKYOKU type="yao9" ba="2,0" sc="166,0,98,0,428,0,308,0" hai0="34,38,41,53,74,95,104,105,110,112,115,122,127,133" /><INIT seed="2,3,0,5,1,64" ten="166,98,428,308" oya="2" hai0="55,106,40,35,109,108,121,32,75,11,116,12,132" hai1="31,96,38,126,5,48,22,45,53,91,29,118,70" hai2="36,100,129,6,112,68,47,59,110,122,101,37,123" hai3="4,20,13,84,49,105,120,14,52,65,81,117,72"/><V41/><F112/><W58/><G117/><T9/><D75/><U71/><E118/><V111/><F6/><W56/><G105/><T2/><D106/><U62/><E126/><V124/><F124/><W15/><G72/><T10/><D40/><U1/><E38/><V57/><F129/><W46/><G120/><N who="2" m="46121" /><F100/><W28/><G4/><N who="0" m="1175" /><D55/><U90/><E5/><V88/><F88/><N who="3" m="51215" /><G65/><T24/><D121/><U30/><E1/><V77/><F77/><W92/><G92/><T19/><D116/><U128/><E128/><V60/><F101/><W39/><G39/><T33/><D132/><U42/><E22/><V125/><F37/><W135/><G135/><T103/><D103/><U119/><E119/><V50/><F125/><W61/><G61/><T26/><D10/><U3/><E3/><V86/><F86/><W114/><G114/><T44/><D44/><U98/><E91/><V18/><F18/><W76/><G76/><T87/><D87/><U134/><E134/><V63/><F36/><W80/><G80/><T95/><D95/><U7/><E7/><V23/><F23/><W16/><G28/><T99/><D99/><U130/><E130/><V17/><F17/><W34/><G34/><T104/><D104/><U79/><E79/><V67/><F63/><W25/><AGARI ba="3,0" hai="13,14,15,16,20,25,46,49,52,56,58" m="51215" machi="25" ten="30,7900,0" yaku="8,1,54,3" doraHai="64" who="3" fromWho="3" sc="166,-23,98,-23,428,-42,308,88" /><INIT seed="3,0,0,4,0,29" ten="143,75,386,396" oya="3" hai0="28,90,79,25,46,3,134,44,114,40,135,117,68" hai1="101,48,38,76,133,82,30,113,0,43,118,97,10" hai2="125,86,59,56,32,4,8,98,47,42,124,52,36" hai3="60,21,39,26,96,126,106,88,7,80,108,12,58"/><W127/><G39/><T50/><D117/><U93/><E113/><V95/><F59/><W129/><G129/><T128/><D3/><U105/><E118/><V57/><F57/><W73/><G108/><T64/><D114/><U99/><E133/><N who="0" m="50697" /><D79/><U6/><E30/><V24/><F86/><W53/><G7/><T45/><D128/><U100/><E48/><V34/><F24/><W89/><G12/><T15/><D15/><U85/><REACH who="1" step="1"/><E43/><REACH who="1" ten="143,65,386,396" step="2"/><V70/><F124/><W107/><G127/><T5/><D50/><U13/><E13/><V122/><F125/><W9/><G126/><T49/><D28/><U109/><E109/><V102/><F122/><W54/><G26/><T1/><D1/><U87/><E87/><V20/><F20/><W84/><G21/><T119/><D25/><U27/><E27/><V77/><F77/><W78/><G9/><T112/><D112/><U110/><E110/><V62/><F70/><W74/><G84/><T121/><D119/><U72/><E72/><V19/><F19/><W55/><G74/><T94/><D121/><U71/><E71/><V69/><F69/><W103/><REACH who="3" step="1"/><G107/><REACH who="3" ten="143,65,386,386" step="2"/><T14/><D14/><AGARI ba="0,2" hai="4,8,14,32,34,36,42,47,52,56,62,95,98,102" machi="14" ten="30,7700,0" yaku="7,1,52,2,54,1" doraHai="29" who="2" fromWho="0" sc="143,-77,65,0,386,97,386,0" /><INIT seed="4,0,0,5,0,5" ten="66,65,483,386" oya="0" hai0="56,112,34,109,9,21,11,16,61,6,93,27,8" hai1="10,66,36,72,14,100,43,121,81,35,96,131,37" hai2="76,126,74,130,41,3,97,0,40,46,123,90,120" hai3="39,92,115,125,128,116,20,91,52,55,51,118,75"/><T132/><D34/><U69/><E121/><V38/><F130/><W108/><G115/><T80/><D112/><U71/><E131/><V26/><F126/><W62/><G108/><T47/><D109/><U4/><E35/><V50/><F26/><W54/><G39/><T22/><D132/><U23/><E23/><V78/><F38/><W105/><G105/><T18/><D47/><U13/><E13/><V111/><F111/><W129/><G75/><T89/><D80/><U53/><E53/><V77/><F74/><W2/><G129/><T113/><D113/><U103/><E103/><V107/><F107/><W87/><G128/><T124/><D124/><U7/><E7/><V30/><F30/><W63/><G125/><T29/><D22/><U88/><E37/><V57/><F120/><W114/><G114/><T17/><D6/><U82/><E82/><V60/><F40/><W28/><G2/><T12/><D12/><U44/><E66/><V98/><F123/><W1/><G1/><T119/><D119/><U83/><E81/><V59/><F0/><W135/><G135/><T86/><D29/><U48/><E36/><V117/><F3/><W68/><G68/><T67/><AGARI ba="0,0" hai="8,9,11,16,17,18,21,27,56,61,67,86,89,93" machi="67" ten="30,18000,2" yaku="0,1,8,1,52,3,54,1" doraHai="5" who="0" fromWho="0" sc="66,180,65,-60,483,-60,386,-60" /><INIT seed="4,1,0,1,5,12" ten="246,5,423,326" oya="0" hai0="97,67,3,27,25,30,79,35,81,117,8,68,80" hai1="101,106,44,11,4,38,135,74,126,50,99,65,55" hai2="75,7,93,57,2,122,40,47,103,92,60,20,41" hai3="21,96,84,109,108,63,133,118,94,119,77,66,31"/><T87/><D117/><U54/><E135/><V70/><F122/><W61/><G133/><T132/><D132/><U121/><E121/><V112/><F75/><W6/><G6/><T128/><D128/><U85/><E126/><V51/><F70/><W110/><G77/><T115/><D115/><U1/><E65/><V23/><F112/><W13/><G84/><T45/><D27/><U14/><E74/><V9/><F41/><W113/><G113/><T59/><D68/><U107/><E38/><V89/><F103/><W82/><G82/><T39/><D97/><U24/><E1/><V33/><F33/><W123/><G123/><T19/><D81/><U15/><E15/><V73/><F73/><W125/><G125/><T18/><D3/><U91/><E24/><V134/><F92/><W116/><G66/><T76/><D8/><U83/><E55/><V127/><F127/><W71/><G71/><T95/><D95/><AGARI ba="1,0" hai="4,11,14,44,50,54,83,85,91,95,99,101,106,107" machi="95" ten="30,1000,0" yaku="7,1" doraHai="12" who="1" fromWho="0" sc="246,-13,5,13,423,0,326,0" /><INIT seed="5,0,0,4,1,2" ten="233,18,423,326" oya="1" hai0="72,113,109,124,83,14,125,28,25,94,132,50,128" hai1="60,47,26,108,97,19,82,130,81,107,119,36,111" hai2="43,7,115,40,84,71,59,112,106,92,22,32,11" hai3="41,110,80,15,0,30,121,74,38,13,100,39,129"/><U63/><E119/><V117/><F71/><W3/><G121/><T89/><D109/><N who="1" m="42059" /><E130/><V8/><F32/><W127/><G110/><T27/><D128/><U68/><E47/><V77/><F106/><W76/><G129/><T70/><D70/><U95/><E107/><V42/><F117/><W79/><G30/><T10/><D113/><N who="2" m="43594" /><F22/><W55/><G55/><T73/><D132/><U85/><E36/><N who="3" m="13866" /><G80/><N who="1" m="30826" /><E68/><V114/><F77/><N who="3" m="29771" /><G100/><T134/><D134/><U1/><E1/><N who="3" m="586" /><G41/><T64/><D83/><U20/><E85/><V61/><F114/><W5/><G127/><T37/><D125/><U33/><E33/><V34/><F34/><W93/><G93/><T48/><D124/><U18/><E18/><V135/><F135/><W66/><G66/><T56/><D64/><U65/><E65/><N who="2" m="39103" /><F7/><W16/><G16/><T23/><D28/><U49/><E49/><V131/><F131/><W122/><G122/><T4/><D48/><U88/><AGARI ba="0,0" hai="19,20,26,60,63,88,95,97" m="30826,42059" machi="88" ten="30,3000,0" yaku="10,1,54,1" doraHai="2" who="1" fromWho="1" sc="233,-10,18,30,423,-10,326,-10" /><INIT seed="5,1,0,3,1,14" ten="223,48,413,316" oya="1" hai0="38,122,96,125,49,91,40,75,106,20,43,124,87" hai1="30,84,101,63,99,56,7,36,128,21,131,35,13" hai2="93,2,39,105,103,17,116,77,90,83,62,8,4" hai3="41,15,82,85,64,61,24,102,47,67,51,135,117"/><U58/><E36/><V32/><F32/><W1/><G1/><T25/><D75/><U120/><E120/><V100/><F116/><W23/><G135/><T134/><D38/><U59/><E35/><V50/><F39/><W28/><G117/><T110/><D110/><U12/><E84/><V74/><F62/><W6/><G102/><N who="0" m="62791" /><D49/><U126/><E126/><N who="0" m="48745" /><D134/><U130/><E7/><V114/><F114/><W42/><G42/><T10/><D10/><U108/><E108/><V76/><F76/><N who="3" m="46279" /><G61/><T89/><D89/><U27/><REACH who="1" step="1"/><E63/><REACH who="1" ten="223,38,413,316" step="2"/><V31/><F4/><W81/><G81/><N who="0" m="49647" /><D122/><U54/><E54/><V79/><F74/><W115/><G115/><T55/><D55/><U132/><E132/><V66/><F66/><W113/><G113/><T88/><D43/><U95/><AGARI ba="1,1" hai="12,13,21,27,30,56,58,59,95,99,101,128,130,131" machi="95" ten="40,18000,2" yaku="1,1,0,1,19,1,53,3" doraHai="14" doraHaiUra="53" who="1" fromWho="1" sc="223,-61,38,193,413,-61,316,-61" /><INIT seed="5,2,0,4,0,77" ten="162,231,352,255" oya="1" hai0="26,73,80,13,76,42,132,16,85,93,82,15,78" hai1="12,96,131,128,111,119,120,110,36,46,10,92,29" hai2="133,30,105,21,58,3,40,102,45,127,134,4,49" hai3="83,126,66,23,121,5,44,8,125,74,109,123,108"/><U22/><E119/><V25/><F127/><N who="3" m="48651" /><G66/><T118/><D118/><U124/><E124/><V55/><F102/><W14/><G44/><T35/><D132/><N who="2" m="50794" /><F105/><W99/><G99/><T9/><D42/><N who="1" m="22855" /><E120/><N who="3" m="46154" /><G74/><T70/><D70/><U75/><E75/><V28/><F4/><W114/><G83/><T53/><D53/><U84/><E84/><V20/><F3/><N who="3" m="63" /><G114/><T135/><D135/><U19/><E92/><V95/><F95/><W61/><G61/><T51/><D51/><U115/><E96/><V113/><F113/><W2/><G2/><T104/><D104/><U57/><E115/><V72/><F72/><W50/><G50/><T91/><D73/><U97/><E97/><V63/><F28/><W129/><G129/><N who="1" m="49738" /><E57/><V34/><AGARI ba="2,0" hai="20,21,25,30,34,40,45,49,55,58,63" m="50794" machi="34" ten="30,1100,0" yaku="20,1" doraHai="77" who="2" fromWho="2" sc="162,-5,231,-7,352,17,255,-5" /><INIT seed="6,0,0,1,3,127" ten="157,224,369,250" oya="2" hai0="56,33,51,79,17,49,103,1,115,96,39,30,53" hai1="133,48,66,26,58,92,132,42,83,111,104,43,80" hai2="97,41,47,114,120,72,3,113,87,75,126,57,88" hai3="76,95,19,67,106,101,35,63,128,71,31,40,21"/><V68/><F68/><W16/><G40/><N who="1" m="15402" /><E104/><V78/><F120/><W8/><G128/><T38/><D115/><N who="2" m="44042" /><F3/><W59/><G76/><T123/><D123/><U117/><E111/><V119/><F126/><W109/><G109/><T93/><D1/><U27/><E117/><V65/><F97/><N who="3" m="61743" /><G8/><T54/><D79/><U44/><E92/><N who="2" m="54303" /><F78/><W29/><G29/><T102/><D102/><U69/><E69/><V81/><F81/><N who="1" m="31305" /><E133/><V37/><F119/><W91/><G21/><T134/><D134/><U11/><E132/><V82/><F82/><W125/><G59/><T118/><D118/><U32/><E32/><V73/><F73/><W74/><G74/><T64/><D64/><U6/><E66/><V112/><F112/><W15/><G15/><T24/><REACH who="0" step="1"/><D17/><REACH who="0" ten="147,224,369,250" step="2"/><U28/><E6/><V20/><F72/><W61/><G125/><T23/><D23/><U55/><E11/><V130/><F75/><W77/><G77/><T4/><D4/><U110/><E110/><V12/><F20/><W86/><G19/><T122/><D122/><U62/><E28/><V25/><F65/><W9/><G16/><T107/><D107/><U52/><AGARI ba="0,1" hai="26,27,44,48,52,55,58,62" m="31305,15402" machi="52" ten="30,2000,0" yaku="8,1,54,1" doraHai="127" who="1" fromWho="1" sc="147,-5,224,30,369,-10,250,-5" /><INIT seed="7,0,0,0,5,6" ten="142,254,359,245" oya="3" hai0="59,5,82,73,11,70,135,129,130,103,19,2,24" hai1="31,47,104,75,119,61,81,44,124,67,52,94,55" hai2="106,63,80,84,89,18,14,48,43,109,36,101,97" hai3="105,12,83,16,71,53,115,120,0,98,111,86,46"/><W62/><G120/><T37/><D70/><U57/><E124/><V65/><F36/><W102/><G115/><T13/><D103/><U50/><E104/><V17/><F109/><W23/><G0/><T27/><D59/><N who="1" m="35047" /><E31/><V107/><F107/><W100/><G100/><T92/><D92/><U79/><E94/><V118/><F118/><W21/><G111/><T66/><D66/><U60/><E81/><V93/><F14/><W28/><G71/><T33/><D37/><U38/><E79/><V64/><F106/><W42/><G62/><T3/><D82/><U116/><E75/><V20/><F63/><W32/><G32/><T122/><D73/><U58/><E38/><V4/><F4/><W85/><G53/><T56/><D56/><U121/><E121/><V41/><F64/><W126/><G126/><T123/><D135/><U26/><E26/><N who="0" m="9769" /><D33/><U1/><E1/><N who="0" m="9" /><D5/><U30/><E30/><V72/><F65/><W117/><G28/><T68/><D68/><U39/><E39/><V125/><F125/><W74/><G74/><T49/><D49/><U69/><E69/><V131/><F48/><N who="3" m="26711" /><G86/><T133/><D133/><U128/><E119/><V112/><F84/><W22/><G117/><T51/><D51/><N who="1" m="30975" /><E116/><V95/><F95/><W25/><G85/><T87/><D87/><U10/><E47/><V45/><F45/><W40/><G83/><T110/><D110/><U127/><E44/><V35/><F80/><W8/><G40/><T108/><D108/><U113/><E67/><V15/><F43/><W7/><G105/><T96/><D96/><U34/><E34/><RYUUKYOKU ba="0,0" sc="142,15,254,-15,359,-15,245,15" hai0="11,13,19,122,123,129,130" hai3="7,8,12,16,21,22,23,25,98,102" /><INIT seed="7,1,0,2,3,42" ten="157,239,344,260" oya="3" hai0="27,76,78,109,70,116,93,115,33,96,52,133,107" hai1="91,128,121,106,82,72,129,122,35,25,8,40,39" hai2="69,132,12,114,13,37,24,16,15,7,32,98,41" hai3="103,97,113,99,29,59,21,53,11,1,48,71,5"/><W57/><G71/><T9/><D109/><U73/><E106/><V89/><F69/><W120/><G120/><N who="1" m="46186" /><E8/><V85/><F114/><W104/><G113/><T14/><D116/><U68/><E68/><V119/><F132/><W28/><G21/><T0/><D133/><U6/><E6/><V31/><F7/><W54/><REACH who="3" step="1"/><G97/><REACH who="3" ten="157,239,344,250" step="2"/><T118/><D115/><U79/><E129/><V102/><F119/><W125/><G125/><T63/><D118/><U86/><E128/><V74/><F98/><W134/><G134/><T95/><D0/><U127/><E127/><V88/><F32/><W64/><G64/><T58/><D70/><U112/><E112/><V47/><F102/><W3/><G3/><T19/><D107/><U126/><E126/><V77/><F74/><W56/><G56/><T61/><D33/><U90/><E73/><V75/><F75/><W101/><G101/><T94/><D96/><U2/><E2/><V23/><F31/><W131/><G131/><T123/><D123/><U38/><E72/><V66/><F66/><W17/><G17/><T60/><REACH who="0" step="1"/><D27/><REACH who="0" ten="147,239,344,250" step="2"/><U80/><E25/><V55/><F24/><W117/><G117/><T67/><D67/><U44/><E86/><V108/><F85/><W111/><G111/><T62/><AGARI ba="1,2" hai="9,14,19,52,58,60,61,62,63,76,78,93,94,95" machi="62" ten="30,7900,0" yaku="1,1,0,1,8,1,54,1,53,0" doraHai="42" doraHaiUra="110" who="0" fromWho="0" sc="147,102,239,-21,344,-21,250,-40" owari="249,4.9,218,-18.2,323,42.3,210,-29.0" /></mjloggm>