<mjloggm ver="2.3"><GO type="169" lobby="0"/><UN n0="%E3%83%9F%E3%82%B2%E3%83%BC%E3%83%AB%E6%94%B9" n1="%E2%97%8E%E3%82%88%E3%81%97%E2%97%8E" n2="%E2%91%A3%E3%82%BB%E3%83%B3%E3%83%81" n3="%E6%9C%88%E5%A4%9C%E3%81%AB%E9%A2%A8" dan="16,17,18,16" rate="2222.07,2186.96,2272.18,2057.60" sx="M,M,M,M"/><TAIKYOKU oya="0"/><INIT seed="0,0,0,0,4,121" ten="250,250,250,250" oya="0" hai0="97,80,131,29,58,53,107,56,130,78,89,87,60" hai1="18,20,57,75,31,117,135,46,11,12,61,50,55" hai2="90,82,72,70,69,125,27,123,4,65,105,113,6" hai3="25,115,133,83,42,10,52,68,85,21,1,54,93"/><T120/><D120/><U106/><E135/><V119/><F123/><W126/><G115/><T15/><D29/><U45/><E117/><V71/><F105/><W7/><G133/><T124/><D124/><U33/><E106/><V8/><F113/><W59/><G68/><T36/><D36/><U104/><E104/><V67/><F6/><W38/><G126/><T109/><D15/><U44/><E75/><V35/><F125/><W116/><G116/><T30/><D30/><U51/><E33/><V49/><F49/><W32/><G32/><T122/><D122/><U22/><E31/><V2/><F90/><W108/><G93/><T92/><D107/><U62/><E62/><V91/><F91/><W34/><G34/><T5/><D5/><U28/><E28/><V9/><F9/><W102/><G102/><T79/><D78/><U103/><E103/><V16/><F119/><W129/><G129/><N who="0" m="49163" /><D58/><U37/><E37/><V14/><F27/><W101/><G101/><T73/><D73/><U64/><REACH who="1" step="1"/><E46/><REACH who="1" ten="250,240,250,250" step="2"/><V86/><F72/><W81/><G38/><T77/><D77/><U128/><E128/><V99/><F35/><W96/><G59/><T74/><D74/><U43/><AGARI ba="0,1" hai="11,12,18,20,22,43,44,45,50,51,55,57,61,64" machi="43" ten="20,5200,0" yaku="1,1,0,1,7,1,8,1,53,0" doraHai="121" doraHaiUra="118" who="1" fromWho="1" sc="250,-26,240,62,250,-13,250,-13" /><INIT seed="1,0,0,5,0,108" ten="224,302,237,237" oya="1" hai0="64,126,87,133,94,128,5,118,114,25,70,40,112" hai1="50,67,109,116,30,59,77,47,63,110,101,89,8" hai2="52,102,107,111,93,49,43,95,58,80,26,99,46" hai3="39,92,27,7,29,48,22,16,2,100,88,66,18"/><U122/><E116/><V73/><F111/><N who="1" m="42505" /><E122/><V23/><F73/><W105/><G39/><T51/><D118/><U28/><E77/><V97/><F80/><W17/><G66/><T132/><D5/><U0/><E101/><V62/><REACH who="2" step="1"/><F99/><REACH who="2" ten="224,302,227,237" step="2"/><W84/><G105/><T75/><D75/><U54/><E89/><V69/><F69/><W103/><REACH who="3" step="1"/><G48/><REACH who="3" ten="224,302,227,227" step="2"/><T21/><D51/><U10/><E0/><V20/><F20/><W36/><G36/><T76/><D21/><U127/><E127/><V90/><F90/><W71/><G71/><T124/><D70/><U115/><E10/><AGARI ba="0,2" hai="2,7,10,16,17,18,22,27,29,84,88,92,100,103" machi="10" ten="40,5200,0" yaku="1,1,54,2,53,0" doraHai="108" doraHaiUra="60" who="3" fromWho="1" sc="224,0,302,-52,227,0,227,72" /><INIT seed="2,0,0,3,0,100" ten="224,250,227,299" oya="2" hai0="113,55,125,78,111,3,124,9,81,19,20,106,35" hai1="105,130,127,57,31,36,32,38,16,73,116,30,67" hai2="41,46,132,56,97,44,109,118,77,11,51,52,2" hai3="33,21,43,112,69,14,90,25,131,27,8,1,79"/><V129/><F118/><W22/><G69/><T86/><D113/><U64/><E73/><V102/><F129/><W108/><G79/><T75/><D35/><U68/><E116/><V34/><F34/><W76/><G76/><T114/><D114/><U29/><E32/><V110/><F132/><W128/><G43/><T17/><D75/><U107/><E57/><V121/><F121/><W92/><G112/><T50/><D111/><N who="2" m="42506" /><F77/><W99/><G1/><T82/><D81/><U126/><E130/><N who="3" m="49706" /><G108/><T40/><D40/><U24/><E68/><V94/><F41/><W84/><G84/><T37/><D37/><N who="1" m="14443" /><E24/><N who="3" m="9290" /><G33/><T62/><D62/><U65/><E16/><AGARI ba="0,0" hai="8,14,16,21,22,90,92,99" m="9290,49706" machi="16" ten="30,2000,0" yaku="19,1,54,1" doraHai="100" who="3" fromWho="1" sc="224,0,250,-20,227,0,299,20" /><INIT seed="3,0,0,0,4,90" ten="224,230,227,319" oya="3" hai0="135,134,108,33,125,76,118,105,74,83,44,25,21" hai1="30,81,12,67,102,5,50,42,1,59,38,3,98" hai2="9,17,51,130,10,131,58,113,104,45,49,128,29" hai3="120,8,87,101,22,107,41,39,89,69,93,66,46"/><W16/><G120/><T15/><D118/><U40/><E38/><V82/><F113/><W73/><G73/><T80/><D105/><U132/><E132/><N who="0" m="50729" /><D33/><U99/><E99/><V77/><F104/><W57/><G8/><T126/><D83/><U63/><E30/><V109/><F109/><W52/><G69/><T129/><D15/><U7/><E81/><V116/><F116/><W75/><G75/><T62/><D62/><U61/><E12/><V79/><F29/><W36/><G66/><T64/><D64/><U18/><E18/><V53/><F17/><W97/><G46/><T114/><D44/><U71/><E50/><V4/><F4/><W32/><G41/><T100/><D100/><U96/><E67/><V55/><REACH who="2" step="1"/><F79/><REACH who="2" ten="224,230,217,319" step="2"/><W123/><G32/><T84/><D108/><U111/><E111/><V6/><F6/><W110/><G110/><T112/><D21/><U11/><E71/><V37/><F37/><W31/><G31/><T91/><D25/><U95/><E5/><V78/><F78/><W119/><G119/><T127/><D74/><AGARI ba="0,1" hai="9,10,45,49,51,53,55,58,74,77,82,128,130,131" machi="74" ten="40,5200,0" yaku="1,1,19,1,53,1" doraHai="90" doraHaiUra="106" who="2" fromWho="0" sc="224,-52,230,0,217,62,319,0" /><INIT seed="4,0,0,2,3,98" ten="172,230,279,319" oya="0" hai0="129,112,9,131,80,58,23,35,53,73,42,51,63" hai1="74,40,124,13,71,67,110,121,126,28,119,26,76" hai2="44,59,11,97,8,70,109,118,105,43,61,93,89" hai3="115,125,38,75,96,6,108,82,10,20,78,57,25"/><T68/><D35/><N who="1" m="20887" /><E110/><V83/><F109/><W134/><G108/><T133/><D112/><U27/><E121/><V128/><F70/><W29/><G125/><N who="1" m="48234" /><E119/><V81/><F105/><W77/><G134/><T94/><D94/><U117/><E117/><V106/><F106/><W90/><G78/><T49/><D133/><U99/><E40/><V104/><F104/><W32/><G115/><T16/><D9/><U37/><E37/><V122/><F128/><N who="0" m="49226" /><D68/><U22/><E13/><V14/><F122/><W47/><G57/><T30/><D30/><N who="1" m="17783" /><E99/><V17/><F11/><W50/><G38/><T15/><D42/><U48/><E48/><N who="0" m="18505" /><D80/><U34/><E34/><V4/><F118/><W62/><G32/><T65/><D73/><U120/><E120/><V0/><F0/><W3/><G62/><T24/><D15/><U135/><E135/><V84/><F4/><W39/><G50/><T7/><D7/><U116/><E116/><V19/><F19/><W69/><G69/><T86/><D86/><U113/><E113/><V66/><F84/><W36/><G47/><T123/><D123/><U41/><E41/><V1/><F1/><W101/><G39/><AGARI ba="0,0" hai="8,14,17,39,43,44,59,61,66,81,83,89,93,97" machi="39" ten="30,1000,0" yaku="7,1" doraHai="98" who="2" fromWho="3" sc="172,0,230,0,279,10,319,-10" /><INIT seed="5,0,0,3,2,110" ten="172,230,289,309" oya="1" hai0="123,90,97,23,133,96,85,94,17,39,4,68,108" hai1="107,50,2,130,49,71,116,65,61,21,88,113,55" hai2="51,41,134,95,10,3,81,101,72,84,92,105,36" hai3="66,117,115,131,13,38,118,27,74,5,126,112,135"/><U127/><E107/><V106/><F51/><W80/><G126/><T63/><D108/><U56/><E2/><V9/><F41/><W12/><G38/><T1/><D39/><U37/><E127/><V18/><F18/><W76/><G131/><T98/><D133/><U59/><E130/><V125/><F3/><W77/><G135/><T122/><D4/><U46/><E116/><N who="3" m="44650" /><G66/><T26/><D1/><U86/><E113/><N who="3" m="43594" /><G5/><T14/><D63/><U30/><E37/><V103/><F36/><W67/><G67/><T15/><REACH who="0" step="1"/><D68/><REACH who="0" ten="162,230,289,309" step="2"/><U40/><E71/><V121/><F125/><W132/><G132/><T7/><D7/><U34/><E34/><V73/><F134/><W42/><G42/><T111/><D111/><U102/><E40/><V24/><F121/><AGARI ba="0,1" hai="14,15,17,23,26,85,90,94,96,97,98,121,122,123" machi="121" ten="40,2600,0" yaku="1,1,13,1,53,0" doraHai="110" doraHaiUra="32" who="0" fromWho="2" sc="162,36,230,0,289,-26,309,0" /><INIT seed="6,0,0,2,5,127" ten="198,230,263,309" oya="2" hai0="82,126,80,55,87,7,116,94,110,41,38,63,135" hai1="32,46,31,58,1,66,5,26,39,113,10,95,85" hai2="97,70,83,120,45,56,21,24,81,103,3,18,119" hai3="54,33,96,104,60,112,118,50,84,37,42,67,19"/><V109/><F70/><W16/><G118/><T20/><D110/><U128/><E113/><V34/><F119/><W71/><G112/><T89/><D116/><U77/><E66/><V65/><F120/><W29/><G84/><T30/><D126/><U40/><E58/><V101/><F3/><W111/><G111/><T98/><D135/><U133/><E133/><V44/><F34/><W115/><G42/><T121/><D41/><U108/><E108/><V131/><F103/><N who="3" m="62567" /><G37/><T105/><D121/><U61/><E61/><N who="2" m="38055" /><F109/><W123/><G123/><T76/><D38/><U35/><E35/><V59/><F59/><N who="3" m="33239" /><G115/><T14/><D63/><U122/><E122/><V28/><F18/><W6/><G6/><T124/><D105/><U107/><E107/><V86/><F83/><W43/><G43/><T88/><D124/><U2/><E2/><V73/><F73/><W100/><G100/><T62/><D7/><U11/><E11/><V57/><F57/><W49/><G49/><T64/><D55/><U22/><E32/><V52/><F52/><W134/><G134/><T23/><D30/><U13/><E1/><V27/><F45/><W9/><G9/><T106/><D106/><U36/><E36/><V90/><F44/><W114/><G114/><T130/><D62/><U92/><E77/><V75/><F75/><W47/><G47/><T8/><D64/><U93/><REACH who="1" step="1"/><E85/><REACH who="1" ten="198,220,263,309" step="2"/><V48/><F48/><W78/><G78/><T91/><D87/><U132/><E132/><V117/><F117/><W74/><G74/><T15/><D76/><U69/><E69/><V72/><F72/><RYUUKYOKU ba="0,1" sc="198,-15,220,15,263,-15,309,15" hai1="5,10,13,22,26,31,39,40,46,92,93,95,128" hai3="16,19,29,33,60,67,71" /><INIT seed="7,1,1,1,0,85" ten="183,235,248,324" oya="3" hai0="4,101,45,57,39,60,28,117,119,93,1,78,124" hai1="113,26,87,23,84,90,89,5,74,77,49,80,114" hai2="95,12,121,17,43,32,62,128,66,46,70,58,64" hai3="129,98,75,133,109,25,127,88,106,132,52,3,79"/><W11/><G127/><T76/><D124/><U72/><E5/><V99/><F32/><W10/><G129/><T104/><D104/><U55/><E74/><V6/><F128/><W81/><G109/><T134/><D134/><U8/><E8/><V51/><F121/><W135/><G3/><T108/><D108/><U122/><E122/><V36/><F6/><W50/><G25/><T83/><D28/><N who="1" m="17503" /><E72/><V9/><F36/><W63/><G63/><T115/><D115/><N who="1" m="44043" /><E84/><V33/><F33/><W59/><G106/><T111/><D111/><U24/><E24/><V105/><F105/><W13/><G13/><T125/><D125/><U97/><E97/><V37/><F37/><W94/><AGARI ba="1,1" hai="10,11,50,52,59,75,79,81,88,94,98,132,133,135" machi="94" ten="40,12000,1" yaku="0,1,20,1,52,1,54,2" doraHai="85" who="3" fromWho="3" sc="183,-41,235,-41,248,-41,324,133" owari="142,-35.8,194,-20.6,207,0.7,457,55.7" /></mjloggm>