<mjloggm ver="2.3"><GO type="169" lobby="0"/><UN n0="%33%39%E3%81%95%E3%82%93" n1="%70%6F%6E%2D%65%6E" n2="%E2%97%8E%E3%82%88%E3%81%97%E2%97%8E" n3="%E3%83%9F%E3%82%B2%E3%83%BC%E3%83%AB%E6%94%B9" dan="16,16,17,16" rate="2131.37,2149.76,2177.98,2192.89" sx="M,F,M,M"/><TAIKYOKU oya="0"/><INIT seed="0,0,0,5,3,126" ten="250,250,250,250" oya="0" hai0="60,24,88,134,69,43,54,125,77,42,118,16,4" hai1="71,122,57,37,115,39,78,130,59,109,28,83,128" hai2="26,1,56,32,47,5,6,89,112,31,129,103,101" hai3="12,45,66,51,72,0,33,93,114,131,123,49,8"/><T2/><D118/><U48/><E109/><V133/><F112/><W38/><G114/><T82/><D125/><U117/><E115/><V18/><F133/><W81/><G0/><T58/><D134/><U108/><E108/><V61/><F47/><W91/><G33/><T102/><D102/><U53/><E71/><V90/><F18/><W70/><G38/><T106/><D106/><U30/><E117/><V3/><F56/><W98/><G51/><T27/><D69/><U120/><E39/><V80/><F26/><W96/><G96/><T75/><D4/><U50/><E37/><V97/><F97/><W23/><G23/><T25/><D2/><U87/><E28/><V135/><F31/><W64/><G70/><T113/><D113/><U100/><E30/><V7/><F7/><W52/><G123/><T11/><REACH who="0" step="1"/><D88/><REACH who="0" ten="240,250,250,250" step="2"/><U127/><E127/><V19/><F135/><W99/><G99/><T46/><D46/><U15/><E100/><V110/><F101/><W68/><G68/><T40/><D40/><U62/><E15/><AGARI ba="0,1" hai="11,15,16,24,25,27,42,43,54,58,60,75,77,82" machi="15" ten="40,3900,0" yaku="1,1,54,1,53,0" doraHai="126" doraHaiUra="67" who="0" fromWho="1" sc="240,49,250,-39,250,0,250,0" /><INIT seed="0,1,0,4,5,54" ten="289,211,250,250" oya="0" hai0="82,18,68,66,102,33,100,51,81,97,14,53,71" hai1="95,41,28,44,17,19,85,124,113,58,32,110,5" hai2="4,57,52,39,123,120,116,65,16,122,108,105,3" hai3="132,38,61,128,24,118,62,121,134,115,45,126,83"/><T64/><D33/><U42/><E110/><V74/><F108/><W34/><G83/><T43/><D43/><U59/><E124/><V25/><F39/><W90/><G90/><T94/><D68/><U104/><E104/><V80/><F105/><W114/><G24/><T103/><D71/><U8/><E113/><N who="3" m="43018" /><G34/><T77/><D66/><U98/><E85/><V91/><F65/><W1/><G1/><T88/><D64/><U99/><E32/><V11/><F116/><W21/><G21/><T60/><D60/><N who="3" m="23145" /><G118/><T129/><D129/><U131/><E131/><V48/><F91/><W93/><G93/><T89/><D89/><U112/><E28/><V106/><F106/><W50/><G128/><T7/><D7/><U135/><E135/><N who="3" m="51754" /><G126/><T78/><D78/><U87/><E87/><V75/><REACH who="2" step="1"/><F80/><REACH who="2" ten="289,211,240,250" step="2"/><W107/><G107/><T15/><D81/><U117/><E117/><V6/><F6/><W31/><G31/><T30/><D30/><U56/><E112/><V73/><F73/><W55/><G38/><T133/><D133/><U111/><E111/><V86/><F86/><W47/><G121/><T127/><D127/><U79/><E99/><V125/><F125/><W40/><G40/><T37/><D37/><U2/><E42/><V130/><F130/><W23/><G23/><AGARI ba="1,1" hai="3,4,11,16,23,25,48,52,57,74,75,120,122,123" machi="23" ten="40,8000,1" yaku="1,1,52,1,54,2,53,1" doraHai="54" doraHaiUra="35" who="2" fromWho="3" sc="289,0,211,0,240,93,250,-83" /><INIT seed="1,0,0,3,0,39" ten="289,211,333,167" oya="1" hai0="68,35,8,26,121,133,92,44,6,23,52,7,104" hai1="29,86,22,51,129,91,3,93,102,13,61,45,115" hai2="25,57,112,111,66,118,47,28,27,108,32,119,130" hai3="135,34,125,123,124,128,53,16,0,62,106,110,67"/><U72/><E115/><V5/><F47/><W30/><G123/><T105/><D68/><U74/><E129/><V49/><F49/><W31/><G0/><T114/><D35/><U103/><E3/><V94/><F57/><W33/><G106/><T64/><D114/><U20/><E61/><V82/><F66/><W95/><G95/><T100/><D64/><U2/><E2/><V55/><F55/><W101/><G101/><T69/><D69/><U17/><E74/><V122/><F94/><W73/><G73/><T63/><D121/><U113/><E72/><V81/><F82/><W85/><G85/><T46/><D133/><U79/><E79/><V24/><F81/><W19/><G67/><T89/><D46/><U41/><REACH who="1" step="1"/><E113/><REACH who="1" ten="289,201,333,167" step="2"/><V78/><F78/><W38/><G128/><T12/><D63/><U116/><E116/><N who="2" m="44587" /><F112/><W65/><G62/><T56/><D104/><U84/><E84/><V83/><F122/><W117/><G117/><T48/><D105/><U37/><E37/><V21/><F130/><W40/><G38/><T120/><D120/><U134/><E134/><V10/><F83/><W99/><G135/><T77/><D77/><U9/><E9/><V87/><F87/><W80/><G80/><T127/><D8/><U60/><E60/><V90/><F10/><W11/><G11/><T70/><D70/><U97/><E97/><V75/><F75/><W59/><G99/><T36/><D36/><U98/><E98/><V4/><F4/><W88/><G65/><T58/><D7/><U43/><E43/><V109/><F5/><W15/><G40/><RYUUKYOKU ba="0,1" sc="289,-10,201,30,333,-10,167,-10" hai1="13,17,20,22,29,41,45,51,86,91,93,102,103" /><INIT seed="1,1,1,4,3,53" ten="279,231,323,157" oya="1" hai0="128,121,50,7,63,19,135,114,56,62,60,14,43" hai1="1,17,52,88,99,28,23,98,65,5,131,103,84" hai2="16,44,115,71,18,123,33,96,77,47,0,81,74" hai3="51,75,30,42,119,78,95,108,80,32,125,41,109"/><U116/><E131/><V66/><F123/><W126/><G32/><T82/><D114/><U87/><E116/><V36/><F33/><W39/><G30/><T104/><D128/><U26/><E65/><V46/><F115/><W21/><G119/><T61/><D104/><U134/><E134/><V111/><F111/><N who="3" m="42571" /><G39/><T57/><D135/><U113/><E113/><V83/><F0/><W89/><G21/><N who="0" m="11511" /><D7/><U37/><E37/><V118/><F36/><W64/><G64/><N who="0" m="38919" /><D121/><U67/><E67/><V55/><F118/><W35/><G35/><T110/><D82/><U48/><E28/><V4/><F83/><W101/><G101/><T24/><D24/><U34/><E34/><V29/><F29/><W9/><G9/><T93/><D93/><U79/><E103/><V102/><F66/><W73/><G73/><T124/><D124/><N who="3" m="47721" /><G51/><T112/><D112/><U31/><E31/><V6/><F71/><W38/><G38/><T11/><D110/><U13/><E1/><V117/><F117/><W20/><G20/><T59/><D11/><U69/><E69/><V122/><F122/><W10/><G10/><T54/><D43/><U90/><E5/><V94/><F4/><W133/><G133/><T40/><D40/><U106/><E106/><V25/><F6/><W130/><G130/><T15/><D15/><U132/><E13/><V3/><F3/><W68/><G68/><T120/><D120/><U85/><E132/><V127/><F127/><W76/><G76/><T2/><D2/><U107/><E79/><V49/><F25/><W8/><G8/><T129/><D129/><RYUUKYOKU ba="1,1" sc="279,10,231,-30,323,10,157,10" hai0="50,54,57,59,61,62,63" hai2="16,18,44,46,47,49,55,74,77,81,94,96,102" hai3="41,42,75,78,80,89,95" /><INIT seed="2,2,1,2,1,112" ten="289,201,333,167" oya="2" hai0="36,119,77,99,28,48,69,124,18,57,41,95,30" hai1="84,22,75,34,101,133,45,126,59,55,100,98,104" hai2="54,21,131,68,42,13,12,27,96,72,0,56,67" hai3="16,97,35,39,135,108,94,113,23,123,120,87,58"/><V8/><F72/><W82/><G35/><T6/><D69/><U47/><E75/><V132/><F42/><W50/><G39/><T4/><D36/><U62/><E34/><V122/><F122/><W90/><G113/><T110/><D124/><U89/><E126/><V60/><F131/><W105/><G105/><T93/><D77/><U25/><E101/><V52/><F132/><W1/><G1/><T3/><D18/><U7/><E7/><V14/><F68/><W24/><G135/><T117/><D110/><U106/><E106/><V128/><F128/><W86/><G86/><T88/><D95/><U118/><E118/><N who="0" m="45065" /><D57/><U129/><E133/><V107/><F107/><W17/><G108/><T19/><D19/><U85/><E85/><V20/><F20/><W127/><G17/><T134/><D134/><U49/><E129/><V64/><F64/><W46/><G58/><T92/><D92/><U109/><E109/><V115/><F115/><W66/><G66/><T114/><D114/><U38/><E38/><V37/><F37/><W31/><G31/><N who="0" m="11819" /><D3/><U121/><E104/><V130/><F0/><W103/><REACH who="3" step="1"/><G127/><REACH who="3" ten="289,201,333,157" step="2"/><T61/><D61/><U26/><E62/><V15/><F130/><W73/><G73/><T71/><D71/><U10/><E59/><V2/><F2/><W70/><G70/><T51/><D51/><U43/><E49/><V116/><F116/><W11/><G11/><T53/><D53/><AGARI ba="2,2" hai="16,23,24,46,50,53,82,87,90,94,97,103,120,123" machi="53" ten="30,7700,0" yaku="1,1,7,1,54,1,53,1" doraHai="112" doraHaiUra="83" who="3" fromWho="0" sc="289,-83,201,0,333,0,157,103" /><INIT seed="3,0,0,4,0,75" ten="206,201,333,260" oya="3" hai0="105,28,71,43,70,36,90,17,109,55,40,25,50" hai1="133,103,112,61,132,46,39,97,115,111,96,41,67" hai2="108,14,62,2,101,54,82,9,35,24,53,11,121" hai3="5,49,15,22,119,52,110,88,63,26,116,38,117"/><W126/><G38/><T1/><D105/><U30/><E30/><V98/><F108/><W129/><G63/><T107/><D109/><U68/><E97/><V29/><F121/><W4/><G110/><T16/><D1/><U135/><REACH who="1" step="1"/><E111/><REACH who="1" ten="206,191,333,260" step="2"/><V89/><F98/><W7/><G129/><T83/><D107/><AGARI ba="0,1" hai="39,41,46,61,67,68,96,103,107,112,115,132,133,135" machi="107" ten="40,8000,1" yaku="1,1,2,1,20,1,23,2,53,0" doraHai="75" doraHaiUra="44" who="1" fromWho="0" sc="206,-80,191,90,333,0,260,0" /><INIT seed="4,0,0,3,1,131" ten="126,281,333,260" oya="0" hai0="32,36,27,113,134,70,111,59,133,61,64,105,71" hai1="122,103,99,129,65,118,41,79,117,67,54,11,5" hai2="14,56,91,74,48,13,19,120,98,69,4,12,51" hai3="63,55,1,7,119,3,44,45,87,128,23,52,104"/><T135/><D105/><U62/><E122/><V73/><F69/><N who="0" m="26122" /><D113/><U126/><E126/><V100/><F4/><W115/><G104/><T18/><D36/><U124/><E129/><V81/><F120/><W114/><G128/><T123/><D123/><U93/><E124/><V16/><F91/><W106/><G106/><T33/><D111/><U42/><E79/><V47/><F56/><W96/><G96/><T17/><D27/><U43/><E117/><V88/><F100/><W38/><G38/><T90/><D90/><U66/><E118/><V80/><F51/><W132/><G119/><T31/><D31/><U37/><E37/><V15/><F15/><W107/><G107/><T110/><D110/><U109/><E109/><V85/><F98/><W76/><G76/><T10/><D10/><U24/><E24/><V53/><REACH who="2" step="1"/><F80/><REACH who="2" ten="126,281,323,260" step="2"/><W86/><G7/><T60/><D60/><U40/><E62/><V68/><F68/><W26/><G63/><T94/><D94/><U95/><E93/><V20/><F20/><W58/><G23/><T46/><D46/><U0/><N who="1" m="10240" /><DORA hai="34" /><U29/><E54/><V6/><F6/><W125/><G125/><T22/><D22/><U9/><E9/><V77/><F77/><W78/><G78/><T83/><D83/><U97/><E97/><V21/><F21/><W25/><G58/><T2/><D2/><U30/><AGARI ba="0,1" hai="0,5,11,29,30,65,66,67,95,99,103" m="10240" machi="30" ten="50,3200,0" yaku="0,1,52,1" doraHai="131,34" who="1" fromWho="1" sc="126,-16,281,42,323,-8,260,-8" /><INIT seed="5,0,0,0,4,47" ten="110,323,315,252" oya="1" hai0="79,48,57,107,121,104,99,88,50,37,56,102,87" hai1="101,115,31,97,119,94,75,110,5,109,80,26,33" hai2="54,16,41,73,114,89,29,42,14,124,17,45,106" hai3="81,117,98,69,65,11,28,1,25,58,95,105,35"/><U38/><E119/><V15/><F106/><W18/><G105/><T126/><D37/><U53/><E115/><V6/><F73/><W67/><G69/><T13/><D107/><U93/><E38/><V2/><F2/><W0/><G117/><T132/><D126/><U34/><E5/><V113/><F6/><W133/><G81/><T10/><D132/><U62/><E34/><V91/><F29/><W51/><G133/><T127/><D127/><U19/><E19/><N who="2" m="7243" /><F54/><W100/><G0/><T20/><D20/><U49/><E62/><V60/><F60/><W23/><G11/><T78/><D121/><U68/><E68/><V39/><F124/><W135/><G1/><T130/><D130/><U85/><E75/><V3/><F3/><W64/><G135/><T43/><D43/><N who="2" m="16394" /><F45/><W129/><G129/><T122/><D122/><U40/><E40/><V66/><F66/><W7/><G7/><T8/><D13/><N who="2" m="4618" /><F39/><W116/><G116/><T76/><D57/><U9/><E9/><V111/><F111/><W61/><G35/><T21/><D21/><U30/><E30/><V134/><F134/><W82/><G18/><T55/><REACH who="0" step="1"/><D50/><REACH who="0" ten="100,323,315,252" step="2"/><U83/><E110/><V70/><F70/><W90/><G51/><T77/><N who="0" m="19456" /><DORA hai="103" /><T74/><D74/><U27/><E109/><V72/><F72/><W52/><G82/><AGARI ba="0,1" hai="8,10,48,55,56,82,87,88,99,102,104" m="19456" machi="82" ten="50,8000,1" yaku="1,1,52,2,54,1,53,0" doraHai="47,103" doraHaiUra="71,22" who="0" fromWho="3" sc="100,90,323,0,315,0,252,-80" /><INIT seed="6,0,0,2,4,118" ten="190,323,315,172" oya="2" hai0="79,11,15,6,23,94,41,127,9,65,34,35,121" hai1="3,37,36,53,92,87,130,1,69,58,133,88,71" hai2="89,40,39,123,85,75,61,108,101,113,134,63,80" hai3="119,120,122,24,83,2,44,49,125,32,51,5,109"/><V90/><F113/><W42/><G109/><T135/><D41/><U106/><E106/><V59/><F75/><W30/><G119/><T72/><D65/><U117/><E117/><V45/><F108/><W99/><G125/><T112/><D72/><U55/><E130/><V21/><F134/><W128/><G128/><T131/><D79/><U78/><E133/><V16/><F123/><W68/><G68/><T98/><D131/><U52/><E58/><V95/><F101/><W105/><G83/><T97/><D127/><U76/><E71/><V77/><F59/><W38/><G51/><T28/><D112/><U47/><E69/><V0/><F0/><W84/><G84/><T93/><D23/><U86/><E47/><V10/><F10/><N who="3" m="2359" /><G49/><T66/><D66/><U102/><E102/><AGARI ba="0,0" hai="24,30,32,38,42,44,99,102,105,120,122" m="2359" machi="102" ten="30,3900,0" yaku="23,1,52,2" doraHai="118" who="3" fromWho="1" sc="190,0,323,-39,315,0,172,39" /><INIT seed="7,0,0,0,5,85" ten="190,284,315,211" oya="3" hai0="19,123,58,29,119,98,83,106,69,1,71,15,132" hai1="107,65,116,73,21,72,2,25,54,47,45,112,81" hai2="31,122,5,51,134,95,37,10,115,120,8,44,35" hai3="49,86,76,26,125,6,12,43,92,11,30,127,135"/><W93/><G135/><T89/><D119/><U97/><E112/><V75/><F37/><W55/><G43/><T33/><D123/><U88/><E116/><V62/><F75/><W84/><G84/><N who="0" m="50335" /><D1/><U90/><E2/><V113/><F134/><W108/><G108/><T66/><D132/><U79/><E72/><V111/><F111/><W109/><G109/><T0/><D0/><U74/><E74/><V94/><F31/><W118/><G118/><T32/><D69/><U52/><E65/><V4/><F35/><W67/><G67/><T46/><D71/><U101/><E47/><V87/><F44/><N who="3" m="28071" /><G76/><T40/><D32/><U128/><E128/><V130/><F130/><W3/><G3/><T77/><D33/><U48/><E54/><V53/><F53/><W63/><G63/><N who="0" m="38263" /><D106/><U80/><E80/><V64/><F120/><W78/><G78/><T96/><D77/><U42/><E42/><V60/><F122/><W104/><G104/><T34/><D34/><U24/><E24/><V121/><F121/><W103/><G26/><T57/><D29/><AGARI ba="0,0" hai="21,25,29,45,48,52,73,79,81,88,90,97,101,107" machi="29" ten="30,8000,1" yaku="7,1,52,2,54,2" doraHai="85" who="1" fromWho="0" sc="190,-80,284,80,315,0,211,0" owari="110,-39.0,364,46.4,315,11.5,211,-18.9" /></mjloggm>