<mjloggm ver="2.3"><GO type="169" lobby="0"/><UN n0="%E3%83%A8%E3%82%B7%E3%83%86%E3%83%AB%37%30%38" n1="%7A%6F%6F%31%39%36%34" n2="%68%69%72%6F%30%33%30%39" n3="%63%2E%63%2D%76%2E%76" dan="16,17,16,17" rate="2100.78,2193.92,2078.96,2216.00" sx="M,M,M,F"/><TAIKYOKU oya="0"/><INIT seed="0,0,0,5,4,130" ten="250,250,250,250" oya="0" hai0="62,40,29,105,79,54,7,120,81,53,76,17,101" hai1="57,125,122,23,28,8,112,4,114,19,0,132,38" hai2="69,88,47,106,48,50,133,100,131,58,128,61,127" hai3="83,5,72,90,56,95,60,78,32,108,26,66,64"/><T85/><D120/><U27/><E38/><V12/><F106/><W104/><G108/><T121/><D121/><U22/><E57/><V107/><F107/><W68/><G104/><T33/><D7/><U74/><E74/><V77/><F100/><W11/><G32/><T98/><D40/><U118/><E122/><V6/><F77/><W113/><G113/><N who="1" m="43626" /><E118/><V39/><F127/><W119/><G119/><T55/><D17/><U20/><E125/><V96/><F69/><W111/><G26/><T126/><D126/><U15/><E132/><V70/><F70/><W52/><G68/><T134/><D134/><U44/><E44/><V41/><F133/><W115/><G111/><T34/><D79/><U65/><E65/><N who="2" m="39095" /><F12/><W82/><G82/><T1/><D1/><U92/><E92/><N who="2" m="56327" /><F6/><W80/><G115/><T2/><D2/><U31/><E31/><V14/><F14/><N who="3" m="5487" /><G78/><T123/><D29/><U75/><E75/><V35/><F35/><AGARI ba="0,0" hai="0,4,8,15,19,20,22,23,27,28,35" m="43626" machi="35" ten="30,7700,0" yaku="24,1,11,1,34,2" doraHai="130" who="1" fromWho="2" sc="250,0,250,77,250,-77,250,0" /><INIT seed="1,0,0,1,4,99" ten="250,327,173,250" oya="1" hai0="63,77,57,104,67,16,76,134,2,105,74,81,50" hai1="120,19,117,48,23,87,107,108,114,6,55,35,88" hai2="46,60,90,11,83,9,43,70,119,95,123,131,65" hai3="58,41,66,21,79,52,62,22,116,44,72,113,103"/><U27/><E114/><V30/><F119/><W110/><G113/><T69/><D2/><U133/><E120/><V121/><F131/><W125/><G110/><T49/><D77/><U47/><E117/><V10/><F83/><W1/><G125/><T18/><D134/><U91/><E133/><V53/><F53/><W85/><G72/><T8/><D69/><U32/><E108/><V127/><F30/><W42/><G1/><T68/><D68/><U36/><E36/><V135/><F127/><W34/><G34/><T93/><D93/><U118/><E118/><V31/><F31/><W100/><G116/><T5/><D5/><U61/><E107/><V98/><REACH who="2" step="1"/><F135/><REACH who="2" ten="250,327,163,250" step="2"/><W115/><G115/><T101/><D81/><U64/><E35/><V124/><F124/><W96/><G42/><T130/><D130/><U51/><E32/><V40/><F40/><W132/><G132/><T71/><D67/><U38/><E64/><V97/><F97/><W75/><G96/><T86/><D74/><U73/><E73/><V129/><F129/><W33/><G75/><T56/><D86/><U0/><E87/><V94/><F94/><W89/><G33/><T14/><D105/><U28/><E28/><V106/><F106/><W112/><G112/><T59/><D104/><U20/><E55/><V13/><F13/><W126/><G126/><T45/><D14/><U54/><E54/><V37/><AGARI ba="0,1" hai="9,10,11,37,43,46,60,65,70,90,95,98,121,123" machi="37" ten="30,8000,1" yaku="1,1,0,1,53,3" doraHai="99" doraHaiUra="7" who="2" fromWho="2" sc="250,-20,327,-40,163,90,250,-20" /><INIT seed="2,0,0,0,0,45" ten="230,287,253,230" oya="2" hai0="60,66,40,114,13,82,91,113,127,78,110,17,131" hai1="14,12,53,39,18,4,115,26,0,130,112,47,27" hai2="50,80,121,5,48,111,125,1,46,102,37,75,135" hai3="64,116,87,69,52,25,56,126,6,9,108,15,67"/><V11/><F121/><W59/><G116/><T98/><D131/><U7/><E130/><V70/><F70/><W20/><G108/><T22/><D110/><U35/><E39/><V74/><F111/><W77/><G126/><T33/><D33/><U38/><E38/><V76/><F125/><W24/><G69/><T101/><D127/><U23/><E47/><V124/><F124/><W72/><G72/><T3/><D3/><U118/><E53/><V31/><F31/><W79/><G25/><T88/><D40/><U49/><E49/><N who="2" m="19051" /><F75/><W61/><G87/><T94/><D114/><U28/><E118/><V57/><F57/><W83/><G83/><T103/><D103/><U117/><E117/><V21/><F21/><W90/><G90/><T109/><D113/><U42/><E42/><N who="2" m="22863" /><F135/><W120/><G120/><T8/><D22/><U30/><E115/><V85/><F85/><W93/><G93/><T97/><D97/><U105/><E105/><V81/><F81/><W36/><G36/><T119/><D119/><U122/><E122/><V84/><F84/><W19/><REACH who="3" step="1"/><G64/><REACH who="3" ten="230,287,253,220" step="2"/><T32/><D109/><U29/><E112/><V129/><F129/><W99/><G99/><T128/><D128/><U65/><E65/><V68/><F68/><W73/><G73/><T133/><D82/><U104/><E104/><V107/><F102/><W55/><G55/><T44/><D101/><U71/><E71/><V51/><F107/><W106/><G106/><T54/><D98/><U34/><E27/><V63/><F74/><W89/><G89/><T10/><D91/><U132/><E26/><RYUUKYOKU ba="0,1" sc="230,-10,287,-10,253,-10,220,30" hai3="6,9,15,19,20,24,52,56,59,61,67,77,79" /><INIT seed="3,1,1,1,3,121" ten="220,277,243,250" oya="3" hai0="80,124,101,114,112,3,123,31,20,82,87,113,23" hai1="57,120,105,12,11,72,36,88,25,37,60,86,45" hai2="46,75,41,30,4,95,74,34,76,59,52,117,65" hai3="48,119,7,58,18,83,40,115,32,73,78,64,107"/><W122/><G115/><T126/><D3/><U29/><E72/><V132/><F117/><W19/><G122/><T43/><D123/><U108/><E105/><V56/><F132/><W94/><G119/><T63/><D43/><U135/><E135/><V28/><F65/><W116/><G116/><T90/><D101/><U109/><E120/><V92/><F4/><W118/><G118/><T81/><D63/><U42/><E37/><V47/><F41/><W71/><G107/><T110/><D110/><N who="1" m="42603" /><E12/><V111/><F111/><W128/><G128/><T103/><D103/><U91/><E86/><V27/><F76/><W44/><G78/><T104/><D104/><U96/><E11/><V134/><F134/><W1/><G73/><T14/><D14/><U66/><E96/><V2/><F2/><W89/><G1/><T51/><D113/><U35/><AGARI ba="1,1" hai="25,29,35,36,42,45,57,60,66,88,91" m="42603" machi="35" ten="30,8000,1" yaku="14,1,52,3,54,1" doraHai="121" who="1" fromWho="1" sc="220,-21,277,93,243,-21,250,-41" /><INIT seed="4,0,0,5,3,104" ten="199,370,222,209" oya="0" hai0="68,51,14,103,124,53,57,134,89,24,2,54,127" hai1="9,69,48,61,21,107,99,35,18,5,13,44,75" hai2="97,19,79,32,101,96,83,49,39,15,3,28,119" hai3="8,0,120,77,73,34,125,60,94,63,109,88,116"/><T30/><D2/><U102/><E35/><V7/><F39/><W117/><G109/><T67/><D103/><U122/><E122/><V112/><F112/><W4/><G120/><T11/><D134/><U80/><E61/><V17/><F119/><W41/><G34/><T59/><D68/><U66/><E66/><V98/><F3/><W56/><G125/><T1/><D67/><U84/><E69/><V74/><F101/><W128/><G128/><T40/><D40/><U43/><E75/><V76/><F76/><W42/><G60/><T52/><D89/><U121/><E121/><V62/><F62/><W132/><G132/><T130/><D1/><U118/><E118/><V93/><F93/><W85/><G116/><T133/><D133/><U114/><E114/><V16/><F49/><W47/><G47/><T105/><D105/><U25/><E107/><V71/><F71/><W87/><G87/><T126/><D51/><U23/><E23/><V115/><F115/><W58/><G117/><T22/><REACH who="0" step="1"/><D130/><REACH who="0" ten="189,370,222,209" step="2"/><U50/><E50/><V110/><F110/><W92/><G58/><T10/><D10/><U31/><E102/><V86/><F15/><W55/><REACH who="3" step="1"/><G94/><REACH who="3" ten="189,370,222,199" step="2"/><T100/><D100/><U111/><E111/><V135/><F135/><W131/><G131/><T123/><D123/><U95/><E95/><V65/><F65/><W46/><G46/><T6/><AGARI ba="0,2" hai="6,11,14,22,24,30,52,53,54,57,59,124,126,127" machi="6" ten="40,12000,1" yaku="1,1,0,1,18,1,54,1,53,0" doraHai="104" doraHaiUra="81" who="0" fromWho="0" sc="189,140,370,-40,222,-40,199,-40" /><INIT seed="4,1,0,0,4,37" ten="329,330,182,159" oya="0" hai0="16,91,63,85,107,22,12,98,41,134,20,127,118" hai1="30,93,119,19,108,105,55,116,21,128,38,46,87" hai2="33,62,2,129,77,23,25,103,120,6,29,89,74" hai3="115,54,53,88,67,42,49,101,18,102,112,59,131"/><T58/><D118/><U94/><E108/><V133/><F120/><W106/><G106/><T10/><D134/><U28/><E105/><V17/><F133/><W57/><G18/><T9/><D127/><U80/><E128/><V7/><F103/><W96/><G67/><T95/><D9/><U5/><E5/><V26/><F89/><W51/><G96/><T110/><D110/><U40/><E55/><V123/><F123/><W13/><G13/><T24/><D41/><U1/><E1/><V111/><F111/><W68/><G68/><T47/><D47/><U50/><E38/><V97/><F97/><W122/><G122/><T39/><D39/><U64/><E64/><V14/><F62/><W92/><G131/><T121/><D121/><U124/><E124/><V56/><F56/><W3/><G3/><T43/><D43/><U76/><E119/><V65/><F65/><W75/><G75/><T79/><D24/><N who="1" m="14399" /><E116/><V69/><F69/><W78/><G78/><T35/><D35/><U72/><E72/><V52/><F129/><W32/><G32/><T27/><D27/><U0/><E0/><V66/><F2/><W70/><G70/><T135/><D135/><U48/><E50/><V114/><F74/><W109/><G109/><T100/><REACH who="0" step="1"/><D79/><REACH who="0" ten="319,330,182,159" step="2"/><U81/><E76/><V82/><F77/><W130/><G130/><T44/><D44/><U113/><E46/><V36/><F26/><W31/><G42/><T34/><D34/><U73/><E40/><V84/><F33/><W126/><G126/><T4/><D4/><U90/><E73/><V61/><F6/><RYUUKYOKU ba="1,1" sc="319,30,330,-10,182,-10,159,-10" hai0="10,12,16,20,22,58,63,85,91,95,98,100,107" /><INIT seed="4,2,1,5,1,72" ten="349,320,172,149" oya="0" hai0="33,66,96,100,73,85,112,6,67,77,88,31,126" hai1="101,69,27,43,62,52,116,50,0,29,28,74,115" hai2="58,55,82,78,36,9,53,48,93,26,14,76,133" hai3="22,54,40,10,19,38,113,124,1,5,106,24,95"/><T32/><D112/><U97/><E116/><V90/><F36/><W11/><G113/><T64/><D6/><U68/><E115/><V30/><F133/><W94/><G106/><T99/><D99/><U51/><E0/><V12/><F82/><W8/><G124/><T35/><D126/><U102/><E74/><V105/><F105/><W18/><G38/><T103/><D31/><U61/><E27/><V130/><F130/><W123/><G40/><T122/><D122/><U109/><E97/><V92/><F92/><W41/><G41/><T98/><D98/><U84/><E43/><V37/><F37/><W47/><G123/><T23/><D23/><U111/><E84/><N who="2" m="52423" /><F55/><AGARI ba="2,1" hai="28,29,50,51,52,55,61,62,68,69,101,102,109,111" machi="55" ten="25,3200,0" yaku="22,2,54,1" doraHai="72" who="1" fromWho="2" sc="349,0,320,48,172,-38,149,0" /><INIT seed="5,0,0,4,0,25" ten="349,368,134,149" oya="1" hai0="29,12,106,102,72,133,41,80,37,4,16,129,51" hai1="32,36,67,15,58,115,14,6,94,132,112,8,20" hai2="91,2,87,42,84,79,109,22,27,33,114,0,103" hai3="50,71,131,100,88,10,13,52,68,26,59,113,120"/><U95/><E32/><V117/><F109/><W18/><G120/><T9/><D133/><U135/><E36/><V64/><F117/><W1/><G113/><N who="1" m="43594" /><E67/><V62/><F33/><W46/><G100/><T128/><D29/><U11/><E58/><V105/><F114/><W55/><G131/><N who="0" m="50251" /><D51/><U127/><E95/><V76/><F42/><W123/><G123/><T45/><D102/><U5/><E94/><V48/><F48/><W53/><G1/><T47/><D47/><U82/><E82/><V49/><F49/><W24/><G68/><T65/><D106/><U57/><E57/><V83/><F103/><W17/><G71/><T7/><D65/><U23/><E127/><V30/><F105/><W63/><G53/><T81/><D81/><U96/><E96/><V56/><REACH who="2" step="1"/><F79/><AGARI ba="0,0" hai="4,7,9,12,16,37,41,45,72,79,80" m="50251" machi="79" ten="30,2000,0" yaku="19,1,54,1" doraHai="25" who="0" fromWho="2" sc="349,20,368,0,134,-20,149,0" /><INIT seed="6,0,0,1,2,52" ten="369,368,114,149" oya="2" hai0="131,92,0,104,93,20,68,74,17,125,124,18,32" hai1="62,82,33,6,50,85,1,89,63,28,128,130,75" hai2="19,51,72,121,94,66,23,99,46,54,22,86,53" hai3="132,108,111,70,16,110,9,35,76,129,87,113,13"/><V14/><F72/><W59/><G70/><T102/><D0/><U30/><E75/><V83/><F121/><W44/><G35/><T58/><D68/><U43/><E1/><V134/><F134/><W37/><G132/><T122/><D32/><U103/><E6/><V8/><F66/><W123/><G123/><T45/><D74/><U100/><E43/><V61/><F61/><N who="1" m="23049" /><E50/><V42/><F54/><W95/><G129/><N who="1" m="49770" /><E33/><V21/><F42/><W5/><G37/><T39/><D39/><U15/><E15/><V80/><REACH who="2" step="1"/><F86/><REACH who="2" ten="369,368,104,149" step="2"/><W126/><G87/><T90/><D122/><U12/><E12/><V118/><F118/><W101/><G13/><T120/><D120/><U91/><E91/><AGARI ba="0,1" hai="8,14,19,21,22,23,46,51,53,80,83,91,94,99" machi="91" ten="40,3900,0" yaku="1,1,8,1,53,0" doraHai="52" doraHaiUra="55" who="2" fromWho="1" sc="369,0,368,-39,104,49,149,0" /><INIT seed="6,1,0,5,0,105" ten="369,329,153,149" oya="2" hai0="10,121,60,9,79,27,35,40,62,128,100,69,114" hai1="130,80,72,66,129,20,97,13,29,86,132,47,75" hai2="64,104,63,88,2,50,124,22,108,4,34,7,33" hai3="99,11,90,82,116,111,134,21,12,54,81,6,39"/><V102/><F124/><W93/><G111/><T70/><D121/><U127/><E127/><V123/><F123/><W67/><G134/><T8/><D40/><U55/><E66/><V133/><F133/><W115/><G116/><T112/><D100/><U71/><E71/><N who="0" m="27145" /><D79/><U96/><E132/><V135/><F135/><W23/><G39/><T92/><D92/><U36/><E29/><V101/><F108/><W87/><G115/><N who="0" m="44075" /><D128/><N who="1" m="49259" /><E20/><V17/><F50/><W109/><G67/><T113/><D113/><U107/><E13/><V110/><F110/><W59/><G82/><T91/><D91/><N who="1" m="51655" /><E107/><V58/><F88/><W48/><REACH who="3" step="1"/><G109/><REACH who="3" ten="369,329,153,139" step="2"/><T61/><D35/><U106/><E36/><V52/><F64/><W19/><G19/><T49/><D49/><N who="1" m="29119" /><E106/><V41/><F104/><W45/><G45/><T122/><D122/><U53/><E53/><V98/><F41/><W37/><G37/><T77/><D62/><U31/><E31/><V74/><F63/><W0/><G0/><T117/><D61/><U51/><E51/><N who="2" m="31007" /><F2/><W84/><G84/><T44/><D60/><U95/><E97/><V30/><F30/><W119/><G119/><T131/><D117/><U120/><E120/><V46/><F46/><W126/><G126/><T24/><D44/><U57/><E57/><V5/><F74/><W85/><G85/><T16/><D131/><U43/><E43/><V56/><F56/><W3/><G3/><T38/><D38/><U26/><E96/><V78/><F98/><W89/><AGARI ba="1,1" hai="6,11,12,21,23,48,54,59,81,87,89,90,93,99" machi="89" ten="20,8000,1" yaku="1,1,0,1,7,1,8,1,53,1" doraHai="105" doraHaiUra="83" who="3" fromWho="3" sc="369,-21,329,-21,153,-41,139,93" /><INIT seed="7,0,0,5,4,44" ten="348,308,112,232" oya="3" hai0="34,76,5,83,80,106,91,38,111,73,72,92,13" hai1="47,81,104,66,87,107,14,19,94,51,78,114,41" hai2="18,68,133,1,22,33,42,29,120,28,126,128,60" hai3="123,8,55,117,67,21,2,63,84,97,89,85,108"/><W75/><G123/><T65/><D34/><U70/><E114/><V3/><F42/><W127/><G117/><T105/><D38/><U125/><E125/><V40/><F40/><W118/><G118/><T39/><D39/><U23/><E70/><V115/><F68/><W100/><G75/><T98/><D65/><U12/><E66/><V56/><F115/><W43/><G127/><T27/><D111/><U57/><E57/><V36/><F36/><W16/><G108/><T132/><D132/><U53/><E53/><V11/><F126/><W116/><G116/><T90/><D27/><U59/><E59/><V131/><F56/><W119/><G119/><T71/><D71/><U101/><E101/><V69/><F69/><W58/><G43/><T62/><D62/><U31/><E94/><V109/><F109/><W99/><G2/><N who="2" m="521" /><F60/><W77/><G67/><T82/><D13/><U15/><REACH who="1" step="1"/><E31/><REACH who="1" ten="348,298,112,232" step="2"/><N who="2" m="11851" /><F33/><W26/><G77/><T48/><D76/><U52/><E52/><V7/><F133/><W17/><G89/><T103/><D91/><U130/><E130/><N who="2" m="49707" /><F7/><W54/><G54/><T4/><D90/><U20/><E20/><V96/><F96/><W135/><G99/><T10/><D98/><U0/><E0/><V129/><N who="2" m="49715" /><V25/><DORA hai="24" /><F120/><W74/><G135/><T9/><D92/><U46/><E46/><V45/><F45/><W86/><G97/><T30/><D103/><U50/><E50/><V79/><F79/><W88/><G100/><T113/><D48/><U49/><E49/><V121/><F121/><W124/><G124/><T64/><D113/><RYUUKYOKU ba="0,1" sc="348,-15,298,15,112,15,232,-15" hai1="12,14,15,19,23,41,47,51,78,81,87,104,107" hai2="11,18,22,25" owari="343,44.3,313,11.3,127,-37.3,217,-18.3" /></mjloggm>