<mjloggm ver="2.3"><GO type="169" lobby="0"/><UN n0="%E9%AD%82%E9%AD%84%E5%A6%96%E5%A4%A2%E3%80%82" n1="%E3%83%A4%E3%83%9E%E3%83%80%E3%81%95%E3%82%93" n2="%E5%B0%8F%E7%81%AB%E4%BA%BA%73%73" n3="%6F%6C%69%76%65%72" dan="16,17,16,16" rate="2128.57,2110.37,2048.08,2044.22" sx="F,M,M,M"/><TAIKYOKU oya="0"/><INIT seed="0,0,0,0,0,90" ten="250,250,250,250" oya="0" hai0="121,119,15,67,84,3,58,114,19,46,61,25,112" hai1="117,59,27,127,55,102,60,125,23,28,17,118,74" hai2="29,76,16,85,4,43,31,49,72,52,83,92,39" hai3="8,132,99,109,129,11,115,48,79,45,24,41,38"/><T100/><D119/><U1/><E74/><V54/><F39/><W82/><G115/><T130/><D121/><U110/><E1/><V44/><F4/><W131/><G109/><T77/><D130/><N who="3" m="49673" /><G132/><T57/><D3/><U91/><E110/><V97/><F72/><N who="3" m="43367" /><G24/><T113/><D25/><U6/><E6/><V7/><F7/><W53/><G99/><T30/><D30/><N who="2" m="11274" /><F16/><W105/><G105/><T81/><D46/><AGARI ba="0,0" hai="8,11,38,41,45,46,48,53" m="43367,49673" machi="46" ten="30,1000,0" yaku="19,1" doraHai="90" who="3" fromWho="0" sc="250,-10,250,0,250,0,250,10" /><INIT seed="1,0,0,5,1,122" ten="240,250,250,260" oya="1" hai0="6,98,10,61,129,53,87,48,89,46,111,28,62" hai1="70,41,23,118,65,67,42,15,93,63,59,36,84" hai2="66,31,32,130,12,39,101,57,13,107,72,127,99" hai3="73,117,7,1,54,125,27,52,132,64,26,5,2"/><U108/><E118/><V43/><F72/><W124/><G73/><T104/><D129/><U112/><E112/><V120/><F120/><W83/><G83/><T55/><D28/><U11/><E36/><V74/><F74/><W45/><G45/><T91/><D111/><U94/><E70/><V119/><F119/><W25/><G117/><T35/><D35/><U44/><E67/><V68/><F57/><W50/><G64/><T76/><D76/><U33/><E33/><V121/><F121/><W123/><G50/><T78/><D78/><U37/><E41/><V133/><F133/><W20/><G123/><T134/><D55/><N who="3" m="21033" /><G20/><T88/><D134/><U71/><E71/><V86/><F130/><W79/><G79/><T14/><REACH who="0" step="1"/><D87/><REACH who="0" ten="230,250,250,260" step="2"/><U60/><E84/><V16/><F86/><W82/><G132/><T56/><D56/><U51/><E59/><V77/><F32/><W92/><G124/><T128/><D128/><U22/><E65/><V0/><F66/><W8/><G125/><T102/><AGARI ba="0,1" hai="6,10,14,46,48,53,61,62,88,89,91,98,102,104" machi="102" ten="30,4000,0" yaku="1,1,0,1,54,1,53,0" doraHai="122" doraHaiUra="18" who="0" fromWho="0" sc="230,50,250,-20,250,-10,260,-10" /><INIT seed="2,0,0,0,2,133" ten="280,230,240,250" oya="2" hai0="74,95,0,71,89,127,29,78,23,75,31,110,68" hai1="88,44,73,113,122,55,117,30,114,65,1,126,100" hai2="112,85,123,42,6,47,83,92,18,77,76,108,121" hai3="56,50,40,103,107,129,118,24,26,32,37,39,19"/><V120/><F112/><W14/><G118/><T84/><D0/><U58/><E1/><V57/><F108/><W125/><G129/><T62/><D110/><U64/><E73/><V67/><F18/><W109/><G32/><T51/><D75/><U7/><E7/><V80/><F92/><W87/><G103/><T20/><D51/><U135/><E100/><V59/><F67/><W96/><G96/><T54/><D54/><U45/><E30/><V119/><F119/><W22/><G107/><T53/><D53/><U41/><E88/><V2/><F6/><W43/><G109/><T130/><D130/><U97/><E97/><V28/><F28/><W124/><G87/><T13/><D31/><U3/><E3/><V81/><F2/><W15/><G56/><T104/><D104/><U61/><E117/><V27/><F27/><W38/><G50/><T79/><D74/><U98/><E98/><V115/><F115/><W69/><G69/><T16/><D71/><N who="1" m="42383" /><E65/><V134/><F134/><W5/><G5/><T21/><D68/><U52/><E135/><V17/><F17/><W46/><G14/><T12/><D12/><U86/><E86/><V25/><F25/><N who="3" m="9835" /><G46/><N who="1" m="18026" /><E122/><V60/><F85/><W128/><G128/><T101/><D29/><U102/><E102/><V11/><F120/><W49/><G49/><T72/><D101/><U90/><E58/><V106/><F121/><W4/><G4/><T111/><D84/><U35/><E35/><V93/><F59/><W82/><G82/><N who="2" m="20993" /><V116/><DORA hai="131" /><F123/><W91/><G91/><T48/><D89/><U9/><E90/><RYUUKYOKU ba="0,0" sc="280,-10,230,-10,240,-10,250,30" hai3="15,19,22,37,38,39,40,43,124,125" /><INIT seed="3,1,0,1,3,68" ten="270,220,230,280" oya="3" hai0="84,48,132,135,112,18,47,20,71,90,41,86,103" hai1="93,60,31,121,39,126,27,44,91,13,26,106,97" hai2="14,4,134,11,1,117,51,0,45,116,49,102,107" hai3="16,52,6,101,54,38,46,36,133,80,113,50,74"/><W29/><G113/><T65/><D112/><U128/><E121/><V35/><F35/><W99/><G133/><N who="0" m="51275" /><D103/><U130/><E126/><V24/><F24/><W59/><G29/><T42/><D42/><N who="1" m="22623" /><E106/><V110/><F110/><W79/><G6/><T96/><D96/><U37/><E13/><V82/><F134/><W108/><G108/><T85/><D65/><U23/><E26/><V10/><F82/><W28/><G28/><T78/><D71/><U89/><E60/><V118/><F45/><W125/><G16/><T123/><D78/><U122/><E91/><V25/><F25/><W32/><G32/><T43/><D43/><U12/><E12/><V73/><F73/><W58/><G125/><T81/><D123/><U111/><E111/><V88/><F88/><W15/><G15/><AGARI ba="1,0" hai="15,18,20,41,47,48,81,84,85,86,90" m="51275" machi="15" ten="30,1000,0" yaku="20,1" doraHai="68" who="0" fromWho="3" sc="270,13,220,0,230,0,280,-13" /><INIT seed="4,0,0,0,1,44" ten="283,220,230,267" oya="0" hai0="129,23,108,119,58,102,63,46,39,45,28,70,114" hai1="81,115,21,101,11,134,112,117,128,90,83,94,93" hai2="69,122,0,99,60,78,61,55,116,35,107,1,16" hai3="86,29,68,100,25,126,85,91,73,65,15,87,88"/><T5/><D119/><U96/><E11/><V17/><F122/><W14/><G73/><T48/><D114/><N who="1" m="43563" /><E21/><V31/><F78/><W13/><G126/><T56/><D129/><U64/><E64/><N who="2" m="41095" /><F61/><W76/><G76/><T127/><D127/><U37/><E37/><V95/><F95/><W98/><G65/><T49/><D70/><U34/><E34/><V124/><F55/><W103/><G68/><T9/><D39/><U27/><E27/><N who="2" m="18943" /><F116/><W110/><G110/><T7/><D108/><U52/><E52/><V71/><F71/><W133/><G133/><T30/><D102/><U18/><E18/><N who="2" m="7275" /><F124/><W53/><G53/><N who="0" m="29879" /><D63/><U80/><E117/><V57/><F57/><N who="0" m="22122" /><D9/><U8/><E8/><V51/><F51/><W77/><G77/><T38/><D38/><U89/><E128/><V6/><F6/><N who="0" m="2058" /><D23/><U111/><E111/><V92/><F1/><W22/><REACH who="3" step="1"/><G103/><REACH who="3" ten="283,220,230,257" step="2"/><T120/><D120/><U72/><E134/><V67/><F67/><W24/><G24/><T106/><D106/><AGARI ba="0,1" hai="13,14,15,22,25,29,85,86,87,88,91,98,100,106" machi="106" ten="40,2600,0" yaku="1,1,54,1,53,0" doraHai="44" doraHaiUra="105" who="3" fromWho="0" sc="283,-26,220,0,230,0,257,36" /><INIT seed="5,0,0,0,0,66" ten="257,220,230,293" oya="1" hai0="20,80,32,94,37,61,113,71,73,98,35,18,0" hai1="106,83,132,93,51,62,122,92,38,111,105,74,59" hai2="30,27,12,21,17,60,131,101,22,46,112,70,134" hai3="124,5,78,28,68,87,33,67,103,123,117,75,88"/><U54/><E122/><V47/><F131/><W100/><G123/><T118/><D118/><U40/><E132/><V99/><F134/><W4/><G117/><T45/><D0/><U39/><E74/><V102/><F112/><W89/><G75/><T1/><D1/><U23/><E83/><V52/><F102/><W29/><G78/><T133/><D133/><U15/><E39/><V135/><F135/><W58/><G58/><T115/><D73/><U109/><E38/><V34/><F22/><W96/><G124/><T63/><D80/><U64/><E40/><V57/><REACH who="2" step="1"/><F70/><REACH who="2" ten="257,220,220,293" step="2"/><W110/><G100/><T129/><D71/><N who="1" m="42391" /><E106/><AGARI ba="0,1" hai="12,17,21,27,30,34,46,47,52,57,60,99,101,106" machi="106" ten="30,3900,0" yaku="1,1,7,1,54,1,53,0" doraHai="66" doraHaiUra="126" who="2" fromWho="1" sc="257,0,220,-39,220,49,293,0" /><INIT seed="6,0,0,1,0,79" ten="257,181,269,293" oya="2" hai0="1,68,107,31,25,111,115,4,7,47,102,22,19" hai1="26,76,116,33,134,85,9,73,99,43,14,53,100" hai2="36,74,91,15,93,56,46,81,62,69,117,124,60" hai3="20,32,130,13,10,121,52,6,114,70,86,2,16"/><V95/><F117/><W89/><G121/><T55/><D111/><U105/><E116/><V67/><F124/><W63/><G130/><T35/><D68/><U106/><E106/><V49/><F36/><W18/><G114/><T126/><D115/><U113/><E113/><V59/><F15/><W40/><G40/><T82/><D126/><U71/><E134/><V97/><F74/><W72/><G32/><T98/><D1/><U123/><E123/><V23/><F23/><W57/><G72/><T77/><D55/><U51/><E43/><V48/><F69/><W78/><G18/><T101/><D47/><U0/><E0/><V61/><F46/><W118/><G118/><T21/><D102/><U24/><E71/><V66/><F62/><W87/><G78/><T103/><D103/><U84/><E33/><V58/><F58/><W135/><G135/><T88/><D88/><U50/><E50/><V80/><F95/><W96/><G70/><T104/><D104/><U37/><E37/><V34/><F34/><W17/><G17/><T92/><D107/><U131/><E131/><V112/><F112/><W132/><G132/><T42/><D42/><U125/><E125/><V44/><F49/><W127/><G127/><T54/><D54/><AGARI ba="0,0" hai="44,48,54,56,59,60,61,66,67,80,81,91,93,97" machi="54" ten="30,12000,1" yaku="7,1,9,1,8,1,52,2" doraHai="79" who="2" fromWho="0" sc="257,-120,181,0,269,120,293,0" /><INIT seed="6,1,0,1,5,6" ten="137,181,389,293" oya="2" hai0="17,83,120,113,35,102,39,129,16,37,106,53,99" hai1="51,86,73,127,95,87,12,61,13,2,121,123,0" hai2="133,107,58,42,4,69,28,110,124,57,82,45,80" hai3="55,125,31,33,85,94,84,7,24,59,101,71,103"/><V27/><F69/><W32/><G71/><T41/><D120/><N who="1" m="46155" /><E73/><V89/><F124/><W34/><G125/><T44/><D113/><U49/><E127/><V108/><F107/><W79/><G7/><T116/><D129/><U66/><E12/><V30/><F4/><W50/><G79/><T134/><D134/><U104/><E104/><V25/><F133/><W1/><G1/><N who="1" m="618" /><E13/><V72/><F72/><W43/><G43/><T52/><D116/><U70/><E95/><V21/><F89/><W38/><G38/><T40/><D35/><U111/><E111/><V119/><F119/><W78/><G78/><T63/><D83/><U135/><E135/><V81/><F108/><W48/><G33/><T90/><D90/><U91/><E91/><V60/><F60/><W105/><G105/><T18/><D63/><U15/><E15/><V3/><F3/><W29/><G94/><T23/><D23/><U67/><E67/><V131/><F110/><W114/><G114/><T64/><D64/><U115/><E115/><V122/><F122/><W100/><G48/><AGARI ba="1,0" hai="48,49,51,61,66,70,86,87" m="618,46155" machi="48" ten="30,1000,0" yaku="13,1" doraHai="6" who="1" fromWho="3" sc="137,0,181,13,389,0,293,-13" /><INIT seed="7,0,0,0,4,120" ten="137,194,389,280" oya="3" hai0="37,53,114,101,25,74,72,14,121,24,65,130,59" hai1="27,132,68,135,104,75,84,2,22,70,93,81,126" hai2="63,64,55,31,67,6,83,26,61,108,88,99,54" hai3="35,48,62,134,78,43,110,40,127,0,85,36,23"/><W8/><G35/><T42/><D121/><U92/><E104/><V112/><F108/><W97/><G62/><N who="2" m="23561" /><F112/><W11/><G97/><T109/><D65/><N who="2" m="25162" /><F6/><W76/><G36/><T45/><D130/><U91/><E2/><V29/><F83/><W113/><G113/><T124/><D114/><U9/><E9/><V10/><F10/><N who="3" m="3627" /><G0/><T86/><D124/><U95/><E75/><V96/><F96/><W16/><G127/><T38/><D14/><U129/><E126/><V49/><F26/><N who="3" m="14695" /><G134/><N who="1" m="51242" /><E129/><V125/><F125/><W17/><G17/><AGARI ba="0,0" hai="17,22,27,68,70,81,84,91,92,93,95" m="51242" machi="17" ten="30,1000,0" yaku="20,1" doraHai="120" who="1" fromWho="3" sc="137,0,194,10,389,0,280,-10" owari="137,-36.3,204,-19.6,389,48.9,270,7.0" /></mjloggm>