<mjloggm ver="2.3"><GO type="169" lobby="0"/><UN n0="%E3%81%A3%E3%81%A7%E3%81%B6%E3%83%BC" n1="%E3%83%91%E3%83%BC%E3%83%A9%E3%83%A1%E3%83%B3%E3%83%88" n2="%E7%95%99%E3%83%81%E3%83%A7%E3%83%AD" n3="%48%41%43%4F" dan="16,16,19,16" rate="2097.74,2194.65,2333.68,2067.53" sx="M,M,M,M"/><TAIKYOKU oya="0"/><INIT seed="0,0,0,5,2,133" ten="250,250,250,250" oya="0" hai0="121,127,58,4,65,24,89,99,28,115,117,12,124" hai1="102,17,75,20,42,111,128,45,46,40,5,48,61" hai2="39,47,6,53,27,80,57,16,103,11,23,91,70" hai3="67,109,3,106,74,73,25,135,114,125,59,32,7"/><T92/><D115/><U76/><E111/><V105/><F70/><W9/><G109/><T77/><D117/><U132/><E132/><V90/><F105/><W88/><G135/><T36/><D121/><U63/><E128/><V62/><F103/><W123/><G106/><T14/><D36/><U38/><E5/><V71/><F71/><W100/><G100/><T118/><D118/><U96/><E76/><V78/><F47/><W104/><G104/><T44/><D44/><U15/><REACH who="1" step="1"/><E75/><REACH who="1" ten="250,240,250,250" step="2"/><V54/><F39/><W112/><G73/><T116/><D77/><U50/><E50/><V81/><F78/><W51/><G74/><T2/><D116/><U19/><E19/><V126/><F6/><W10/><G7/><T60/><D2/><U120/><E120/><V43/><F16/><W101/><G3/><T79/><D79/><U130/><E130/><V68/><F62/><N who="3" m="38367" /><G51/><T33/><REACH who="0" step="1"/><D4/><REACH who="0" ten="240,240,250,250" step="2"/><U21/><E21/><V82/><F23/><W66/><G123/><T84/><D84/><U108/><E108/><V93/><F11/><W26/><G10/><T129/><D129/><U97/><E97/><V55/><F43/><W29/><G9/><T83/><D83/><U35/><E35/><V119/><F80/><W110/><G32/><T72/><D72/><U107/><AGARI ba="0,2" hai="15,17,20,38,40,42,45,46,48,61,63,96,102,107" machi="107" ten="20,8000,1" yaku="1,1,0,1,7,1,53,2" doraHai="133" doraHaiUra="56" who="1" fromWho="1" sc="240,-40,240,100,250,-20,250,-20" /><INIT seed="1,0,0,3,1,67" ten="200,340,230,230" oya="1" hai0="50,100,46,4,122,90,102,47,107,44,96,94,95" hai1="130,92,54,42,55,79,2,53,82,49,7,26,83" hai2="75,76,23,101,63,36,1,14,72,98,91,24,131" hai3="18,105,116,80,62,40,41,37,25,111,73,128,51"/><U65/><E130/><V93/><F1/><W106/><G37/><T16/><D122/><U27/><E65/><V112/><F36/><W6/><G6/><T33/><D33/><U124/><E124/><V77/><F131/><W11/><G62/><T71/><D107/><U68/><E68/><V126/><F126/><W0/><G0/><T60/><D4/><U119/><E119/><V21/><F112/><W114/><G51/><T56/><D71/><U134/><E134/><V99/><F63/><W84/><G25/><T13/><D50/><U97/><E2/><V34/><F34/><W35/><G18/><T58/><D60/><U121/><E7/><V86/><F14/><W20/><G20/><T103/><REACH who="0" step="1"/><D95/><REACH who="0" ten="190,340,230,230" step="2"/><U15/><E121/><V45/><F93/><W85/><G35/><T125/><D125/><U9/><E49/><V61/><F61/><W87/><G106/><T8/><AGARI ba="0,1" hai="8,13,16,44,46,47,56,58,90,94,96,100,102,103" machi="8" ten="30,8000,1" yaku="1,1,0,1,8,1,54,1,53,1" doraHai="67" doraHaiUra="5" who="0" fromWho="0" sc="190,90,340,-40,230,-20,230,-20" /><INIT seed="2,0,0,1,4,102" ten="280,300,210,210" oya="2" hai0="135,92,124,1,66,119,121,59,21,109,96,113,132" hai1="129,13,27,14,115,20,35,99,65,46,47,63,29" hai2="11,97,106,54,84,98,74,23,123,111,79,48,55" hai3="100,42,9,28,67,80,40,126,31,114,90,73,83"/><V4/><F123/><W19/><G126/><T8/><D121/><U64/><E129/><V130/><F74/><W107/><G67/><T131/><D113/><U116/><E115/><V6/><F130/><W51/><G114/><T94/><D131/><U108/><E108/><V86/><F111/><W93/><G100/><T58/><D109/><U62/><E116/><V7/><F11/><W91/><G107/><T88/><D124/><U10/><E35/><V24/><F106/><W39/><G90/><T89/><D21/><U57/><E99/><N who="2" m="37899" /><F79/><W61/><G91/><T78/><D78/><U87/><E87/><N who="2" m="33323" /><F48/><W44/><G93/><T17/><D96/><U52/><E14/><V32/><F32/><W38/><G73/><T125/><D125/><U122/><E122/><V105/><F105/><W2/><G2/><T72/><D72/><U3/><E3/><V112/><F112/><W118/><G118/><T71/><D8/><U33/><E33/><V22/><F22/><W36/><G36/><T53/><D119/><U60/><E65/><V95/><F95/><W15/><G39/><T18/><D66/><U75/><E75/><V37/><F37/><W49/><G38/><T69/><D1/><U85/><E85/><V45/><F45/><N who="1" m="16905" /><E64/><V56/><F56/><W16/><G44/><T133/><D133/><U103/><E103/><V77/><F77/><W117/><G117/><T101/><D101/><U81/><E81/><V76/><F76/><W41/><G80/><T26/><D53/><N who="2" m="19978" /><F23/><N who="3" m="11679" /><G83/><T30/><D135/><U68/><E68/><V104/><F104/><W5/><G42/><RYUUKYOKU ba="0,0" sc="280,-15,300,15,210,15,210,-15" hai1="10,13,20,27,29,52,57,60,62,63" hai2="4,6,7,24" /><INIT seed="2,1,0,0,0,100" ten="265,315,225,195" oya="2" hai0="94,33,3,24,133,76,113,112,2,128,26,70,78" hai1="11,58,125,30,38,115,48,79,98,123,67,36,23" hai2="1,34,120,119,103,122,4,101,92,51,64,135,80" hai3="9,116,39,129,52,47,110,87,124,46,60,14,77"/><V12/><F34/><W29/><G116/><T108/><D70/><U127/><E115/><V44/><F119/><W93/><G110/><T126/><D94/><U83/><E123/><V19/><F135/><W71/><G129/><T121/><D33/><U32/><E32/><V45/><F64/><W117/><G124/><T88/><D121/><U13/><E23/><V69/><F69/><W102/><G117/><T7/><D7/><U21/><E21/><V25/><F25/><W132/><G39/><T96/><D96/><U18/><E30/><V37/><F1/><W28/><G71/><T35/><D35/><U41/><E98/><V72/><F4/><N who="3" m="3367" /><G102/><T31/><D31/><N who="3" m="11849" /><G132/><T91/><D133/><U89/><E89/><V56/><F37/><W65/><G65/><T53/><D126/><N who="1" m="48139" /><E67/><V99/><F101/><W105/><G105/><T130/><REACH who="0" step="1"/><D53/><REACH who="0" ten="255,315,225,195" step="2"/><N who="1" m="32039" /><E41/><V55/><F122/><W131/><G93/><T90/><D90/><U49/><E49/><V134/><F120/><W40/><G40/><T84/><D84/><AGARI ba="1,1" hai="11,13,18,36,38,79,83,84" m="32039,48139" machi="84" ten="30,1000,0" yaku="18,1" doraHai="100" who="1" fromWho="0" sc="255,-13,315,23,225,0,195,0" /><INIT seed="3,0,0,4,2,35" ten="242,338,225,195" oya="3" hai0="118,34,128,62,49,109,23,86,54,22,27,77,17" hai1="84,30,33,52,107,130,121,88,24,96,73,95,132" hai2="21,59,48,127,5,43,51,89,12,120,115,45,71" hai3="131,99,98,11,76,103,87,58,122,119,66,42,82"/><W3/><G119/><T67/><D118/><U16/><E121/><V68/><F115/><W123/><G131/><T125/><D128/><U75/><E130/><V14/><F120/><W79/><G42/><T41/><D34/><U15/><E132/><V8/><F127/><W56/><G79/><T70/><D125/><U104/><E52/><V29/><F68/><W28/><G28/><T110/><D41/><U117/><E117/><V61/><F71/><W97/><G103/><T7/><D7/><U133/><E133/><V93/><F48/><W92/><G92/><T126/><D126/><U134/><E134/><V72/><F72/><W113/><G113/><T129/><D129/><U6/><E6/><V111/><F111/><N who="0" m="42506" /><D23/><U39/><E39/><V65/><F29/><W2/><G11/><T55/><D49/><U94/><E107/><V108/><F108/><W83/><G76/><T102/><D102/><U31/><E31/><V64/><F21/><W1/><G87/><T114/><D114/><U36/><E104/><V38/><F38/><W100/><G100/><T85/><D85/><U91/><REACH who="1" step="1"/><E36/><REACH who="1" ten="242,328,225,195" step="2"/><V20/><F5/><W19/><G123/><T4/><D4/><U50/><E50/><V18/><F51/><W46/><G122/><T69/><D69/><U26/><E26/><V40/><F40/><W57/><G66/><T63/><D63/><U37/><E37/><V0/><F65/><W90/><G19/><T53/><D55/><U78/><E78/><V13/><F43/><W47/><G90/><T124/><D124/><U105/><E105/><V135/><F135/><RYUUKYOKU ba="0,1" sc="242,10,328,10,225,-30,195,10" hai0="17,22,27,53,54,62,67,70,77,86" hai1="15,16,24,30,33,73,75,84,88,91,94,95,96" hai3="1,2,3,46,47,56,57,58,82,83,97,98,99" /><INIT seed="3,1,1,3,2,38" ten="252,338,195,205" oya="3" hai0="124,126,102,1,65,34,91,7,39,2,135,115,101" hai1="24,80,84,74,0,15,51,63,4,125,45,35,75" hai2="21,89,94,56,57,23,28,87,11,98,20,61,121" hai3="99,12,62,33,31,112,100,59,49,29,108,16,82"/><W44/><G33/><T42/><D34/><U83/><E125/><N who="0" m="48233" /><D135/><U132/><E132/><V109/><F109/><W93/><G112/><T43/><D39/><U17/><E63/><V104/><F121/><W53/><G108/><T90/><D65/><U60/><E60/><V52/><F104/><W19/><G82/><T79/><D79/><U64/><E64/><V133/><F133/><W6/><G6/><T107/><D115/><U9/><E83/><V111/><F111/><W130/><G130/><T36/><D36/><U50/><E50/><V131/><F131/><W72/><G72/><T127/><D127/><U47/><E47/><V8/><F28/><N who="3" m="10827" /><G12/><T14/><D14/><U68/><E68/><V85/><F56/><W27/><G27/><T5/><D5/><U22/><E0/><N who="0" m="105" /><D7/><U58/><E58/><V78/><REACH who="2" step="1"/><F78/><REACH who="2" ten="252,338,185,205" step="2"/><W30/><G30/><T95/><D107/><U123/><E35/><V18/><F18/><W73/><G73/><T122/><D122/><U71/><E71/><V86/><AGARI ba="1,2" hai="8,11,20,21,23,52,57,61,85,86,87,89,94,98" machi="86" ten="30,7900,0" yaku="1,1,0,1,8,1,54,1,53,0" doraHai="38" doraHaiUra="76" who="2" fromWho="2" sc="252,-21,338,-21,185,102,205,-40" /><INIT seed="4,0,0,4,4,116" ten="231,317,287,165" oya="0" hai0="25,88,23,16,75,103,28,132,96,101,84,70,104" hai1="43,115,118,56,39,78,1,110,44,4,79,72,95" hai2="119,109,63,59,33,64,121,133,134,77,117,40,89" hai3="18,51,113,49,105,91,50,22,19,73,81,74,131"/><T130/><D130/><U80/><E118/><N who="2" m="45067" /><F89/><W2/><G113/><T99/><D132/><N who="2" m="50794" /><F77/><W29/><G131/><T69/><D75/><U60/><E115/><V34/><F34/><W123/><G2/><T68/><D28/><U106/><E79/><V57/><F33/><W86/><G105/><T55/><D55/><U10/><E106/><V71/><F109/><W38/><G38/><T52/><D52/><N who="1" m="33799" /><E95/><V128/><F128/><W61/><G61/><T45/><D45/><U111/><AGARI ba="0,0" hai="1,4,10,39,43,44,72,78,80,110,111" m="33799" machi="111" ten="30,2000,0" yaku="25,1,54,1" doraHai="116" who="1" fromWho="1" sc="231,-10,317,20,287,-5,165,-5" /><INIT seed="5,0,0,2,2,103" ten="221,337,282,160" oya="1" hai0="59,92,89,106,130,45,124,67,102,55,114,88,62" hai1="50,118,107,10,11,12,83,129,74,69,122,22,2" hai2="28,52,105,128,70,6,116,75,121,13,86,111,51" hai3="95,112,99,49,98,94,58,123,33,36,135,18,53"/><U16/><E118/><V110/><F75/><W120/><G112/><T46/><D114/><U29/><E122/><V97/><F116/><W127/><G135/><T27/><D130/><U60/><E129/><V131/><F70/><W19/><G127/><T85/><D124/><U96/><E2/><V17/><F121/><W72/><G36/><T14/><D27/><U41/><E74/><V64/><F64/><W117/><G33/><T61/><D14/><U7/><E83/><V31/><F128/><W1/><G1/><T24/><D24/><U81/><E81/><V30/><F6/><W76/><G117/><T68/><REACH who="0" step="1"/><D89/><REACH who="0" ten="211,337,282,160" step="2"/><U26/><E29/><V90/><F131/><W91/><G120/><T34/><D34/><U126/><E126/><V119/><F119/><W93/><G123/><T132/><D132/><U23/><E26/><V40/><F110/><W71/><G72/><T38/><D38/><U66/><E11/><V25/><F25/><W133/><G133/><T80/><D80/><U5/><E5/><V104/><F111/><W3/><G3/><T84/><D84/><U101/><REACH who="1" step="1"/><E7/><REACH who="1" ten="211,327,282,160" step="2"/><V63/><F31/><W125/><G125/><T48/><D48/><U56/><E56/><V32/><F28/><W79/><G71/><T78/><D78/><N who="3" m="29737" /><G91/><T82/><D82/><U35/><E35/><V87/><F30/><W47/><G58/><T54/><D54/><U21/><E21/><V57/><F32/><W77/><G77/><T8/><D8/><U108/><E108/><V43/><F90/><W9/><G9/><T0/><D0/><U42/><E42/><RYUUKYOKU ba="0,2" sc="211,10,327,10,282,-30,160,10" hai0="45,46,55,59,61,62,67,68,85,88,92,102,106" hai1="10,12,16,22,23,41,50,60,66,69,96,101,107" hai3="18,19,47,49,53,93,94,95,98,99" /><INIT seed="5,1,2,3,4,31" ten="221,337,252,170" oya="1" hai0="46,65,40,75,124,126,22,37,107,108,100,70,84" hai1="38,18,11,131,121,29,79,76,52,118,57,3,5" hai2="6,45,25,26,104,129,23,117,36,91,94,82,19" hai3="119,135,68,53,15,102,61,78,105,74,116,63,8"/><U41/><E118/><N who="3" m="45098" /><G135/><T47/><D75/><U7/><E121/><V93/><F117/><W17/><G68/><T1/><D108/><U99/><E131/><V88/><F104/><W115/><G115/><T49/><D1/><U125/><E125/><N who="0" m="48233" /><D84/><U81/><E29/><V120/><F120/><W92/><G92/><T56/><D22/><U128/><E128/><V28/><F6/><W14/><G53/><N who="0" m="31791" /><D47/><U98/><E7/><V90/><F129/><W96/><G15/><T21/><D21/><U0/><E0/><V69/><F69/><W30/><G30/><T13/><D13/><U58/><E58/><V34/><REACH who="2" step="1"/><F82/><AGARI ba="1,2" hai="8,14,17,61,63,74,78,82,96,102,105" m="45098" machi="82" ten="30,1000,0" yaku="12,1" doraHai="31" who="3" fromWho="2" sc="221,0,337,0,252,-13,170,33" /><INIT seed="6,0,0,1,3,69" ten="221,337,239,203" oya="2" hai0="82,27,26,6,133,39,76,134,14,92,70,119,1" hai1="53,51,37,122,16,60,75,34,10,126,45,50,63" hai2="108,71,3,46,127,56,24,49,68,41,21,62,2" hai3="107,97,12,96,105,101,74,38,88,109,32,104,131"/><V65/><F127/><W110/><G32/><T124/><D70/><U42/><E34/><V118/><F118/><W112/><G12/><T43/><D14/><U58/><E75/><V40/><F108/><W67/><G67/><T89/><D124/><U79/><E126/><V4/><F41/><W19/><G19/><T47/><D119/><U85/><E122/><V77/><F77/><W0/><G0/><T7/><D27/><U103/><E103/><V5/><F2/><W11/><G11/><N who="0" m="2511" /><D26/><U17/><E37/><V36/><F3/><W117/><G38/><T29/><D29/><U44/><E10/><V64/><F68/><W59/><G59/><T8/><D8/><U120/><E120/><V115/><F115/><W94/><G117/><T52/><D52/><N who="1" m="33863" /><E63/><V30/><REACH who="2" step="1"/><F64/><REACH who="2" ten="221,337,229,203" step="2"/><W132/><G112/><T57/><D76/><U13/><E13/><V99/><F99/><W87/><G131/><T129/><D43/><U78/><E78/><V33/><F33/><W130/><G130/><T31/><D129/><U9/><E9/><V111/><F111/><N who="3" m="42507" /><G132/><T35/><D134/><U28/><E79/><V86/><F86/><W116/><G116/><T22/><D35/><U95/><E85/><V98/><F98/><N who="3" m="61495" /><G74/><T18/><D133/><U113/><E113/><V90/><F90/><W80/><G97/><T54/><D89/><AGARI ba="0,1" hai="80,87,88,89,94,96,105,107" m="61495,42507" machi="89" ten="30,3900,0" yaku="34,2,54,1" doraHai="69" who="3" fromWho="0" sc="221,-39,337,0,229,0,203,49" /><INIT seed="7,0,0,0,3,52" ten="182,337,229,252" oya="3" hai0="83,27,131,76,71,11,51,66,132,33,89,122,18" hai1="43,84,46,19,124,103,77,54,32,4,96,106,26" hai2="60,90,14,119,63,0,75,15,47,116,82,81,72" hai3="105,102,3,94,123,93,40,91,29,38,42,5,78"/><W13/><G123/><T39/><D122/><U70/><E70/><V17/><F0/><W30/><G3/><T61/><D131/><U74/><E4/><V86/><F47/><W7/><G105/><T108/><D132/><U126/><E54/><V107/><F107/><W16/><G78/><T112/><D108/><U25/><E84/><V44/><F44/><W67/><G67/><T92/><D39/><N who="1" m="21887" /><E19/><V56/><F17/><W2/><G2/><T12/><D112/><U80/><E32/><V113/><F86/><N who="3" m="52471" /><G38/><T31/><D51/><U68/><E68/><V115/><REACH who="2" step="1"/><F90/><REACH who="2" ten="182,337,219,252" step="2"/><W128/><G7/><T6/><D6/><U85/><E106/><V53/><F53/><W62/><G5/><T65/><D65/><U10/><E85/><V98/><F98/><N who="3" m="59735" /><G128/><T97/><D76/><U127/><E77/><V69/><F69/><W125/><G125/><T133/><D133/><U34/><E124/><V118/><F118/><W58/><G42/><T48/><REACH who="0" step="1"/><D48/><REACH who="0" ten="172,337,219,252" step="2"/><U120/><E126/><V55/><F55/><N who="3" m="34143" /><G40/><T9/><D9/><AGARI ba="0,2" hai="9,13,16,29,30" m="34143,59735,52471" machi="9" ten="30,5800,0" yaku="8,1,52,1,54,1" doraHai="52" who="3" fromWho="0" sc="172,-58,337,0,219,0,252,78" /><INIT seed="7,1,0,1,2,33" ten="114,337,219,330" oya="3" hai0="35,27,90,32,134,91,34,121,64,14,102,39,122" hai1="24,47,16,129,76,1,61,88,98,50,29,45,23" hai2="43,13,131,58,100,55,37,86,7,41,124,28,106" hai3="53,130,15,57,81,59,87,40,38,84,26,110,117"/><W54/><G117/><T52/><D134/><U6/><E129/><V71/><F131/><W128/><G38/><T22/><D39/><U73/><E73/><V119/><F119/><W107/><G107/><T82/><D64/><U97/><E76/><V89/><F71/><W21/><G40/><T85/><D102/><U133/><E133/><V4/><F28/><W116/><G116/><T18/><D122/><U114/><E114/><V118/><F118/><W105/><G105/><T5/><D121/><U135/><E135/><V80/><F124/><W68/><G68/><T111/><D111/><U96/><E61/><V103/><F106/><W77/><G15/><T60/><D5/><U51/><E1/><V120/><F120/><W30/><G87/><T115/><D115/><U49/><E6/><V83/><F4/><W31/><G31/><T123/><D123/><U79/><E79/><V0/><F0/><W75/><G75/><T126/><D126/><U65/><E65/><V104/><F104/><W25/><G25/><T20/><D20/><N who="1" m="15495" /><E88/><V113/><F113/><W44/><G110/><T56/><D14/><AGARI ba="1,0" hai="14,16,23,45,47,49,50,51,96,97,98" m="15495" machi="14" ten="30,2000,0" yaku="8,1,54,1" doraHai="33" who="1" fromWho="0" sc="114,-23,337,23,219,0,330,0" owari="91,-40.9,360,46.0,219,-18.1,330,13.0" /></mjloggm>