<mjloggm ver="2.3"><GO type="169" lobby="0"/><UN n0="%E6%A2%85%E8%8E%89" n1="%E8%99%9A%E6%B7%B5%E7%8E%84" n2="%4E%6F%2E%30%30%30%31" n3="%73%61%6E%64%69%72%69%73" dan="18,17,18,17" rate="2229.93,2227.89,2217.53,2223.43" sx="F,M,M,M"/><TAIKYOKU oya="0"/><INIT seed="0,0,0,2,5,22" ten="250,250,250,250" oya="0" hai0="55,30,2,34,108,110,70,127,105,93,73,39,124" hai1="99,32,102,45,107,60,4,8,79,5,111,36,74" hai2="112,114,116,27,21,101,80,69,38,85,129,82,87" hai3="58,19,134,64,95,113,20,43,29,35,98,13,51"/><T89/><D105/><U122/><E5/><V123/><F69/><W0/><G113/><T15/><D2/><U68/><E111/><N who="0" m="42537" /><D73/><U106/><E122/><V77/><F123/><W42/><G0/><T17/><D70/><U90/><E90/><V6/><F129/><W28/><G134/><T100/><D39/><U103/><E103/><V131/><F131/><W10/><G35/><T61/><D100/><U7/><E7/><V54/><F38/><W130/><G130/><T62/><D55/><U65/><E107/><V115/><F116/><W126/><G126/><N who="0" m="48171" /><D30/><U91/><E91/><V86/><F101/><N who="3" m="60639" /><G29/><T59/><D59/><U25/><E74/><V56/><F77/><W41/><G64/><T33/><D33/><U47/><E79/><V83/><F56/><W49/><G58/><T72/><D72/><U40/><E36/><V50/><F54/><W78/><G78/><T53/><D53/><U67/><E67/><V57/><F57/><W121/><G121/><T88/><D34/><U52/><E52/><V24/><F50/><W120/><G120/><T46/><D46/><U109/><E109/><V128/><F128/><W23/><G28/><T96/><D89/><U94/><E106/><V75/><F75/><W3/><G3/><T125/><N who="0" m="48179" /><T31/><DORA hai="84" /><D31/><N who="1" m="19567" /><E40/><V118/><F114/><W132/><G132/><T135/><D135/><U26/><E45/><V76/><F115/><W104/><G104/><T11/><AGARI ba="0,0" hai="11,15,17,61,62,88,93,96" m="48179,42537" machi="11" ten="50,12000,1" yaku="14,1,10,1,18,1,52,1,54,1" doraHai="22,84" who="0" fromWho="0" sc="250,120,250,-40,250,-40,250,-40" /><INIT seed="0,1,0,0,5,90" ten="370,210,210,210" oya="0" hai0="85,120,43,52,78,76,70,45,32,129,48,7,131" hai1="107,82,4,8,21,29,115,0,96,38,11,47,80" hai2="5,2,9,53,81,112,1,132,97,101,19,13,58" hai3="15,56,110,88,135,16,46,102,34,95,59,122,72"/><T91/><D120/><U100/><E115/><V61/><F112/><W35/><G72/><T49/><D70/><U25/><REACH who="1" step="1"/><E11/><REACH who="1" ten="370,200,210,210" step="2"/><V119/><F119/><W23/><G122/><T3/><D32/><U75/><E75/><V22/><F132/><W44/><G35/><T123/><D123/><U117/><E117/><V93/><REACH who="2" step="1"/><F81/><REACH who="2" ten="370,200,200,210" step="2"/><W127/><G135/><T66/><D131/><U118/><E118/><V65/><F65/><W54/><G110/><T41/><D66/><U113/><E113/><V28/><F28/><W6/><G127/><T64/><D64/><U99/><E99/><V26/><AGARI ba="1,2" hai="1,2,5,9,13,19,22,26,53,58,61,93,97,101" machi="26" ten="20,5200,0" yaku="1,1,0,1,7,1,52,1,53,0" doraHai="90" doraHaiUra="124" who="2" fromWho="2" sc="370,-27,200,-14,200,75,210,-14" /><INIT seed="1,0,0,5,1,40" ten="343,186,275,196" oya="1" hai0="105,89,19,35,75,37,119,99,63,2,8,32,116" hai1="104,45,10,0,107,11,127,49,43,71,53,78,124" hai2="129,80,65,123,69,81,50,111,96,106,134,120,52" hai3="95,38,72,77,30,135,16,48,128,41,121,122,110"/><U42/><E71/><V34/><F34/><W26/><G110/><T59/><D75/><U47/><E53/><V113/><F111/><W112/><G112/><T9/><D37/><U66/><E66/><V109/><F109/><W22/><G135/><T56/><D63/><U23/><E23/><V90/><F134/><W36/><G128/><T82/><D82/><U60/><E60/><V92/><F129/><W102/><G77/><T33/><D19/><U24/><E24/><V62/><F113/><W125/><G72/><T29/><D29/><U86/><E86/><V25/><F106/><W55/><G125/><N who="1" m="48202" /><E78/><V74/><F25/><W31/><G31/><T103/><D89/><U57/><E57/><V70/><F70/><W73/><G73/><T131/><D131/><U28/><E28/><V14/><F14/><W4/><G30/><T44/><D35/><U58/><E58/><V101/><F90/><W27/><G27/><T13/><D33/><U15/><E0/><V21/><F21/><W114/><G114/><T6/><D32/><U100/><E100/><V61/><F61/><W12/><G12/><T118/><D59/><U1/><E1/><V83/><REACH who="2" step="1"/><F74/><REACH who="2" ten="343,186,265,196" step="2"/><W133/><G22/><T132/><D132/><U87/><E15/><V7/><F7/><W18/><G4/><T76/><D13/><U5/><E5/><V130/><F130/><W3/><G26/><T97/><D6/><U39/><E87/><V126/><F126/><W117/><G133/><T68/><D2/><U115/><E115/><V20/><F20/><W54/><G3/><T91/><D68/><RYUUKYOKU ba="0,1" sc="343,-15,186,15,265,15,196,-15" hai1="10,11,39,42,43,45,47,49,104,107" hai2="50,52,62,65,69,80,81,83,92,96,101,120,123" /><INIT seed="1,1,1,2,3,113" ten="328,201,280,181" oya="1" hai0="9,49,71,52,104,37,22,115,58,46,117,134,130" hai1="11,12,83,64,119,126,87,128,34,132,85,18,120" hai2="93,41,62,129,56,15,43,111,82,36,112,135,86" hai3="1,35,57,28,97,98,45,69,19,60,99,7,72"/><U105/><E120/><V110/><F112/><W33/><G72/><T133/><D115/><U75/><E105/><V65/><F129/><W63/><G28/><T77/><D104/><U27/><E128/><V2/><F2/><W59/><G69/><T44/><D130/><U78/><E132/><N who="0" m="50793" /><D71/><U30/><E126/><V96/><F135/><W94/><G7/><T26/><D77/><U0/><E64/><V80/><F15/><W4/><G4/><T131/><D131/><U38/><E38/><V74/><F74/><W67/><G1/><T122/><D122/><U73/><E73/><V42/><F36/><W101/><G35/><T48/><D9/><U114/><E114/><V68/><F68/><W31/><G31/><T32/><D32/><U123/><E123/><V10/><F10/><W16/><G45/><T90/><D90/><U20/><E119/><V76/><REACH who="2" step="1"/><F80/><REACH who="2" ten="328,201,270,181" step="2"/><W14/><G33/><T5/><D37/><U107/><E107/><V66/><F66/><N who="3" m="39183" /><G19/><T88/><D5/><AGARI ba="1,2" hai="0,5,11,12,18,20,27,30,34,75,78,83,85,87" machi="5" ten="40,3900,0" yaku="24,2" doraHai="113" who="1" fromWho="0" sc="328,-42,201,62,270,0,181,0" /><INIT seed="1,2,0,4,3,106" ten="286,263,270,181" oya="1" hai0="28,104,44,111,115,82,11,120,58,132,67,87,32" hai1="124,112,79,37,50,85,89,2,23,39,63,47,102" hai2="129,8,95,134,73,72,46,69,42,93,70,103,65" hai3="74,135,10,114,128,62,126,133,14,21,61,100,3"/><U53/><E112/><V117/><F117/><W18/><G114/><T101/><D115/><U113/><E113/><V118/><F118/><W130/><G100/><T35/><D120/><U49/><E2/><V17/><F129/><N who="3" m="49771" /><G62/><T84/><D111/><U45/><E124/><V78/><F134/><N who="3" m="51211" /><G61/><T34/><D101/><U83/><E102/><V57/><F78/><W13/><G74/><T121/><D67/><U20/><E37/><V4/><F57/><W64/><G64/><T99/><D58/><U86/><E39/><V60/><F69/><W107/><G107/><T77/><D104/><U122/><E63/><V19/><F95/><W110/><G110/><T25/><D77/><U131/><E122/><V54/><F54/><W75/><G75/><T52/><D121/><U76/><E131/><V38/><F93/><W80/><G80/><T43/><D82/><U30/><E30/><V16/><REACH who="2" step="1"/><F103/><REACH who="2" ten="286,263,260,181" step="2"/><W40/><G40/><T24/><D43/><N who="1" m="24767" /><E79/><V22/><F22/><W12/><G126/><T51/><D132/><U91/><E76/><V97/><F97/><W9/><G3/><AGARI ba="2,1" hai="3,4,8,16,17,19,38,42,46,60,65,70,72,73" machi="3" ten="40,8000,1" yaku="1,1,52,2,54,1,53,1" doraHai="106" doraHaiUra="0" who="2" fromWho="3" sc="286,0,263,0,260,96,181,-86" /><INIT seed="2,0,0,0,4,24" ten="286,263,356,95" oya="2" hai0="53,34,102,36,131,32,5,28,99,88,44,97,134" hai1="101,110,23,128,80,120,51,115,132,135,35,125,19" hai2="98,64,59,74,9,108,95,49,111,17,22,33,112" hai3="15,66,116,56,69,6,58,81,48,109,71,12,86"/><V84/><F112/><W70/><G116/><T113/><D113/><U41/><E115/><V50/><F74/><W93/><G109/><N who="2" m="42057" /><F33/><W126/><G126/><T62/><D131/><U61/><E110/><V82/><F9/><W89/><G6/><T8/><D134/><U43/><E35/><V47/><F64/><W121/><G121/><T75/><D75/><U11/><E11/><V30/><F59/><W18/><G66/><T37/><D34/><U119/><E125/><V117/><F30/><W52/><G58/><T72/><D72/><U25/><E128/><V96/><F117/><W65/><G65/><T26/><D62/><U105/><E61/><V91/><F47/><W20/><REACH who="3" step="1"/><G12/><REACH who="3" ten="286,263,356,85" step="2"/><T57/><D57/><U10/><E119/><V78/><F98/><W129/><G129/><T2/><D99/><U45/><E120/><V85/><F96/><W3/><G3/><T7/><D7/><U55/><E135/><V77/><F77/><W67/><G67/><T39/><D102/><U14/><E132/><V123/><F123/><W83/><AGARI ba="0,1" hai="15,18,20,48,52,56,69,70,71,81,83,86,89,93" machi="83" ten="40,8000,1" yaku="1,1,0,1,25,2,54,1,53,0" doraHai="24" doraHaiUra="106" who="3" fromWho="3" sc="286,-20,263,-20,356,-40,85,90" /><INIT seed="3,0,0,3,3,14" ten="266,243,316,175" oya="3" hai0="85,95,82,69,47,55,76,54,64,88,114,57,109" hai1="2,43,63,50,48,9,112,1,128,133,37,30,106" hai2="5,81,39,35,40,121,118,16,60,79,119,107,132" hai3="46,6,70,120,26,83,21,17,84,29,99,105,110"/><W72/><G120/><T100/><D109/><U31/><E106/><V134/><F35/><W53/><G70/><T8/><D114/><U15/><E37/><V123/><F107/><W130/><G130/><T38/><D69/><U51/><E43/><V131/><F5/><W58/><G72/><T108/><D108/><U122/><E133/><N who="2" m="51307" /><F60/><W78/><G110/><T87/><D100/><U62/><E122/><N who="2" m="46603" /><F131/><W41/><G6/><T124/><D124/><U111/><E112/><V34/><F34/><W90/><G105/><T12/><D47/><U56/><E63/><V22/><F40/><W28/><G99/><T115/><D38/><U42/><E42/><V86/><F39/><W94/><G46/><T116/><D116/><U96/><E128/><V13/><AGARI ba="0,0" hai="13,16,22,79,81,86,118,119" m="46603,51307" machi="13" ten="30,7900,0" yaku="20,1,13,1,52,1,54,1" doraHai="14" who="2" fromWho="2" sc="266,-20,243,-20,316,79,175,-39" /><INIT seed="4,0,0,4,3,134" ten="246,223,395,136" oya="0" hai0="57,99,87,43,56,76,74,95,55,121,27,88,131" hai1="108,24,73,63,123,86,67,47,118,65,61,42,78" hai2="103,6,71,84,130,46,91,79,89,85,120,132,101" hai3="38,4,23,77,105,39,18,133,20,34,80,135,25"/><T16/><D121/><U104/><E104/><V102/><F71/><W9/><G105/><T93/><D131/><U106/><E106/><V19/><F120/><W115/><G34/><T12/><D43/><U112/><E73/><V129/><F6/><W50/><G115/><T110/><D110/><U13/><E24/><V17/><F46/><W119/><G119/><T41/><D41/><U96/><E96/><V15/><F79/><W109/><G109/><T33/><D74/><U31/><E31/><V45/><F45/><W36/><G50/><T128/><D128/><N who="2" m="49258" /><F132/><W3/><REACH who="3" step="1"/><G23/><REACH who="3" ten="246,223,395,126" step="2"/><T30/><D55/><U21/><E108/><V62/><F62/><W117/><G117/><T92/><D76/><U44/><E118/><V64/><F64/><W116/><G116/><T72/><D72/><AGARI ba="0,1" hai="3,4,9,18,20,25,36,38,39,72,77,80,133,135" machi="72" ten="40,1300,0" yaku="1,1,53,0" doraHai="134" doraHaiUra="66" who="3" fromWho="0" sc="246,-13,223,0,395,0,126,23" /><INIT seed="5,0,0,2,5,12" ten="233,223,395,149" oya="1" hai0="14,48,31,111,87,76,131,53,101,10,102,46,97" hai1="91,95,119,72,115,107,63,67,92,113,42,73,24" hai2="33,4,124,108,68,51,9,65,26,105,34,56,36" hai3="109,80,20,81,11,106,84,114,86,23,29,121,58"/><U128/><E42/><V55/><F108/><W98/><G109/><T61/><D111/><U112/><E119/><V110/><F110/><W71/><G121/><T99/><D131/><U13/><E107/><V40/><F105/><W27/><G71/><T37/><D31/><U70/><E128/><V5/><F124/><W54/><G114/><T118/><D37/><U43/><E43/><V1/><F4/><W62/><G106/><T130/><D130/><U32/><E13/><V16/><F16/><N who="3" m="12679" /><G11/><T6/><D61/><U41/><E41/><V82/><F82/><N who="3" m="31851" /><G98/><N who="0" m="37387" /><D118/><U59/><E70/><V0/><F0/><W28/><G28/><T15/><D15/><U120/><E120/><V69/><F33/><W104/><G104/><T21/><D21/><U18/><E32/><V77/><F68/><W25/><AGARI ba="0,0" hai="23,25,29,54,58,62,84,86" m="31851,12679" machi="25" ten="30,4000,0" yaku="8,1,52,1,54,1" doraHai="12" who="3" fromWho="3" sc="233,-10,223,-20,395,-10,149,40" /><INIT seed="6,0,0,3,2,80" ten="223,203,385,189" oya="2" hai0="61,125,60,114,109,50,23,51,82,127,133,101,21" hai1="1,119,108,55,32,104,26,10,15,134,96,126,4" hai2="8,90,63,72,57,100,11,129,47,17,3,37,65" hai3="52,113,112,25,45,44,9,117,121,116,97,84,76"/><V102/><F72/><W59/><G121/><T98/><D82/><U27/><E108/><V19/><F129/><W91/><G9/><T53/><D109/><U64/><E119/><V12/><F37/><W48/><G76/><T71/><D114/><N who="3" m="44137" /><G97/><T106/><D133/><U7/><E64/><V88/><F47/><N who="3" m="17995" /><G25/><T49/><D61/><U123/><E27/><V20/><F8/><W83/><AGARI ba="0,0" hai="48,52,59,83,84,91,116,117" m="17995,44137" machi="83" ten="30,7900,0" yaku="15,1,11,1,52,1,54,1" doraHai="80" who="3" fromWho="3" sc="223,-20,203,-20,385,-39,189,79" /><INIT seed="7,0,0,4,5,40" ten="203,183,346,268" oya="3" hai0="11,129,102,33,107,66,24,36,47,67,54,30,9" hai1="59,48,96,65,42,133,97,108,8,14,121,12,130" hai2="115,10,78,112,63,15,61,91,106,4,103,51,71" hai3="132,81,58,99,94,128,3,109,95,17,16,52,114"/><W120/><G120/><T5/><D129/><U104/><E121/><V44/><F78/><W35/><G35/><T118/><D118/><U46/><E108/><V116/><F116/><W20/><G3/><T22/><D33/><U75/><E75/><V53/><F71/><W135/><G114/><N who="2" m="43561" /><F91/><W86/><G128/><T117/><D117/><U110/><E130/><V60/><F103/><W41/><G41/><T93/><D107/><AGARI ba="0,0" hai="4,10,15,44,51,53,60,61,63,106,107" m="43561" machi="107" ten="30,2000,0" yaku="15,1,52,1" doraHai="40" who="2" fromWho="0" sc="203,-20,183,0,346,20,268,0" owari="183,-21.7,183,-31.7,366,46.6,268,6.8" /></mjloggm>