<mjloggm ver="2.3"><GO type="169" lobby="0"/><UN n0="%E5%A4%A9%E5%AE%89%E9%96%80%E5%BF%98%E5%8D%B4" n1="%E8%A6%9A%E9%86%92%E3%81%97%E3%81%9F%E3%81%A8%E3%81%BE%E3%81%A8" n2="%E3%83%87%E3%83%A9%E3%82%B3%E3%83%83%E3%82%B3" n3="%E7%B1%B3%E3%81%BC%E3%81%86%E3%82%84%E3%81%8F%E3%82%93" dan="18,16,16,16" rate="2225.35,2131.22,2156.75,2175.15" sx="M,M,M,M"/><TAIKYOKU oya="0"/><INIT seed="0,0,0,0,0,83" ten="250,250,250,250" oya="0" hai0="25,4,121,13,84,60,93,97,8,27,115,134,0" hai1="76,113,110,64,30,102,28,17,46,37,32,91,92" hai2="48,9,74,34,111,75,36,12,117,38,73,80,124" hai3="95,128,107,63,125,44,71,104,5,106,15,105,116"/><T88/><D115/><U26/><E113/><V103/><F34/><W1/><G116/><T78/><D121/><U87/><E110/><V135/><F111/><W122/><G122/><T14/><D134/><U16/><E30/><V108/><F108/><W99/><G128/><T56/><D0/><U133/><E133/><V67/><F135/><W81/><G1/><T123/><D123/><U22/><E32/><V90/><F117/><W65/><G125/><T41/><D41/><U3/><E3/><V98/><F67/><W42/><G81/><N who="0" m="47159" /><D14/><U114/><E114/><V120/><F48/><W29/><G29/><T70/><D70/><U82/><E102/><V6/><F124/><W40/><N who="3" m="26624" /><DORA hai="23" /><W53/><G53/><AGARI ba="0,0" hai="4,8,13,25,27,53,56,60,88,93,97" m="47159" machi="53" ten="30,12000,1" yaku="8,1,52,3,54,1" doraHai="83,23" who="0" fromWho="3" sc="250,120,250,0,250,0,250,-120" /><INIT seed="0,1,0,2,4,15" ten="370,250,250,130" oya="0" hai0="26,104,71,21,5,86,49,1,3,112,107,78,109" hai1="12,29,99,74,52,31,19,25,17,10,51,103,43" hai2="22,14,73,66,50,125,48,102,105,34,130,8,82" hai3="60,58,131,81,134,101,69,100,45,120,11,28,72"/><T113/><D71/><U38/><E74/><V124/><F34/><W47/><G69/><T129/><D129/><U56/><E38/><V94/><F105/><W65/><G131/><T23/><D109/><U36/><E36/><V90/><F66/><W75/><G134/><T97/><D49/><U89/><E89/><V57/><F130/><W76/><G75/><T4/><D86/><U84/><E84/><V91/><F22/><W116/><G116/><T37/><D37/><U42/><E19/><V27/><F27/><W126/><G126/><N who="2" m="48745" /><F102/><W68/><G120/><T39/><D39/><U79/><E79/><N who="2" m="44399" /><F57/><W111/><G111/><T92/><D26/><U96/><E96/><N who="2" m="57431" /><F91/><W114/><G28/><T117/><D78/><U59/><E56/><V122/><F122/><W88/><G68/><T87/><D87/><U32/><REACH who="1" step="1"/><E31/><REACH who="1" ten="370,240,250,130" step="2"/><V16/><AGARI ba="1,1" hai="8,14,16,48,50" m="57431,44399,48745" machi="16" ten="30,4000,0" yaku="18,1,52,1,54,1" doraHai="15" who="2" fromWho="2" sc="370,-21,240,-11,250,53,130,-11" /><INIT seed="1,0,0,4,0,108" ten="349,229,303,119" oya="1" hai0="120,94,27,69,35,115,11,121,41,73,134,128,59" hai1="96,26,10,77,91,132,70,114,13,88,48,61,17" hai2="98,45,12,5,60,39,103,87,83,102,81,30,90" hai3="71,130,64,65,126,32,51,112,105,80,104,85,111"/><U117/><E117/><V28/><F39/><W57/><G111/><T79/><D69/><U116/><E116/><V58/><F45/><W118/><G118/><T8/><D41/><U7/><E132/><V25/><F81/><W66/><G71/><T20/><D35/><U0/><E77/><V109/><F109/><W56/><G32/><T46/><D46/><U75/><E75/><V36/><F36/><W72/><G72/><T122/><D128/><U6/><E114/><V31/><F25/><W135/><G126/><T15/><D134/><U21/><E6/><V99/><F12/><W49/><G135/><T100/><D59/><U67/><E96/><N who="2" m="36907" /><F5/><W40/><G130/><T55/><D79/><U23/><REACH who="1" step="1"/><E48/><REACH who="1" ten="349,219,303,119" step="2"/><V78/><F78/><W82/><G112/><T37/><D73/><U89/><E89/><V50/><F50/><W4/><G4/><T18/><D115/><U129/><E129/><V74/><F74/><W76/><G76/><T47/><D37/><U3/><E3/><V97/><F97/><W113/><G113/><T127/><D122/><U63/><E63/><V1/><F1/><W101/><G51/><T14/><D121/><U44/><E44/><V107/><F107/><W52/><G105/><T9/><D120/><U34/><E34/><V2/><F2/><W131/><G131/><T125/><D125/><U133/><E133/><V92/><F103/><W110/><G110/><T123/><D127/><U22/><E22/><V86/><F102/><W38/><G38/><T16/><D123/><U43/><E43/><V95/><F87/><W29/><G40/><RYUUKYOKU ba="0,1" sc="349,-15,219,15,303,15,119,-15" hai1="0,7,10,13,17,21,23,26,61,67,70,88,91" hai2="28,30,31,58,60,83,86,90,92,95" /><INIT seed="1,1,1,5,2,10" ten="334,234,318,104" oya="1" hai0="112,38,52,126,68,130,37,42,25,69,60,101,129" hai1="6,62,43,28,57,83,103,132,111,26,79,113,90" hai2="48,9,18,20,3,61,91,46,135,78,8,51,33" hai3="114,29,82,0,14,21,92,49,107,66,72,59,100"/><U94/><E113/><V124/><F33/><W119/><G0/><T70/><D112/><U134/><E111/><V105/><F105/><W64/><G107/><T97/><D25/><U108/><E108/><V123/><F123/><W95/><G114/><T131/><D42/><U81/><E103/><V86/><F124/><W54/><G119/><T5/><D5/><U120/><E6/><V2/><F135/><N who="1" m="51753" /><E43/><V24/><F78/><W44/><G72/><T19/><D19/><U41/><E41/><V133/><F133/><W7/><G82/><T31/><D31/><U96/><E79/><V71/><F51/><W17/><G7/><T63/><D126/><U53/><E120/><V125/><F125/><W99/><G29/><T122/><D122/><U23/><AGARI ba="1,1" hai="23,26,28,53,57,62,81,83,90,94,96" m="51753" machi="23" ten="30,1500,0" yaku="20,1" doraHai="10" who="1" fromWho="1" sc="334,-6,234,28,318,-6,104,-6" /><INIT seed="1,2,0,3,0,43" ten="328,262,312,98" oya="1" hai0="39,21,3,110,104,6,30,135,24,118,82,97,115" hai1="72,78,31,124,116,23,131,86,40,49,2,0,103" hai2="107,56,75,91,9,98,62,59,37,7,8,81,54" hai3="44,95,14,48,133,100,66,113,79,61,15,90,17"/><U114/><E116/><V28/><F37/><W26/><G113/><T125/><D118/><U77/><E114/><V19/><F28/><W83/><G133/><T63/><D115/><U51/><E131/><V52/><F107/><W94/><G100/><T122/><D110/><U119/><E119/><V68/><F68/><W120/><G120/><T85/><D125/><U42/><E124/><V93/><F7/><W111/><G26/><T53/><D122/><U5/><E103/><V67/><F67/><W16/><G15/><T55/><D39/><U117/><E117/><V126/><F126/><W60/><G17/><T108/><D108/><U65/><E65/><V36/><F36/><W87/><G95/><T121/><D104/><U105/><E105/><V73/><F19/><W38/><G38/><T47/><D3/><U76/><E72/><V18/><F18/><W101/><G101/><T99/><D6/><U34/><E34/><V25/><F25/><W71/><G111/><T1/><D1/><U109/><E109/><V45/><F45/><W20/><G71/><T102/><D102/><U80/><E0/><V130/><F130/><W69/><G69/><T127/><D135/><U58/><E5/><V29/><F29/><W22/><G20/><T112/><D112/><U92/><E2/><V57/><F75/><W88/><G66/><T32/><D121/><U70/><E70/><V13/><F13/><W96/><G79/><N who="0" m="46303" /><D127/><U12/><E77/><N who="2" m="44207" /><F62/><W84/><G96/><N who="0" m="36939" /><D32/><U128/><E128/><V4/><F4/><W134/><G134/><T74/><D30/><U64/><E31/><RYUUKYOKU ba="2,0" sc="328,-15,262,-15,312,15,98,15" hai2="8,9,52,54,56,57,59,91,93,98" hai3="14,16,22,44,48,60,61,83,84,87,88,90,94" /><INIT seed="2,3,0,5,2,75" ten="313,247,327,113" oya="2" hai0="60,87,92,47,38,12,134,100,135,72,105,20,46" hai1="78,19,82,35,13,125,44,130,26,24,68,7,71" hai2="17,32,96,10,118,65,110,34,22,98,61,16,9" hai3="94,133,76,99,39,54,63,14,69,106,53,8,5"/><V15/><F118/><W111/><G39/><T55/><D72/><U120/><E120/><V101/><F110/><W51/><G111/><T114/><D114/><U129/><E125/><V124/><F124/><W33/><G33/><T43/><D105/><U62/><E7/><V0/><F96/><W104/><G133/><N who="0" m="50699" /><D47/><U74/><E44/><V131/><F131/><N who="1" m="50185" /><E62/><V108/><F108/><W79/><G106/><T48/><D60/><U103/><E103/><V29/><F29/><W93/><G104/><T66/><D66/><U73/><E73/><V123/><F123/><W57/><G69/><N who="1" m="26698" /><E35/><V28/><F28/><W95/><REACH who="3" step="1"/><G99/><REACH who="3" ten="313,247,327,103" step="2"/><T6/><D38/><U2/><E2/><V91/><F98/><W97/><G97/><T128/><D100/><U59/><E59/><AGARI ba="3,1" hai="5,8,14,51,53,54,57,59,63,76,79,93,94,95" machi="59" ten="40,12000,2" yaku="1,1,8,1,52,2,53,2" doraHai="75" doraHaiUra="49" who="3" fromWho="1" sc="313,0,247,-129,327,0,103,139" /><INIT seed="3,0,0,3,2,58" ten="313,118,327,242" oya="3" hai0="74,115,91,27,135,60,19,114,62,80,56,104,112" hai1="90,132,126,102,34,2,7,29,21,16,53,0,6" hai2="81,57,54,121,3,52,8,25,66,35,118,100,17" hai3="11,38,15,103,92,41,65,61,129,117,44,71,109"/><W87/><G117/><T26/><D104/><U73/><E102/><V13/><F118/><W10/><G129/><T70/><D135/><U51/><E73/><V116/><F116/><W79/><G109/><T88/><D70/><U113/><E113/><V95/><F121/><W67/><G67/><T49/><D49/><U18/><E90/><N who="0" m="34345" /><D19/><N who="1" m="7211" /><E53/><V123/><F123/><W47/><G47/><T36/><D36/><U89/><E89/><V130/><F130/><W31/><G31/><T5/><D5/><N who="1" m="1547" /><E51/><V110/><F110/><W45/><G15/><T68/><D68/><U96/><E96/><V93/><F3/><N who="1" m="1065" /><E132/><V64/><F81/><W59/><G45/><T125/><D56/><U4/><N who="1" m="1555" /><U50/><DORA hai="43" /><E50/><V85/><F85/><W24/><G71/><T40/><D40/><U101/><E101/><V124/><F100/><W1/><G1/><T105/><D105/><U20/><E126/><V42/><F124/><W78/><G103/><T82/><D125/><U23/><E34/><V131/><F42/><W30/><G92/><T76/><D82/><U69/><E69/><V98/><F98/><W46/><G46/><T111/><D111/><U134/><E134/><V119/><F119/><W99/><G99/><T22/><D22/><U37/><E37/><V75/><F95/><W122/><G79/><T108/><D108/><U14/><E14/><V120/><F93/><W86/><G78/><T12/><D12/><U32/><E32/><V133/><F133/><W83/><G83/><T39/><D39/><U97/><E97/><V48/><F35/><N who="3" m="20935" /><G122/><T28/><D114/><RYUUKYOKU ba="0,0" sc="313,-15,118,15,327,-15,242,15" hai1="20,21,23,29" hai3="10,11,38,41,44,59,61,65,86,87" /><INIT seed="3,1,0,2,1,125" ten="298,133,312,257" oya="3" hai0="53,98,65,0,120,108,93,111,92,116,107,46,126" hai1="135,114,13,28,110,49,112,117,42,51,22,89,17" hai2="14,84,1,54,70,74,99,121,55,90,88,81,37" hai3="33,32,64,130,101,11,39,43,69,4,103,40,66"/><W91/><G91/><T77/><D116/><U75/><E117/><V100/><F1/><W16/><G4/><T119/><D119/><U23/><E75/><V58/><F70/><W79/><G79/><T19/><D120/><U59/><E110/><V20/><F37/><W5/><G5/><T7/><D65/><U3/><E3/><V118/><F118/><W96/><G39/><T122/><D122/><U94/><E135/><V12/><F74/><W86/><G86/><T76/><D19/><U131/><E131/><V63/><F121/><W57/><G57/><T67/><D67/><U61/><E114/><V72/><F72/><W73/><G73/><T38/><D107/><U34/><E34/><V56/><F90/><W10/><G16/><T87/><D87/><U15/><E42/><V102/><F20/><W95/><G95/><T36/><D46/><U60/><E60/><V41/><F41/><W27/><G96/><T97/><D7/><U129/><E129/><V50/><F100/><W35/><G35/><T123/><D123/><U26/><E15/><V9/><F9/><W52/><G27/><T24/><D24/><U21/><E23/><V115/><F115/><W71/><G52/><T44/><D53/><N who="1" m="34031" /><E112/><V18/><F18/><W132/><G132/><T45/><REACH who="0" step="1"/><D0/><REACH who="0" ten="288,133,312,257" step="2"/><U124/><E124/><AGARI ba="1,1" hai="36,38,44,45,76,77,92,93,97,98,108,111,124,126" machi="124" ten="25,12000,2" yaku="1,1,2,1,22,2,53,2" doraHai="125" doraHaiUra="134" who="0" fromWho="1" sc="288,133,133,-123,312,0,257,0" /><INIT seed="4,0,0,2,4,34" ten="421,10,312,257" oya="0" hai0="132,33,91,48,126,37,117,55,29,16,118,86,71" hai1="122,23,40,92,80,45,103,124,46,73,83,61,107" hai2="93,32,0,79,14,47,28,19,50,64,81,60,42" hai3="101,106,109,115,63,18,7,27,100,108,99,134,11"/><T17/><D37/><U53/><E107/><V74/><F93/><W39/><G39/><T131/><D131/><U116/><E116/><V36/><F50/><W43/><G43/><T98/><D71/><U128/><E128/><V15/><F15/><W127/><G115/><T130/><D98/><U75/><E122/><V67/><F60/><W133/><G127/><T13/><D17/><U85/><E124/><V72/><F72/><W121/><G121/><T82/><D130/><U112/><E112/><V8/><F32/><W12/><G101/><T22/><D132/><N who="3" m="50793" /><G63/><T21/><D33/><U2/><E2/><V57/><F28/><W104/><G104/><T66/><D66/><U4/><E4/><N who="2" m="1031" /><F57/><W113/><G113/><T38/><D38/><U41/><E61/><V69/><F69/><W5/><G27/><T68/><D68/><U102/><E92/><V129/><F129/><W96/><G96/><T26/><D126/><U110/><E85/><V123/><F123/><W3/><G7/><T120/><D120/><U65/><E65/><V114/><F114/><W20/><AGARI ba="0,0" hai="3,5,11,12,18,20,99,100,106,108,109" m="50793" machi="20" ten="30,2000,0" yaku="20,1,52,1" doraHai="34" who="3" fromWho="3" sc="421,-10,10,-5,312,-5,257,20" /><INIT seed="5,0,0,1,5,105" ten="411,5,307,277" oya="1" hai0="9,82,117,89,22,103,76,106,24,121,5,12,127" hai1="107,102,79,39,30,128,81,11,33,87,78,83,65" hai2="54,52,44,110,55,27,0,29,108,32,18,90,129" hai3="60,122,77,8,115,35,64,53,124,50,98,26,132"/><U36/><E128/><V2/><F129/><W75/><G122/><T71/><D117/><U41/><E65/><V134/><F44/><W97/><G115/><T74/><D71/><U62/><E62/><V95/><F134/><W96/><G132/><T70/><D70/><U58/><E58/><V80/><F80/><W125/><G8/><T59/><D121/><U38/><E11/><V4/><F18/><W3/><G3/><T112/><D112/><U57/><E57/><V42/><F42/><W86/><G86/><T119/><D119/><U94/><E107/><V109/><REACH who="2" step="1"/><F4/><REACH who="2" ten="411,5,297,277" step="2"/><W120/><G120/><T17/><D5/><U40/><E30/><V101/><F101/><W7/><G7/><T48/><D17/><U43/><E33/><V19/><F19/><W131/><G131/><T84/><D103/><U20/><E20/><V92/><F92/><W47/><G35/><T51/><D22/><U69/><E69/><V10/><F10/><W21/><G21/><T13/><D9/><U123/><E123/><V91/><F91/><W49/><G47/><T135/><D135/><U37/><N who="1" m="9216" /><DORA hai="72" /><U126/><E126/><V34/><F34/><W93/><G93/><T63/><D127/><U1/><E1/><V104/><F104/><W66/><G125/><T16/><D106/><U28/><E28/><V133/><F133/><W68/><G124/><T14/><D16/><U130/><E130/><V56/><F56/><N who="3" m="34831" /><G68/><T46/><D46/><U67/><E67/><V31/><F31/><W6/><G6/><T61/><D59/><U99/><E83/><V15/><F15/><RYUUKYOKU ba="0,1" sc="411,-15,5,15,297,15,277,-15" hai1="40,41,43,78,79,81,87,94,99,102" hai2="0,2,27,29,32,52,54,55,90,95,108,109,110" /><INIT seed="5,1,1,0,1,121" ten="396,20,312,262" oya="1" hai0="13,51,102,14,46,99,36,116,70,5,42,12,77" hai1="45,86,131,73,40,130,103,100,75,107,92,117,101" hai2="125,18,19,3,47,60,76,20,74,10,90,33,52" hai3="69,84,109,37,94,82,127,80,122,88,118,98,110"/><U27/><E27/><V39/><F125/><W8/><G69/><T50/><D116/><U123/><E45/><V134/><F134/><W68/><G68/><T93/><D70/><U96/><E40/><V0/><F33/><W22/><G37/><T114/><D114/><U89/><E123/><V58/><F90/><W124/><G122/><T35/><D35/><U48/><E48/><V66/><F76/><W115/><G115/><T65/><D65/><U91/><E117/><V64/><F74/><N who="1" m="28169" /><E107/><V38/><F38/><W4/><G22/><T55/><D36/><U106/><E106/><V72/><F72/><W11/><G118/><T43/><D43/><U15/><E15/><V44/><F39/><W24/><G24/><T32/><D32/><U132/><E132/><V6/><F0/><N who="3" m="7" /><G80/><AGARI ba="1,1" hai="80,86,89,91,92,96,100,101,103,130,131" m="28169" machi="80" ten="30,2900,0" yaku="34,2" doraHai="121" who="1" fromWho="3" sc="396,0,20,42,312,0,262,-32" /><INIT seed="5,2,0,2,4,75" ten="396,62,312,230" oya="1" hai0="98,51,100,15,112,3,61,24,21,65,16,84,42" hai1="79,64,27,57,134,104,66,28,109,56,93,118,94" hai2="6,135,97,9,38,71,12,111,70,110,91,17,85" hai3="121,58,122,44,52,8,106,2,72,5,82,39,62"/><U120/><E118/><V126/><F38/><W48/><G106/><T114/><D3/><U132/><E104/><V76/><F135/><N who="1" m="51753" /><E120/><V49/><F126/><W95/><G95/><N who="1" m="36362" /><E109/><V131/><F131/><W89/><G39/><T123/><D123/><U102/><E102/><V125/><F125/><W18/><G18/><T45/><D98/><U30/><E79/><V1/><F97/><W113/><G113/><N who="0" m="43627" /><D100/><U35/><E30/><V32/><F76/><W41/><REACH who="3" step="1"/><G72/><REACH who="3" ten="396,62,312,220" step="2"/><T50/><D84/><AGARI ba="2,1" hai="2,5,8,41,44,48,52,58,62,82,84,89,121,122" machi="84" ten="40,8000,1" yaku="1,1,2,1,54,1,53,1" doraHai="75" doraHaiUra="0" who="3" fromWho="0" sc="396,-86,62,0,312,0,220,96" /><INIT seed="6,0,0,4,5,93" ten="310,62,312,316" oya="2" hai0="47,22,27,2,65,34,69,113,107,25,100,23,127" hai1="114,42,43,62,135,57,98,99,87,68,48,45,130" hai2="75,128,16,86,103,77,14,105,46,58,24,36,29" hai3="52,32,91,19,90,70,83,117,39,84,49,134,4"/><V6/><F128/><W92/><G117/><T110/><D110/><U13/><E130/><V82/><F6/><W38/><G70/><T108/><D108/><U53/><E114/><V66/><F75/><W56/><G32/><T0/><D113/><U15/><E68/><V20/><F36/><W119/><G119/><T26/><D34/><U111/><E111/><V9/><F46/><W72/><G134/><T21/><D127/><U74/><E74/><V101/><REACH who="2" step="1"/><F105/><REACH who="2" ten="310,62,302,316" step="2"/><W50/><G4/><T76/><D47/><U122/><E122/><V73/><F73/><W133/><G133/><T115/><D115/><U51/><E135/><V64/><F64/><W5/><G5/><T11/><D65/><U112/><E112/><V132/><F132/><W80/><G72/><T120/><D120/><U59/><E43/><V78/><F78/><W63/><G39/><T71/><D76/><U85/><E15/><V35/><F35/><W125/><G38/><T79/><D79/><U109/><E109/><V121/><F121/><W41/><G41/><T126/><D126/><U40/><E13/><V3/><F3/><W33/><G33/><T131/><D131/><U129/><E129/><V88/><F88/><W18/><G125/><T54/><D0/><U10/><E10/><V30/><F30/><W12/><G91/><T124/><D124/><U31/><E31/><V104/><F104/><W106/><G106/><T60/><D2/><U89/><E42/><V1/><F1/><W55/><G12/><T7/><D7/><U94/><E87/><V81/><F81/><N who="3" m="31307" /><G55/><AGARI ba="0,1" hai="40,45,48,51,53,55,57,59,62,85,89,94,98,99" machi="55" ten="30,7700,0" yaku="7,1,8,1,52,2" doraHai="93" who="1" fromWho="3" sc="310,0,62,87,302,0,316,-77" /><INIT seed="7,0,0,1,0,88" ten="310,149,302,239" oya="3" hai0="33,112,3,91,80,133,26,106,104,6,59,7,119" hai1="130,12,1,68,30,108,38,35,110,73,83,34,48" hai2="14,23,81,41,77,67,75,49,56,29,134,24,25" hai3="89,18,87,131,95,100,127,97,31,118,84,128,42"/><W9/><G9/><T22/><D119/><U121/><E121/><V114/><F114/><W74/><G118/><T79/><D33/><U53/><E1/><V64/><F134/><W124/><G18/><T90/><D112/><U11/><E38/><V76/><F76/><W71/><G71/><T125/><D125/><N who="3" m="48201" /><G31/><T60/><D104/><U85/><E68/><V102/><F25/><W17/><G17/><N who="0" m="12623" /><D106/><U111/><E73/><V65/><F14/><W94/><G74/><T52/><D3/><U43/><E43/><V37/><F41/><W55/><G42/><T123/><D133/><U10/><E30/><V92/><F37/><W57/><G87/><N who="0" m="48543" /><D123/><U117/><E130/><V66/><F49/><AGARI ba="0,0" hai="49,55,57,84,89,94,95,97,100,128,131" m="48201" machi="49" ten="30,5800,0" yaku="18,1,52,2" doraHai="88" who="3" fromWho="2" sc="310,0,149,0,302,-58,239,58" /><INIT seed="7,1,0,0,2,32" ten="310,149,244,297" oya="3" hai0="84,36,132,6,108,63,27,46,58,28,3,124,94" hai1="74,120,56,16,103,134,40,66,4,107,90,14,77" hai2="89,98,49,24,100,18,95,96,64,20,113,119,92" hai3="48,121,81,128,126,71,0,39,61,26,83,62,65"/><W73/><G121/><T44/><D108/><U45/><E120/><V57/><F113/><W111/><G39/><T17/><D3/><U50/><E134/><V51/><REACH who="2" step="1"/><F119/><REACH who="2" ten="310,149,234,297" step="2"/><W133/><G133/><T69/><D132/><U101/><E107/><V23/><F23/><W7/><G111/><T104/><D104/><U31/><E31/><V25/><F25/><W117/><G26/><T97/><D27/><U8/><E4/><V93/><F93/><W127/><G117/><T106/><D94/><U114/><E114/><V82/><F82/><W123/><G83/><T109/><D6/><U76/><E74/><V19/><F19/><W102/><G81/><T68/><D17/><U22/><E22/><V78/><F78/><W91/><G73/><T131/><D28/><U125/><E125/><V42/><F42/><W9/><G127/><T2/><D106/><U122/><E122/><V130/><F130/><W41/><G128/><T88/><D109/><U15/><E14/><V13/><F13/><W85/><G126/><T1/><D131/><U60/><REACH who="1" step="1"/><E90/><REACH who="1" ten="310,139,234,297" step="2"/><V80/><F80/><W70/><G91/><T10/><D124/><U105/><E105/><V110/><F110/><W72/><G72/><T115/><D88/><U11/><E11/><V116/><F116/><W43/><G123/><T5/><D5/><U53/><E53/><V112/><F112/><W59/><G9/><T35/><D115/><U54/><E54/><V135/><F135/><W37/><G7/><T86/><D10/><U52/><E52/><V99/><F99/><W21/><G21/><T129/><D129/><RYUUKYOKU ba="1,2" sc="310,-15,139,15,234,15,297,-15" hai1="8,15,16,40,45,50,56,60,66,76,77,101,103" hai2="18,20,24,49,51,57,64,89,92,95,96,98,100" /><INIT seed="8,2,2,0,2,88" ten="295,154,249,282" oya="0" hai0="77,3,70,50,54,65,75,118,60,56,69,29,25" hai1="96,98,87,66,10,43,9,134,124,78,24,52,23" hai2="107,100,59,103,81,95,45,38,128,58,71,85,68" hai3="63,62,7,127,131,83,94,129,113,35,51,30,117"/><T48/><D3/><U67/><E43/><V6/><F107/><W130/><G113/><T8/><D118/><U21/><E134/><V99/><F103/><W28/><G117/><T125/><D8/><N who="1" m="3179" /><E124/><V73/><F73/><W37/><G37/><T105/><D105/><U36/><E36/><V13/><F128/><W55/><G127/><T57/><D125/><U17/><E23/><V31/><F31/><N who="3" m="11819" /><G7/><T72/><D77/><U44/><E87/><V112/><F112/><W42/><G42/><T0/><D0/><U90/><E78/><V27/><F71/><W119/><G119/><T135/><D135/><U91/><E91/><V12/><F68/><W41/><G41/><T14/><D69/><U86/><E98/><V80/><F6/><W89/><G83/><T102/><D102/><U46/><E96/><V18/><F38/><W5/><G35/><T34/><D14/><N who="2" m="5738" /><F80/><W126/><G5/><T61/><D70/><U79/><E79/><N who="2" m="46271" /><F45/><N who="1" m="17513" /><E52/><V97/><F97/><N who="3" m="57551" /><G126/><T110/><D110/><U106/><E106/><V109/><F109/><W133/><G133/><T116/><D116/><U1/><E1/><V108/><F108/><W120/><G131/><T74/><AGARI ba="2,2" hai="25,29,34,48,50,54,56,57,60,61,65,72,74,75" machi="74" ten="30,1500,0" yaku="0,1" doraHai="88" who="0" fromWho="0" sc="295,41,154,-7,249,-7,282,-7" owari="336,43.6,147,-35.3,242,-15.8,275,7.5" /></mjloggm>