<mjloggm ver="2.3"><GO type="169" lobby="0"/><UN n0="%48%41%43%4F" n1="%31%35%2E%31%35%63%6D" n2="%E3%81%AA%E3%82%93%E3%81%93%E3%81%86" n3="%74%65%63%68%74%6F" dan="16,16,16,17" rate="2065.46,2135.87,2055.81,2134.11" sx="M,M,M,M"/><TAIKYOKU oya="0"/><INIT seed="0,0,0,3,0,112" ten="250,250,250,250" oya="0" hai0="117,79,8,47,7,88,14,27,6,92,131,78,67" hai1="37,69,16,43,130,119,82,65,100,56,97,72,36" hai2="128,53,74,90,51,66,121,23,103,105,76,94,81" hai3="75,126,114,30,19,106,60,20,134,120,135,98,0"/><T15/><D131/><U116/><E130/><V133/><F128/><W89/><G114/><T1/><D117/><N who="1" m="45131" /><E16/><V84/><F121/><W45/><G19/><T22/><D1/><U11/><E11/><V83/><F66/><W124/><G0/><T2/><D2/><U80/><E80/><V3/><F3/><W129/><G75/><T29/><D67/><U4/><E56/><V99/><F133/><W24/><G129/><T52/><D15/><U125/><E4/><V85/><F23/><W123/><G60/><T118/><D6/><U101/><E101/><V95/><F53/><W71/><G71/><T35/><D35/><U25/><E25/><V127/><F51/><W42/><G106/><T68/><D68/><U10/><E10/><V17/><F17/><W86/><G98/><N who="0" m="57607" /><D118/><U108/><E43/><V26/><F26/><W41/><G41/><T9/><D9/><U13/><E13/><V111/><F111/><W21/><G21/><T77/><D77/><N who="1" m="44327" /><E108/><V46/><F46/><W62/><G45/><T44/><D44/><U132/><E132/><N who="3" m="50730" /><G42/><T104/><D104/><N who="1" m="63503" /><E125/><N who="3" m="48234" /><G62/><AGARI ba="0,0" hai="36,37,62,65,69" m="63503,44327,45131" machi="62" ten="30,7700,0" yaku="23,1,52,3" doraHai="112" who="1" fromWho="3" sc="250,0,250,77,250,0,250,-77" /><INIT seed="1,0,0,1,2,22" ten="250,327,250,173" oya="1" hai0="1,128,15,90,114,115,120,98,36,81,87,75,76" hai1="8,46,12,37,108,57,38,72,49,82,44,97,119" hai2="73,24,47,26,88,91,50,121,14,60,68,77,83" hai3="48,56,7,33,21,117,2,42,20,64,107,112,40"/><U51/><E119/><V10/><F121/><W23/><G107/><T25/><D1/><U43/><E108/><V129/><F129/><W17/><G33/><T126/><D36/><U132/><E132/><V125/><F125/><W52/><G112/><T74/><D25/><N who="2" m="9834" /><F68/><W102/><G2/><T135/><D15/><U105/><E57/><V85/><F60/><W0/><G0/><T16/><D16/><U113/><E113/><V53/><F73/><N who="0" m="27658" /><D128/><U69/><E69/><V79/><F91/><W86/><G117/><T30/><D30/><U124/><E124/><V96/><F96/><W104/><G104/><T78/><D126/><U54/><E97/><V9/><F9/><W111/><G111/><T80/><D120/><U63/><E63/><V3/><F3/><W122/><G122/><T123/><D123/><U59/><E105/><V118/><F118/><W32/><G32/><T62/><D62/><U13/><E8/><V66/><F66/><W127/><G64/><T18/><D135/><U4/><E37/><V130/><F130/><W6/><G127/><T110/><D110/><U95/><E38/><V35/><F35/><W5/><G102/><T106/><D98/><U31/><E13/><V92/><F92/><W19/><REACH who="3" step="1"/><G86/><REACH who="3" ten="250,327,250,163" step="2"/><N who="0" m="50503" /><D106/><U93/><E72/><V34/><F34/><W67/><G67/><T11/><D115/><U58/><E12/><V109/><F109/><W70/><G70/><T89/><D114/><U27/><E27/><V99/><F99/><W131/><G131/><T55/><D87/><U94/><E31/><V100/><F100/><W61/><G61/><RYUUKYOKU ba="0,1" sc="250,-15,327,-15,250,15,163,15" hai2="10,14,47,50,53,77,79,83,85,88" hai3="5,6,7,17,19,20,21,23,40,42,48,52,56" /><INIT seed="2,1,1,0,5,49" ten="235,312,265,178" oya="2" hai0="106,134,81,19,37,100,9,99,26,3,47,57,126" hai1="82,104,90,23,53,75,129,98,87,95,5,61,121" hai2="33,52,59,22,28,76,68,77,11,119,13,70,79" hai3="25,102,16,31,69,80,107,20,117,114,35,127,91"/><V89/><F119/><W84/><G117/><T8/><D134/><U101/><E129/><V74/><F33/><W92/><G127/><T39/><D126/><U42/><E121/><V12/><F74/><W116/><G116/><T128/><D128/><U93/><E42/><V1/><F89/><W124/><G124/><T83/><D3/><U43/><E43/><V36/><F36/><W64/><G114/><T21/><D47/><U71/><E5/><V132/><F1/><W41/><G41/><T118/><D118/><U66/><E23/><V72/><F72/><W29/><G107/><T63/><D39/><U17/><E17/><V40/><F40/><W62/><G35/><T122/><D122/><U32/><E32/><V96/><F96/><W94/><G102/><T14/><D9/><U86/><E75/><V65/><F132/><W135/><G135/><T113/><D113/><U0/><E0/><V109/><F109/><W48/><REACH who="3" step="1"/><G48/><REACH who="3" ten="235,312,265,168" step="2"/><T133/><D133/><U85/><E104/><V15/><F11/><W97/><G97/><T55/><REACH who="0" step="1"/><D37/><REACH who="0" ten="225,312,265,168" step="2"/><U58/><REACH who="1" step="1"/><E82/><REACH who="1" ten="225,302,265,168" step="2"/><V18/><F28/><AGARI ba="1,4" hai="16,20,25,28,29,31,62,64,69,80,84,91,92,94" machi="28" ten="40,2600,0" yaku="1,1,54,1,53,0" doraHai="49" doraHaiUra="105" who="3" fromWho="2" sc="225,0,302,0,265,-29,168,69" /><AGARI ba="1,0" hai="8,14,19,21,26,28,55,57,63,81,83,99,100,106" machi="28" ten="30,7700,0" yaku="1,1,2,1,7,1,52,1,53,0" doraHai="49" doraHaiUra="105" who="0" fromWho="2" sc="225,77,302,0,236,-77,237,0" /><INIT seed="3,0,0,1,2,32" ten="302,302,159,237" oya="3" hai0="21,109,2,1,7,130,95,6,123,60,29,15,90" hai1="59,119,79,31,107,11,111,43,61,112,120,76,131" hai2="58,67,53,74,24,88,129,82,62,36,13,92,25" hai3="106,81,121,3,47,33,133,45,5,110,94,66,100"/><W22/><G121/><T134/><D123/><U78/><E120/><V127/><F36/><W65/><G133/><T41/><D134/><U26/><E112/><V17/><F129/><W72/><G33/><T102/><D102/><U46/><E131/><V118/><F118/><W86/><G22/><T27/><D130/><U16/><E111/><V71/><F127/><W35/><G35/><T85/><D109/><U128/><E128/><V135/><F135/><W80/><G106/><T51/><D60/><U30/><E107/><V132/><F132/><W105/><G105/><T77/><D77/><U12/><E26/><V37/><F37/><W39/><G47/><T87/><D87/><U40/><E119/><V20/><F82/><W56/><G56/><T28/><D28/><N who="1" m="10795" /><E46/><V68/><F74/><W52/><G100/><T89/><D89/><U64/><AGARI ba="0,0" hai="11,12,16,40,43,59,61,64,76,78,79" m="10795" machi="64" ten="30,2000,0" yaku="8,1,54,1" doraHai="32" who="1" fromWho="1" sc="302,-5,302,20,159,-5,237,-10" /><INIT seed="4,0,0,2,0,82" ten="297,322,154,227" oya="0" hai0="19,22,6,2,60,116,112,48,77,103,76,81,135" hai1="105,57,61,65,9,1,90,91,24,132,87,17,113" hai2="21,133,69,131,80,39,75,41,73,88,29,55,83" hai3="13,51,0,114,35,7,45,70,85,32,52,10,89"/><T58/><D112/><U23/><E105/><V71/><F131/><W109/><G109/><T130/><D135/><U14/><E132/><V25/><F133/><W53/><G114/><T15/><D130/><U64/><E113/><V34/><F55/><W123/><G70/><T50/><D2/><U59/><E1/><V38/><F21/><W96/><G96/><T134/><D116/><U43/><E43/><V74/><F41/><W92/><G123/><T33/><D33/><U31/><E91/><V42/><F42/><W108/><G108/><T101/><D6/><U63/><E63/><V124/><F124/><W8/><REACH who="3" step="1"/><G53/><REACH who="3" ten="297,322,154,217" step="2"/><N who="0" m="33871" /><D134/><U127/><E127/><V107/><F107/><W66/><G66/><N who="1" m="25706" /><E61/><V104/><F104/><W47/><G47/><T3/><D103/><U36/><E36/><V110/><F110/><W86/><G86/><N who="0" m="48423" /><D101/><U93/><AGARI ba="0,1" hai="9,14,17,23,24,31,57,59,87,90,93" m="25706" machi="93" ten="30,2000,0" yaku="8,1,52,1" doraHai="82" who="1" fromWho="1" sc="297,-10,322,30,154,-5,217,-5" /><INIT seed="5,0,0,4,4,130" ten="287,352,149,212" oya="1" hai0="94,5,92,54,12,51,48,21,20,135,35,101,118" hai1="124,61,55,132,85,56,67,87,64,45,53,32,33" hai2="103,104,86,6,28,69,52,31,81,89,0,14,90" hai3="114,109,99,78,19,91,108,95,129,42,3,72,110"/><U113/><E113/><V16/><F69/><W70/><G70/><T77/><D35/><U98/><E98/><V105/><F0/><W57/><G3/><T47/><D118/><U76/><E124/><V11/><F104/><W17/><G42/><T96/><D77/><U18/><E18/><V121/><F121/><W75/><G114/><T74/><D74/><U117/><E45/><V112/><F112/><W59/><G129/><T65/><D65/><U13/><E13/><V58/><F6/><W127/><G127/><T93/><D135/><U37/><E37/><V62/><REACH who="2" step="1"/><F89/><REACH who="2" ten="287,352,139,212" step="2"/><W34/><G109/><T111/><D111/><U100/><E117/><V46/><F46/><W8/><G91/><T125/><D125/><U73/><E100/><V120/><F120/><W83/><G110/><T68/><D68/><U44/><E44/><V38/><F38/><W84/><G108/><T80/><D5/><U71/><E71/><V22/><F22/><W43/><G34/><T40/><D21/><U128/><E128/><V2/><F2/><W27/><G8/><T106/><D20/><U4/><E4/><V23/><F23/><W133/><G133/><T119/><D119/><U50/><E132/><V39/><F39/><W79/><G17/><T63/><D12/><U123/><E123/><V15/><F15/><W122/><G19/><T30/><D106/><U60/><E33/><V25/><F25/><W7/><G27/><T36/><D36/><U10/><E10/><V66/><F66/><N who="1" m="25129" /><E32/><V115/><F115/><W41/><G122/><T134/><D134/><U88/><E88/><RYUUKYOKU ba="0,1" sc="287,-10,352,-10,139,30,212,-10" hai2="11,14,16,28,31,52,58,62,81,86,90,103,105" /><INIT seed="6,1,1,3,2,57" ten="277,342,169,202" oya="2" hai0="82,24,112,50,13,128,108,78,23,101,52,31,15" hai1="33,54,20,45,103,83,42,67,62,25,64,43,129" hai2="116,48,135,119,133,89,71,98,109,120,104,100,8" hai3="74,46,5,10,93,105,126,121,21,68,127,47,7"/><V91/><F71/><W28/><G105/><T26/><D108/><U134/><E33/><V92/><F48/><W60/><G74/><T132/><D112/><U95/><E129/><V80/><F8/><W35/><G35/><T14/><D128/><U123/><E134/><N who="2" m="51211" /><F120/><W106/><G106/><T56/><D132/><U66/><E123/><V40/><F40/><W113/><G121/><T102/><REACH who="0" step="1"/><D26/><REACH who="0" ten="267,342,169,202" step="2"/><U107/><E25/><V110/><F110/><W53/><G113/><T1/><D1/><U131/><E131/><V79/><F109/><W16/><G127/><T32/><D32/><U2/><E2/><V70/><F70/><W38/><G126/><T69/><D69/><U118/><E118/><N who="2" m="45099" /><F104/><W86/><G68/><T61/><D61/><U73/><E62/><V122/><F122/><W58/><G60/><T97/><D97/><U4/><E107/><V17/><F17/><W87/><G16/><T99/><D99/><U18/><E18/><V72/><AGARI ba="1,2" hai="72,79,80,89,91,92,98,100" m="45099,51211" machi="72" ten="30,6000,0" yaku="20,1,34,2" doraHai="57" who="2" fromWho="2" sc="267,-21,342,-21,169,83,202,-21" /><INIT seed="6,2,0,5,4,117" ten="246,321,252,181" oya="2" hai0="65,123,35,93,69,87,94,85,26,27,109,84,71" hai1="0,103,72,32,76,116,6,64,42,48,59,113,82" hai2="51,75,17,31,133,9,108,7,45,105,23,134,81" hai3="3,66,120,50,91,41,12,13,34,58,46,28,38"/><V1/><F105/><W33/><G3/><T126/><D109/><U124/><E116/><V68/><F68/><W57/><G91/><T98/><D65/><U122/><E32/><V125/><F125/><W128/><G128/><T60/><D60/><U18/><E103/><V88/><F108/><W11/><G28/><T135/><D35/><U107/><E107/><V8/><F31/><W131/><G131/><T99/><D87/><U127/><E113/><V118/><F118/><W14/><G11/><T20/><D20/><U63/><E18/><V29/><F29/><W119/><G119/><T110/><D110/><U96/><E96/><V2/><F75/><W114/><G34/><T130/><D130/><U62/><E62/><V70/><F70/><W100/><G33/><T49/><D49/><U37/><E48/><V89/><F81/><W112/><G100/><T79/><D79/><U104/><E104/><V52/><F133/><W115/><G120/><T44/><D44/><N who="1" m="23631" /><E122/><V36/><F36/><W54/><REACH who="3" step="1"/><G66/><REACH who="3" ten="246,321,252,171" step="2"/><T132/><D126/><U4/><E0/><V21/><F134/><W15/><N who="3" m="3072" /><DORA hai="19" /><W61/><G61/><T22/><D22/><N who="2" m="8202" /><F1/><W55/><G55/><T5/><D5/><U111/><E111/><V16/><F8/><W73/><G73/><T56/><D123/><U77/><E127/><V78/><F78/><W40/><G40/><T92/><D135/><U86/><E124/><V39/><F2/><W30/><G30/><T25/><D132/><U121/><E121/><V95/><F7/><N who="1" m="2601" /><E77/><V74/><F74/><W53/><G53/><T10/><D10/><RYUUKYOKU ba="2,1" sc="246,-15,321,15,252,-15,171,15" hai1="59,63,64,72,76,82,86" hai3="38,41,46,50,54,57,58,112,114,115" /><INIT seed="7,3,1,5,5,34" ten="231,336,237,186" oya="3" hai0="100,105,57,18,10,64,134,44,98,73,77,9,109" hai1="112,74,104,56,70,120,50,45,129,36,62,82,87" hai2="121,1,78,108,117,37,32,76,75,47,35,91,28" hai3="25,11,71,89,68,65,111,54,106,59,5,20,48"/><W90/><G111/><T66/><D109/><U63/><E104/><V110/><F117/><W23/><G106/><T118/><D118/><U93/><E74/><V61/><F121/><W85/><G90/><T43/><D73/><U41/><E120/><V94/><F61/><W26/><G65/><T19/><D66/><U52/><E112/><V24/><F35/><W113/><G113/><T96/><D134/><U39/><E129/><V86/><F78/><W67/><G67/><T103/><D77/><U2/><E2/><V83/><REACH who="2" step="1"/><F1/><REACH who="2" ten="231,336,227,186" step="2"/><W4/><G71/><T49/><D64/><U16/><E63/><V46/><F46/><W95/><G68/><T29/><D57/><U79/><E70/><V21/><F21/><N who="3" m="8267" /><G11/><T97/><D10/><U58/><E58/><V15/><F15/><W8/><G8/><T22/><D9/><U38/><E56/><V14/><F14/><W42/><G42/><AGARI ba="3,2" hai="24,28,32,37,42,47,75,76,83,86,91,94,108,110" machi="42" ten="40,1300,0" yaku="1,1,53,0" doraHai="34" doraHaiUra="132" who="2" fromWho="3" sc="231,0,336,0,227,42,186,-22" owari="231,-16.9,336,43.6,269,6.9,164,-33.6" /></mjloggm>