<mjloggm ver="2.3"><GO type="169" lobby="0"/><UN n0="%E6%9C%88%E5%A4%9C%E3%81%AB%E9%A2%A8" n1="%E8%BF%B7%E3%82%8F%E3%81%9A%E6%8A%BC%E3%81%9B%E3%82%88" n2="%E4%B9%9D%E7%B4%8B%E9%BE%8D%E5%8F%B2%E9%80%B2" n3="%48%61%6C%66%73" dan="16,17,19,17" rate="2060.44,2224.78,2281.83,2163.78" sx="M,M,M,M"/><TAIKYOKU oya="0"/><INIT seed="0,0,0,2,1,87" ten="250,250,250,250" oya="0" hai0="66,15,20,130,19,0,68,126,6,33,43,56,29" hai1="53,90,34,124,74,125,31,129,40,52,133,91,25" hai2="94,122,105,13,64,85,1,88,83,41,97,80,51" hai3="36,89,42,111,38,65,119,98,62,79,123,69,112"/><T113/><D68/><U86/><E74/><V47/><F122/><W14/><G112/><T134/><D113/><U59/><E133/><V70/><F1/><W23/><G119/><T57/><D134/><U35/><E129/><V92/><F105/><W11/><G111/><T107/><D107/><U82/><E34/><V67/><F13/><W114/><G114/><T115/><D115/><U3/><E40/><V135/><F135/><W24/><G79/><T54/><D126/><N who="1" m="48747" /><E3/><V103/><F70/><W128/><G42/><T44/><D66/><AGARI ba="0,0" hai="41,47,51,64,66,67,80,83,85,88,92,94,97,103" machi="66" ten="40,5200,0" yaku="8,1,52,1,54,1" doraHai="87" who="2" fromWho="0" sc="250,-52,250,0,250,52,250,0" /><INIT seed="1,0,0,4,5,111" ten="198,250,302,250" oya="1" hai0="16,65,10,23,19,22,133,60,93,53,41,126,29" hai1="85,130,12,78,45,7,94,92,71,47,33,35,11" hai2="30,99,40,119,82,88,75,5,9,62,89,43,2" hai3="38,67,114,13,70,64,107,112,87,57,52,81,17"/><U102/><E71/><V8/><F119/><W37/><G107/><T101/><D126/><U44/><E130/><V21/><F9/><W98/><G98/><N who="0" m="59599" /><D133/><U18/><E102/><V121/><F121/><W106/><G106/><T46/><D65/><U113/><E113/><V59/><F30/><W110/><G110/><T49/><D10/><U1/><E78/><V58/><F21/><N who="0" m="7690" /><D29/><U26/><E1/><V54/><F59/><AGARI ba="0,0" hai="16,19,41,46,49,53,59,60" m="7690,59599" machi="59" ten="30,2000,0" yaku="8,1,54,1" doraHai="111" who="0" fromWho="2" sc="198,20,250,0,302,-20,250,0" /><INIT seed="2,0,0,0,4,103" ten="218,250,282,250" oya="2" hai0="135,22,64,55,126,5,121,57,133,31,21,128,90" hai1="11,75,8,39,96,54,53,102,105,9,19,17,7" hai2="46,100,48,74,109,0,56,32,120,71,129,33,35" hai3="59,68,113,87,45,20,112,82,115,86,50,79,3"/><V130/><F71/><W10/><G68/><T127/><D121/><U67/><E39/><V106/><F120/><W84/><G59/><T15/><D64/><U60/><E75/><V81/><F0/><W92/><G20/><T25/><D90/><U72/><E72/><V99/><F56/><W1/><G10/><N who="0" m="4559" /><D55/><U65/><E7/><V12/><F12/><W66/><G66/><T38/><D38/><U29/><E65/><V28/><F28/><W101/><G101/><T49/><D49/><U58/><E29/><V4/><F4/><W98/><G98/><T94/><D94/><U63/><REACH who="1" step="1"/><E53/><REACH who="1" ten="218,240,282,250" step="2"/><V111/><F74/><W26/><G112/><T91/><D31/><U117/><E117/><V34/><F81/><W95/><G113/><T116/><D116/><U107/><E107/><V134/><F134/><W125/><G115/><T78/><D135/><U70/><AGARI ba="0,1" hai="8,9,11,17,19,54,58,60,63,67,70,96,102,105" machi="70" ten="30,7900,0" yaku="1,1,0,1,52,1,53,1" doraHai="103" doraHaiUra="52" who="1" fromWho="1" sc="218,-20,240,89,282,-39,250,-20" /><INIT seed="3,0,0,4,1,20" ten="198,329,243,230" oya="3" hai0="89,31,108,54,56,84,46,32,75,82,8,10,81" hai1="71,24,83,14,120,13,43,110,121,92,95,91,4" hai2="69,119,48,29,97,132,65,6,59,90,118,18,19" hai3="124,21,26,5,96,37,134,126,1,131,64,114,88"/><W80/><G37/><T99/><D108/><U23/><E71/><V123/><F69/><W22/><G114/><T127/><D127/><N who="3" m="48681" /><G131/><T93/><D46/><U77/><E110/><V25/><F6/><W15/><G134/><T113/><D113/><U128/><E43/><V9/><F132/><W66/><G1/><T11/><D75/><U102/><E102/><V100/><F90/><W51/><G51/><T101/><D32/><U47/><E47/><V58/><F123/><W87/><G96/><T39/><D31/><U30/><E92/><V103/><F103/><W115/><G115/><T3/><D39/><U62/><E62/><V12/><F19/><N who="3" m="10495" /><G5/><T52/><D3/><U35/><E128/><V38/><F38/><W40/><G40/><T76/><D76/><U57/><E4/><V86/><F48/><W0/><G0/><T129/><D129/><U50/><E120/><V105/><F86/><W112/><G112/><T49/><REACH who="0" step="1"/><D54/><REACH who="0" ten="188,329,243,230" step="2"/><U61/><E121/><V72/><F72/><W55/><G55/><T41/><D41/><U42/><E42/><V34/><REACH who="2" step="1"/><F65/><REACH who="2" ten="188,329,233,230" step="2"/><W116/><G116/><AGARI ba="0,2" hai="9,12,18,25,29,34,58,59,97,100,105,116,118,119" machi="116" ten="40,5200,0" yaku="1,1,2,1,52,1,53,0" doraHai="20" doraHaiUra="79" who="2" fromWho="3" sc="188,0,329,0,233,72,230,-52" /><INIT seed="4,0,0,4,4,70" ten="188,329,305,178" oya="0" hai0="3,18,8,75,131,36,64,103,108,118,134,113,32" hai1="122,95,120,100,114,31,21,111,67,43,89,79,11" hai2="51,93,28,33,42,88,12,52,78,90,135,4,63" hai3="56,69,54,91,9,19,121,124,102,85,72,96,58"/><T48/><RYUUKYOKU type="yao9" ba="0,0" sc="188,0,329,0,305,0,178,0" hai0="3,8,18,32,36,48,64,75,103,108,113,118,131,134" /><INIT seed="4,1,0,4,5,93" ten="188,329,305,178" oya="0" hai0="66,31,101,125,42,118,29,23,74,105,51,61,24" hai1="62,35,135,41,115,99,38,116,127,133,54,123,117" hai2="4,64,10,0,120,32,108,86,44,67,40,47,124" hai3="18,90,46,79,81,3,132,82,16,12,89,15,77"/><T112/><D118/><U53/><E35/><V76/><F120/><W111/><G46/><T134/><D112/><U87/><E87/><V114/><F114/><W97/><G3/><T85/><D74/><U102/><E115/><V106/><F108/><W92/><G132/><N who="1" m="50762" /><E123/><V27/><F44/><W17/><G111/><T2/><D2/><U122/><E122/><V14/><F124/><W95/><G17/><T8/><D125/><U20/><E127/><V28/><F106/><W130/><G130/><T13/><D31/><U72/><E72/><V56/><F56/><W49/><G49/><T25/><D25/><U98/><E41/><V48/><REACH who="2" step="1"/><F0/><REACH who="2" ten="188,329,295,178" step="2"/><W1/><G1/><T60/><D134/><U36/><E117/><V70/><F70/><W34/><G34/><T52/><D105/><U7/><E116/><V119/><F119/><W39/><G39/><T91/><D42/><U26/><E36/><V75/><F75/><W37/><G37/><T5/><D66/><U50/><E38/><V126/><F126/><W22/><REACH who="3" step="1"/><G22/><REACH who="3" ten="188,329,295,168" step="2"/><T129/><D23/><U103/><E20/><V109/><F109/><W21/><G21/><T63/><D129/><U33/><E33/><V83/><AGARI ba="1,2" hai="4,10,14,27,28,32,40,47,48,64,67,76,83,86" machi="83" ten="30,8000,1" yaku="1,1,0,1,25,2,53,1" doraHai="93" doraHaiUra="78" who="2" fromWho="2" sc="188,-41,329,-21,295,103,168,-21" /><INIT seed="5,0,0,0,5,104" ten="147,308,398,147" oya="1" hai0="108,63,126,118,88,5,45,82,51,103,74,20,48" hai1="0,80,47,32,35,94,25,28,128,31,127,131,46" hai2="21,56,23,38,3,34,61,7,110,65,54,16,79" hai3="19,52,36,129,62,125,37,44,100,50,30,59,112"/><U39/><E0/><V90/><F110/><W18/><G112/><T10/><D108/><U33/><E127/><V130/><F34/><W8/><G125/><T13/><D126/><U117/><E117/><V40/><F130/><N who="1" m="49705" /><E94/><V2/><F23/><W57/><G129/><T120/><D118/><U115/><E115/><V24/><F7/><W26/><G100/><T15/><D120/><U114/><E114/><V67/><F79/><W135/><G135/><T68/><D103/><U9/><E9/><V4/><F38/><W14/><G19/><T116/><D116/><U12/><E12/><V60/><F40/><W134/><G59/><T99/><D68/><U83/><E25/><V49/><F4/><W1/><G1/><T97/><D63/><U109/><E39/><V121/><F121/><W91/><G91/><T105/><D105/><U22/><E22/><V122/><F122/><W6/><G6/><T101/><D101/><U11/><E11/><V55/><F55/><W93/><G93/><T92/><D15/><U106/><E106/><V42/><F42/><W98/><G98/><T29/><D99/><U124/><E124/><V69/><REACH who="2" step="1"/><F90/><REACH who="2" ten="147,308,388,147" step="2"/><W123/><G123/><T76/><REACH who="0" step="1"/><D45/><AGARI ba="0,1" hai="2,3,16,21,24,45,49,54,56,60,61,65,67,69" machi="45" ten="30,7700,0" yaku="1,1,2,1,7,1,54,1,53,0" doraHai="104" doraHaiUra="70" who="2" fromWho="0" sc="147,-77,308,0,388,87,147,0" /><INIT seed="6,0,0,4,3,91" ten="70,308,475,147" oya="2" hai0="64,60,47,113,44,104,43,33,87,118,23,81,45" hai1="37,59,5,99,86,41,102,112,11,108,29,94,103" hai2="93,70,49,24,1,100,119,39,55,97,134,15,7" hai3="62,115,123,82,127,21,129,121,27,19,84,135,106"/><V18/><F119/><W42/><G129/><T50/><D104/><U130/><E130/><V20/><F70/><W54/><G135/><T75/><D33/><U88/><E108/><V48/><F39/><W72/><G127/><T111/><D75/><U110/><E110/><V32/><F134/><W66/><G72/><T83/><D111/><U17/><E112/><V22/><F32/><W0/><G0/><T133/><D118/><U16/><E29/><V85/><F1/><W67/><G42/><T78/><D113/><U98/><E41/><V68/><F68/><W52/><G106/><T125/><D125/><U92/><E37/><V74/><F74/><W6/><G6/><T51/><D133/><U116/><E59/><V96/><F85/><W132/><G67/><T56/><D83/><U90/><E116/><V101/><F55/><W65/><G65/><T107/><D107/><U40/><E40/><V131/><F131/><W36/><G36/><T2/><D2/><U34/><E34/><V14/><F14/><W69/><G115/><T105/><D105/><U126/><E126/><V58/><F58/><W109/><G109/><T95/><D23/><U31/><E31/><N who="2" m="17799" /><F7/><W46/><G54/><T124/><D124/><U25/><E86/><V63/><F63/><W53/><G53/><N who="0" m="29895" /><D47/><U73/><E73/><V122/><F122/><W8/><G132/><T120/><D120/><U61/><E61/><V38/><F38/><W77/><G121/><T28/><D28/><U57/><E57/><V89/><F48/><N who="3" m="28695" /><G123/><T13/><D13/><N who="1" m="7231" /><E5/><V26/><F49/><W30/><G30/><RYUUKYOKU ba="0,0" sc="70,10,308,10,475,-30,147,10" hai0="43,45,51,56,60,64,78,81,87,95" hai1="17,25,88,90,92,94,98,99,102,103" hai3="8,19,21,27,62,66,69,77,82,84" /><INIT seed="7,1,0,3,5,69" ten="80,318,445,157" oya="3" hai0="125,16,39,4,34,43,64,60,40,18,122,11,3" hai1="9,82,33,98,50,134,92,102,62,81,106,72,24" hai2="83,113,95,101,7,22,42,1,75,28,135,31,0" hai3="54,132,66,37,107,127,97,90,74,86,45,58,15"/><W21/><G74/><T68/><D122/><U13/><E134/><V52/><F135/><W131/><G132/><T12/><D125/><U23/><E33/><V91/><F113/><W10/><G21/><T20/><D34/><U41/><E106/><V104/><F42/><W55/><G131/><T94/><D39/><U76/><E72/><V93/><F52/><W123/><G66/><T17/><D18/><U53/><E41/><V2/><F7/><W73/><G73/><T129/><D129/><U19/><E62/><V49/><F49/><W110/><G110/><T59/><D68/><U112/><E76/><V56/><F56/><W100/><G127/><T128/><D128/><U57/><E112/><V87/><F95/><W32/><G32/><T70/><D70/><U103/><E102/><V77/><F22/><W8/><G8/><T78/><D78/><U126/><E126/><V48/><F48/><W5/><G58/><T65/><D65/><U47/><E57/><V51/><F51/><W26/><G26/><T109/><D109/><U117/><E117/><V80/><F80/><W130/><G123/><T108/><D108/><U114/><E114/><V133/><F133/><W120/><G10/><T85/><REACH who="0" step="1"/><D17/><AGARI ba="1,0" hai="9,13,17,19,23,24,47,50,53,81,82,92,98,103" machi="17" ten="30,2000,0" yaku="7,1,8,1" doraHai="69" who="1" fromWho="0" sc="80,-23,318,23,445,0,157,0" owari="57,-44.3,341,14.1,445,54.5,157,-24.3" /></mjloggm>