<mjloggm ver="2.3"><GO type="169" lobby="0"/><UN n0="%E6%9D%91%E4%BA%95%E3%82%A2%E3%83%9E%E3%82%A6%E3%83%AA" n1="%E7%8C%AA%E7%8B%A9%E5%AE%88" n2="%46%E5%92%B8%E9%AD%9A%E5%92%B8%E9%AD%9A%E5%92%B8" n3="%E7%99%BE%E9%87%8E%E3%81%95%E3%82%93" dan="16,17,16,17" rate="2098.63,2193.86,2072.60,2207.59" sx="M,M,M,M"/><TAIKYOKU oya="0"/><INIT seed="0,0,0,2,5,110" ten="250,250,250,250" oya="0" hai0="38,112,45,26,76,62,48,29,99,122,116,1,77" hai1="59,87,6,108,96,50,7,131,31,125,97,78,42" hai2="82,70,95,94,28,75,84,21,56,113,124,69,126" hai3="37,46,11,3,127,109,36,41,123,40,60,119,19"/><T4/><D116/><U15/><E108/><V49/><F75/><W93/><G109/><T9/><D122/><U134/><E131/><V67/><F95/><W129/><G119/><T85/><D38/><U24/><E134/><V33/><F94/><W22/><G129/><T133/><D133/><U43/><E125/><N who="2" m="48235" /><F33/><W5/><G127/><T63/><D99/><U72/><E42/><V13/><F113/><W51/><G123/><T79/><D112/><U65/><E7/><V101/><F101/><W35/><G35/><T130/><D130/><U120/><E72/><V68/><F49/><W121/><G121/><T80/><D77/><U104/><E104/><V57/><F67/><W91/><G41/><T107/><D107/><U17/><E65/><V118/><F118/><W55/><G60/><T103/><D103/><U74/><E74/><V114/><F114/><W83/><G83/><T53/><REACH who="0" step="1"/><D76/><REACH who="0" ten="240,250,250,250" step="2"/><U66/><E78/><N who="2" m="46167" /><F28/><W132/><G132/><T27/><D27/><U89/><E31/><V54/><F54/><W47/><G37/><T39/><D39/><U30/><E30/><V10/><F21/><AGARI ba="0,1" hai="1,4,9,21,26,29,45,48,53,62,63,79,80,85" machi="21" ten="30,2900,0" yaku="1,1,7,1,53,0" doraHai="110" doraHaiUra="117" who="0" fromWho="2" sc="240,39,250,0,250,-29,250,0" /><INIT seed="0,1,0,2,4,43" ten="279,250,221,250" oya="0" hai0="23,135,46,51,35,134,57,20,9,22,74,14,68" hai1="45,36,71,114,63,104,56,26,10,128,42,88,115" hai2="69,41,33,109,111,75,124,30,125,2,40,19,132" hai3="5,78,118,103,91,95,48,62,11,110,12,24,93"/><T97/><D74/><U89/><E128/><V6/><F75/><W34/><G118/><T102/><D35/><U64/><E104/><V120/><F69/><W61/><G110/><N who="2" m="41993" /><F120/><W117/><G117/><T81/><D68/><U105/><E105/><V39/><F132/><N who="0" m="50730" /><D81/><U52/><E26/><N who="2" m="18647" /><F19/><W77/><G34/><T27/><D57/><U121/><E10/><N who="2" m="2391" /><F39/><W65/><G24/><T25/><D14/><U90/><REACH who="1" step="1"/><E121/><REACH who="1" ten="279,240,221,250" step="2"/><V98/><F98/><W79/><G11/><T73/><D9/><U129/><E129/><V47/><F125/><W100/><G5/><T126/><D126/><U72/><E72/><V32/><F124/><W8/><G8/><T96/><D73/><U108/><E108/><V29/><F32/><W44/><G12/><T101/><D97/><U54/><E54/><V106/><F106/><W131/><G131/><T94/><D102/><U16/><E16/><V107/><F29/><W58/><G103/><T84/><D84/><U13/><E13/><V92/><F107/><W87/><G100/><T80/><D80/><U86/><E86/><V59/><F92/><W133/><G95/><T50/><D50/><AGARI ba="1,1" hai="36,42,45,50,52,56,63,64,71,88,89,90,114,115" machi="50" ten="40,12000,2" yaku="1,1,24,2,52,1,54,2,53,0" doraHai="43" doraHaiUra="99" who="1" fromWho="0" sc="279,-123,240,133,221,0,250,0" /><INIT seed="1,0,0,1,0,93" ten="156,373,221,250" oya="1" hai0="12,83,126,53,120,71,35,34,116,78,122,63,112" hai1="3,97,121,76,115,64,14,21,4,129,114,50,73" hai2="56,7,59,33,49,62,44,100,113,6,85,125,11" hai3="47,96,30,88,41,5,68,55,75,42,24,72,94"/><U79/><E121/><V132/><F33/><W46/><G68/><T36/><D36/><U95/><E3/><V77/><F132/><W84/><G55/><T60/><D112/><U65/><E129/><V98/><F125/><W134/><G134/><T92/><D116/><U38/><E38/><V91/><F113/><W82/><G5/><T28/><D126/><U48/><E73/><V40/><F77/><N who="1" m="29769" /><E115/><V45/><F45/><W119/><G119/><T9/><D28/><U124/><E124/><V8/><F8/><W104/><G104/><T135/><D135/><U106/><E106/><V51/><F51/><N who="1" m="19497" /><E114/><V10/><F10/><W130/><G130/><T0/><D9/><N who="1" m="4391" /><E21/><V109/><F109/><W131/><G131/><T103/><D35/><U23/><E23/><V80/><F6/><W123/><G123/><T70/><D34/><U17/><E17/><V27/><F27/><W66/><G75/><T29/><D0/><U58/><E58/><V105/><REACH who="2" step="1"/><F62/><REACH who="2" ten="156,373,211,250" step="2"/><W99/><G24/><T89/><D63/><U69/><E69/><V37/><F37/><W32/><G32/><T128/><D60/><U31/><E31/><V110/><F110/><W54/><G30/><T15/><D29/><U74/><E74/><V39/><F39/><W86/><G72/><T20/><D71/><U25/><E25/><V57/><F57/><W19/><G47/><T108/><D70/><U61/><E61/><V117/><F117/><W87/><G46/><T18/><D120/><U2/><E2/><AGARI ba="0,1" hai="2,7,11,40,44,49,56,59,80,85,91,98,100,105" machi="2" ten="30,7700,0" yaku="1,1,7,1,52,1,53,1" doraHai="93" doraHaiUra="101" who="2" fromWho="1" sc="156,0,373,-77,211,87,250,0" /><INIT seed="2,0,0,2,5,46" ten="156,296,298,250" oya="2" hai0="90,14,76,126,109,110,75,17,30,31,135,121,55" hai1="52,112,1,104,39,48,0,103,57,101,84,64,40" hai2="22,123,114,13,65,32,111,59,38,7,72,62,83" hai3="113,124,68,54,3,47,91,89,78,71,69,70,130"/><V81/><F114/><W41/><G3/><T115/><D75/><U94/><E112/><V29/><F123/><W66/><G113/><T24/><D115/><U119/><E119/><V77/><F38/><W27/><G78/><T8/><D121/><U21/><E104/><V82/><F111/><N who="0" m="42506" /><D90/><U134/><E134/><V118/><F118/><W33/><G130/><T132/><D76/><U51/><E39/><V28/><F32/><W50/><G124/><T61/><D61/><U86/><E64/><V53/><F65/><W19/><G66/><T10/><D55/><N who="1" m="31975" /><E40/><V26/><F29/><N who="0" m="10762" /><D126/><U60/><E0/><V2/><F2/><W67/><G67/><T80/><D80/><U5/><E5/><V93/><F93/><W92/><G33/><T43/><D43/><U117/><E1/><V122/><F122/><W36/><G92/><T102/><D102/><N who="1" m="38923" /><E60/><V12/><F7/><W25/><N who="3" m="17408" /><DORA hai="125" /><W79/><G79/><T73/><D73/><U42/><E42/><V106/><F106/><W97/><G97/><T120/><D120/><U11/><E11/><V16/><REACH who="2" step="1"/><F12/><REACH who="2" ten="156,296,288,250" step="2"/><W23/><REACH who="3" step="1"/><G27/><REACH who="3" ten="156,296,288,240" step="2"/><T6/><D24/><U44/><E94/><V85/><F85/><W128/><G128/><T4/><D4/><U56/><E117/><V87/><F87/><W49/><G49/><T63/><D63/><N who="1" m="36231" /><E86/><V99/><F99/><W35/><G35/><T107/><D107/><U96/><E84/><V15/><F15/><AGARI ba="0,2" hai="6,8,10,14,15,17,132,135" m="10762,42506" machi="15" ten="30,3900,0" yaku="14,1,34,2" doraHai="46,125" who="0" fromWho="2" sc="156,59,296,0,288,-39,240,0" /><INIT seed="3,0,0,0,2,1" ten="215,296,249,240" oya="3" hai0="89,14,114,37,113,33,55,64,132,38,122,71,101" hai1="3,84,45,61,42,133,25,72,59,91,50,130,102" hai2="24,118,40,16,70,78,4,127,90,30,95,110,76" hai3="67,53,81,86,26,105,13,99,106,128,73,134,29"/><W83/><G134/><T98/><D33/><U108/><E72/><V129/><F118/><W103/><G128/><T7/><D122/><U31/><E108/><V15/><F110/><W109/><G109/><T88/><D132/><U96/><E3/><V8/><F70/><W92/><G67/><T41/><D55/><U115/><E115/><N who="0" m="44041" /><D71/><U19/><E19/><V12/><F127/><W6/><G73/><T121/><D121/><U97/><E130/><V18/><F40/><W85/><G53/><T87/><D64/><U32/><E102/><V80/><F129/><W62/><G62/><T54/><D54/><U21/><E32/><V23/><F80/><W65/><G65/><T124/><D124/><U22/><E21/><N who="2" m="15631" /><F18/><W107/><G83/><N who="0" m="49279" /><D89/><U119/><E119/><V74/><F74/><W43/><G43/><T66/><D66/><N who="1" m="39231" /><E133/><V116/><F116/><W44/><G81/><AGARI ba="0,0" hai="22,25,31,42,45,50,81,84,91,96,97" m="39231" machi="81" ten="30,1000,0" yaku="8,1" doraHai="1" who="1" fromWho="3" sc="215,0,296,10,249,0,240,-10" /><INIT seed="4,0,0,2,5,79" ten="215,306,249,230" oya="0" hai0="101,17,41,71,14,72,129,39,78,124,119,113,108" hai1="111,90,18,1,13,106,130,60,29,28,114,27,3" hai2="4,31,112,37,55,19,115,65,48,77,8,133,46" hai3="104,43,51,128,68,15,2,125,47,25,100,64,83"/><T26/><D101/><U87/><E111/><V63/><F133/><W96/><G128/><T38/><D17/><U66/><E106/><V59/><F31/><W16/><G2/><T132/><D26/><U88/><E90/><V116/><F116/><W134/><G134/><T126/><D14/><U70/><E114/><N who="2" m="43563" /><F19/><W10/><G125/><T85/><D85/><U20/><E28/><V50/><F77/><W35/><G35/><T24/><D24/><U0/><E130/><V40/><F65/><W9/><G25/><T52/><D78/><U107/><E107/><V56/><F56/><W103/><G103/><T74/><D41/><U86/><REACH who="1" step="1"/><E88/><REACH who="1" ten="215,296,249,230" step="2"/><V76/><F76/><W120/><G120/><T45/><D124/><U80/><E80/><V69/><F69/><W93/><G104/><T95/><D71/><U123/><E123/><V121/><F121/><W82/><REACH who="3" step="1"/><G10/><AGARI ba="0,1" hai="0,1,3,10,13,18,20,27,29,60,66,70,86,87" machi="10" ten="40,8000,1" yaku="1,1,53,3" doraHai="79" doraHaiUra="33" who="1" fromWho="3" sc="215,0,296,90,249,0,230,-80" /><INIT seed="5,0,0,3,1,130" ten="215,386,249,150" oya="1" hai0="93,20,114,62,77,68,18,59,82,32,10,98,111" hai1="61,42,91,94,115,101,100,21,29,52,70,71,110" hai2="12,127,120,119,123,49,50,57,45,11,16,134,44" hai3="80,79,122,7,133,109,53,46,72,37,102,99,15"/><U31/><E115/><V22/><F119/><W13/><G122/><T96/><D111/><U92/><E42/><V90/><F127/><W113/><G109/><T2/><D68/><U64/><E70/><V131/><F131/><W112/><G7/><T108/><D32/><U41/><E41/><V66/><F134/><W103/><G103/><T95/><D114/><N who="3" m="44137" /><G133/><T35/><D35/><U51/><E110/><V116/><F116/><W84/><G72/><T125/><D125/><U135/><E135/><V26/><F90/><W124/><G124/><T65/><D10/><U104/><E104/><V54/><F66/><W81/><G81/><T89/><D2/><U39/><E39/><V105/><F105/><N who="3" m="63711" /><G37/><T38/><D38/><U83/><E83/><V126/><F126/><W75/><G75/><T87/><D108/><U4/><E4/><V76/><F76/><W129/><G129/><T25/><REACH who="0" step="1"/><D95/><REACH who="0" ten="205,386,249,150" step="2"/><U40/><E94/><V3/><F3/><W28/><G28/><T128/><D128/><U121/><E29/><V30/><REACH who="2" step="1"/><F44/><REACH who="2" ten="205,386,239,150" step="2"/><W14/><G46/><T85/><AGARI ba="0,2" hai="18,20,25,59,62,65,77,82,85,87,89,93,96,98" machi="85" ten="20,5200,0" yaku="1,1,0,1,7,1,8,1,53,0" doraHai="130" doraHaiUra="8" who="0" fromWho="0" sc="205,72,386,-26,239,-13,150,-13" /><INIT seed="6,0,0,3,0,135" ten="277,360,226,137" oya="2" hai0="111,32,109,21,91,75,59,43,16,85,56,24,100" hai1="108,106,61,102,94,66,23,107,37,121,15,122,22" hai2="130,14,119,18,71,132,90,95,101,10,31,112,13" hai3="53,57,33,38,86,72,123,50,74,3,64,2,46"/><V134/><F119/><W105/><G123/><N who="1" m="47114" /><E37/><V124/><F71/><W84/><G105/><N who="1" m="39946" /><E15/><V4/><F112/><W25/><G33/><T45/><D75/><U120/><E108/><V96/><F130/><W118/><G118/><T127/><D32/><U39/><E39/><V82/><F31/><W93/><G74/><T83/><D100/><U65/><E65/><V28/><F28/><W40/><G72/><T89/><D59/><N who="1" m="37183" /><E120/><V47/><F47/><W92/><G25/><T54/><D91/><U52/><E52/><V41/><F41/><W88/><G64/><T48/><REACH who="0" step="1"/><D127/><REACH who="0" ten="267,360,226,137" step="2"/><U12/><E12/><V104/><F124/><W60/><G38/><AGARI ba="0,1" hai="16,21,24,38,43,45,48,54,56,83,85,89,109,111" machi="38" ten="30,7700,0" yaku="1,1,2,1,7,1,54,1,53,0" doraHai="135" doraHaiUra="103" who="0" fromWho="3" sc="267,87,360,0,226,0,137,-77" /><INIT seed="7,0,0,2,2,33" ten="354,360,226,60" oya="3" hai0="2,52,83,115,13,30,77,98,4,41,35,100,105" hai1="78,109,108,127,36,42,88,118,81,69,53,89,44" hai2="49,38,80,59,133,92,134,130,84,65,66,7,46" hai3="97,67,119,122,125,106,5,93,74,11,82,14,114"/><W120/><G106/><T70/><D52/><U116/><E69/><V123/><F92/><W90/><G119/><N who="1" m="45610" /><E53/><V107/><F107/><W51/><G114/><T95/><D95/><U111/><E127/><V79/><F7/><W32/><G32/><T45/><D115/><U37/><E37/><V87/><F130/><W56/><G125/><T39/><D13/><U34/><E34/><V113/><F113/><W6/><G6/><T43/><D43/><U10/><E10/><V20/><F38/><W3/><G14/><T64/><D4/><U72/><AGARI ba="0,0" hai="36,42,44,72,78,81,88,89,108,109,111" m="45610" machi="72" ten="40,2700,0" yaku="12,1,54,1" doraHai="33" who="1" fromWho="1" sc="354,-7,360,27,226,-7,60,-13" owari="347,14.7,387,48.7,219,-18.1,47,-45.3" /></mjloggm>