<mjloggm ver="2.3"><GO type="169" lobby="0"/><UN n0="%E3%82%A4%E3%82%A7%E3%83%83%E3%82%BF%E3%82%A4%E3%82%AC%E3%83%BC" n1="%71%75%65%79%69%6D%65%6E" n2="%E3%83%8F%E3%82%BB%E3%81%B9" n3="%E6%B8%85%E9%A2%A8%E5%8C%97" dan="16,16,16,16" rate="2120.40,2119.24,2017.15,2180.38" sx="M,M,M,F"/><TAIKYOKU oya="0"/><INIT seed="0,0,0,4,5,71" ten="250,250,250,250" oya="0" hai0="125,58,43,47,84,127,123,116,121,124,32,51,50" hai1="54,13,9,11,45,62,132,91,20,12,80,126,48" hai2="27,111,90,88,119,114,26,28,135,128,34,14,95" hai3="19,108,115,70,68,81,130,110,131,85,15,10,16"/><T56/><D32/><U0/><E132/><V83/><F135/><W96/><G115/><T39/><D84/><U100/><E126/><V31/><F114/><W57/><G96/><T118/><D58/><U7/><E100/><V64/><F64/><W134/><G57/><T106/><D106/><U112/><E112/><V61/><F61/><W4/><G134/><T94/><D94/><U67/><E20/><V6/><F128/><N who="3" m="49195" /><G70/><T89/><D89/><U33/><E33/><V52/><F119/><N who="0" m="45610" /><D56/><U49/><E49/><AGARI ba="0,0" hai="39,43,47,49,50,51,121,123,124,125,127" m="45610" machi="49" ten="40,12000,1" yaku="18,1,34,2,52,1" doraHai="71" who="0" fromWho="1" sc="250,120,250,-120,250,0,250,0" /><INIT seed="0,1,0,5,1,44" ten="370,130,250,250" oya="0" hai0="29,95,30,78,41,105,134,12,113,18,13,93,109" hai1="128,8,16,59,3,37,63,94,0,132,20,114,66" hai2="48,69,103,116,6,77,33,71,36,52,26,61,91" hai3="115,7,122,62,121,58,27,125,99,42,45,35,80"/><T22/><D105/><U43/><E132/><V85/><F103/><W89/><G115/><T96/><D113/><U82/><E114/><V110/><F6/><W84/><G125/><T11/><D134/><U15/><E128/><V90/><F36/><W111/><G111/><T10/><D78/><U123/><E123/><N who="3" m="47114" /><G7/><T133/><D133/><U70/><E37/><V14/><F110/><W51/><G99/><T21/><D109/><U55/><E43/><V83/><F14/><W107/><G107/><T9/><D41/><U67/><E67/><V102/><F102/><W74/><G74/><T28/><D96/><U131/><E131/><V19/><F71/><W1/><G1/><T127/><D127/><U34/><E34/><V76/><F76/><W98/><G98/><T135/><D135/><U106/><E106/><V112/><F112/><W5/><G5/><T47/><D47/><U118/><E118/><V38/><F38/><W119/><G119/><T2/><D2/><U31/><E82/><V130/><F130/><W87/><G84/><T79/><D79/><U49/><REACH who="1" step="1"/><E94/><REACH who="1" ten="370,120,250,250" step="2"/><N who="0" m="35849" /><D18/><U46/><E46/><V68/><F19/><W75/><G35/><T53/><D53/><U129/><E129/><V65/><F116/><W24/><G75/><T108/><D108/><U117/><E117/><V126/><F126/><W92/><G80/><T101/><D101/><U81/><E81/><V54/><F54/><AGARI ba="1,1" hai="24,27,42,45,51,54,58,62,87,89,92" m="47114" machi="54" ten="30,2000,0" yaku="13,1,52,1" doraHai="44" who="3" fromWho="2" sc="370,0,120,0,250,-23,250,33" /><INIT seed="1,0,0,1,0,134" ten="370,120,227,283" oya="1" hai0="131,51,113,74,35,50,63,114,59,46,37,18,41" hai1="135,83,20,75,92,14,17,86,73,67,25,94,0" hai2="107,47,52,2,42,77,101,36,29,95,88,124,115" hai3="9,15,39,122,100,34,126,57,64,129,31,23,117"/><U49/><BYE who="0" /><E135/><UN n0="%E3%82%A4%E3%82%A7%E3%83%83%E3%82%BF%E3%82%A4%E3%82%AC%E3%83%BC" /><V133/><F133/><W54/><G122/><T130/><D18/><U111/><E0/><V28/><F115/><N who="0" m="44042" /><D35/><U123/><E123/><V116/><F116/><W16/><G39/><T128/><D74/><U79/><E67/><AGARI ba="0,0" hai="37,41,46,50,51,59,63,67,128,130,131" m="44042" machi="67" ten="40,5200,0" yaku="19,1,34,2" doraHai="134" who="0" fromWho="1" sc="370,52,120,-52,227,0,283,0" /><INIT seed="2,0,0,1,0,66" ten="422,68,227,283" oya="2" hai0="115,35,11,37,72,80,109,47,73,22,134,133,107" hai1="18,86,48,41,5,113,71,70,51,6,111,53,88" hai2="36,1,92,112,65,76,74,100,16,15,91,7,0" hai3="43,55,17,121,26,56,103,44,12,99,90,23,129"/><V102/><F112/><W93/><G121/><T68/><D115/><U128/><E113/><V126/><F36/><W20/><G129/><T19/><D35/><U101/><E128/><V87/><F126/><W3/><G3/><T95/><D107/><U94/><E111/><V50/><F7/><W46/><G43/><T67/><D95/><U9/><E41/><V10/><F76/><W85/><G23/><T132/><D11/><U30/><E51/><V130/><F130/><W52/><G55/><T106/><D106/><U57/><E30/><V82/><F74/><W25/><G46/><T79/><D109/><U105/><E18/><V14/><F65/><W108/><G44/><T24/><D47/><U125/><E125/><V58/><F82/><W120/><G108/><T84/><D37/><U32/><E32/><V49/><F1/><W54/><G54/><T110/><D110/><U77/><E77/><V117/><F0/><W40/><G40/><T122/><D122/><U45/><E45/><V34/><F34/><W2/><G2/><T59/><D59/><U83/><E105/><V31/><F31/><W64/><G64/><T29/><D29/><U13/><REACH who="1" step="1"/><E5/><REACH who="1" ten="422,58,227,283" step="2"/><N who="2" m="3407" /><F50/><N who="3" m="30743" /><G120/><T27/><D72/><U75/><E75/><V33/><F33/><W69/><G17/><T42/><D42/><U61/><E61/><V118/><F118/><W98/><G20/><T21/><D73/><U114/><E114/><V38/><F38/><W123/><G123/><T116/><D116/><U39/><E39/><V81/><F117/><W89/><G103/><T127/><D127/><U8/><E8/><RYUUKYOKU ba="0,1" sc="422,-10,58,30,227,-10,283,-10" hai1="6,9,13,48,53,57,70,71,83,86,88,94,101" /><INIT seed="3,1,1,4,3,103" ten="412,88,217,273" oya="3" hai0="51,113,49,127,78,65,111,11,104,37,135,67,70" hai1="110,62,90,21,50,23,134,32,55,118,132,126,57" hai2="0,108,60,46,47,29,16,125,58,44,74,131,56" hai3="116,1,20,19,18,95,28,61,133,77,96,87,33"/><W24/><G116/><T30/><D127/><U129/><E32/><V35/><F125/><W79/><G133/><T7/><D135/><N who="1" m="51755" /><E126/><V122/><F0/><W130/><G130/><T63/><D37/><U36/><E90/><V107/><F74/><W52/><G1/><T66/><D113/><U25/><E129/><V91/><F131/><W64/><G87/><T39/><D39/><U73/><E73/><V14/><F122/><W82/><G82/><T72/><D111/><U13/><E36/><V124/><F108/><W81/><G81/><T10/><D30/><U120/><E110/><V42/><F29/><W101/><G52/><T99/><D78/><U123/><E118/><V76/><F35/><W34/><G34/><T75/><D70/><U121/><E13/><V114/><F76/><W6/><G6/><T38/><D38/><U48/><E23/><V68/><F42/><W86/><G86/><T43/><D72/><U4/><E4/><V83/><F107/><W15/><REACH who="3" step="1"/><G19/><AGARI ba="1,1" hai="19,21,25,48,50,55,57,62,120,121,123" m="51755" machi="19" ten="40,1300,0" yaku="20,1" doraHai="103" who="1" fromWho="3" sc="412,0,88,26,217,0,273,-16" /><INIT seed="4,0,0,5,3,28" ten="412,114,217,257" oya="0" hai0="17,72,12,83,70,95,77,29,2,4,92,118,3" hai1="116,81,27,127,129,24,105,111,9,75,46,14,90" hai2="37,7,132,69,97,80,55,109,25,131,40,85,47" hai3="101,57,94,5,133,88,22,54,34,114,130,104,78"/><T117/><D70/><U112/><E116/><V82/><F109/><W99/><G114/><T66/><D66/><U53/><E111/><V71/><F7/><W108/><G108/><T51/><D29/><U102/><E129/><V121/><F131/><W65/><G133/><T96/><D92/><U20/><E127/><V126/><F126/><W35/><G130/><T73/><D72/><U49/><E112/><V98/><F82/><W93/><G104/><T84/><D73/><U11/><E11/><V134/><F55/><W59/><G78/><T16/><D2/><U89/><E75/><V31/><F121/><W10/><G22/><T38/><D38/><U113/><E113/><V39/><F39/><W19/><G19/><T79/><D79/><U76/><E76/><N who="2" m="46215" /><F69/><W23/><G23/><T64/><D64/><U63/><E63/><V125/><F71/><W68/><G68/><T50/><D3/><U91/><E102/><V115/><F115/><W61/><G59/><T13/><D4/><U124/><E105/><V67/><F67/><W26/><G26/><N who="1" m="9770" /><E20/><N who="2" m="15783" /><F125/><W128/><G65/><T0/><D0/><U15/><E124/><V86/><F86/><W100/><G128/><T52/><D118/><U119/><E119/><V6/><F6/><W122/><G122/><T44/><D117/><U58/><E58/><V1/><F1/><N who="3" m="303" /><G101/><N who="0" m="60575" /><D50/><U103/><E103/><V107/><F107/><W123/><G123/><T135/><D135/><AGARI ba="0,0" hai="37,40,47,97,98,132,134,135" m="15783,46215" machi="135" ten="30,1000,0" yaku="20,1" doraHai="28" who="2" fromWho="0" sc="412,-10,114,0,217,10,257,0" /><INIT seed="5,0,0,3,0,95" ten="402,114,227,257" oya="1" hai0="84,40,93,115,91,14,96,67,24,65,70,131,108" hai1="54,32,97,68,90,89,53,5,75,45,120,10,74" hai2="122,52,39,127,60,116,3,43,135,86,76,58,112" hai3="66,82,79,4,17,46,48,33,56,13,125,18,0"/><U101/><E120/><V80/><F116/><W21/><G33/><T118/><D118/><U94/><E32/><V81/><F122/><W12/><G125/><T99/><D108/><U124/><E68/><V30/><F3/><W100/><G100/><T98/><D70/><U92/><E124/><V1/><F1/><W103/><G0/><T130/><D40/><U78/><E101/><V102/><F127/><W134/><G134/><T37/><D37/><U25/><E25/><V83/><F135/><W47/><G103/><T11/><D24/><U50/><E54/><V85/><F112/><W87/><G4/><N who="0" m="3431" /><D115/><U123/><E78/><V51/><F39/><W133/><G133/><T6/><D6/><U9/><E123/><V109/><F109/><W113/><G113/><T117/><D117/><U111/><E111/><V107/><F30/><W62/><REACH who="3" step="1"/><G48/><REACH who="3" ten="402,114,227,247" step="2"/><T128/><AGARI ba="0,1" hai="65,67,84,91,93,96,98,99,128,130,131" m="3431" machi="128" ten="40,8000,1" yaku="19,1,52,3" doraHai="95" who="0" fromWho="0" sc="402,90,114,-40,227,-20,247,-20" /><INIT seed="6,0,0,4,4,101" ten="492,74,207,227" oya="2" hai0="0,90,131,17,44,64,45,47,125,23,117,66,53" hai1="63,7,50,129,84,116,31,89,40,27,104,70,3" hai2="72,108,37,120,42,91,121,71,22,80,48,20,52" hai3="126,35,87,111,56,2,130,123,8,49,58,30,75"/><V83/><F71/><W105/><G75/><T76/><D0/><U6/><E116/><V110/><F42/><W94/><G105/><T102/><D76/><U18/><E129/><V113/><F37/><W132/><G111/><N who="2" m="42537" /><F72/><W19/><G123/><N who="2" m="47177" /><F113/><W118/><G118/><T60/><D117/><U114/><E114/><V57/><F91/><W95/><G126/><T29/><D125/><U38/><E38/><V96/><F96/><W103/><G132/><T26/><D102/><U16/><E104/><V127/><F127/><W74/><G74/><T25/><D131/><U93/><E40/><V128/><F128/><W79/><G95/><T51/><D90/><U119/><E50/><V4/><F4/><W99/><G49/><T15/><D66/><U21/><E119/><V86/><F86/><W134/><G134/><T85/><D85/><U12/><E18/><V9/><F9/><W41/><G19/><T98/><D98/><U33/><REACH who="1" step="1"/><E3/><REACH who="1" ten="492,64,207,227" step="2"/><V5/><F5/><W68/><G2/><T112/><D112/><U55/><E55/><V115/><F115/><W14/><G41/><T1/><D1/><U82/><E82/><AGARI ba="0,1" hai="20,22,48,52,57,80,82,83" m="47177,42537" machi="82" ten="30,2900,0" yaku="10,1,54,1" doraHai="101" who="2" fromWho="1" sc="492,0,64,-29,207,39,227,0" /><INIT seed="6,1,0,3,3,72" ten="492,35,246,227" oya="2" hai0="36,104,3,102,76,57,82,8,65,18,45,31,28" hai1="0,128,67,122,49,20,43,37,50,91,107,39,131" hai2="97,79,30,24,19,77,85,119,89,59,26,70,90" hai3="22,5,112,56,10,15,38,52,35,111,16,42,123"/><V63/><F70/><W96/><G111/><T2/><D2/><U84/><E20/><V44/><F44/><W114/><G123/><T101/><D104/><U121/><E84/><V130/><F130/><N who="1" m="49705" /><E91/><V115/><F115/><N who="3" m="44075" /><G35/><T106/><D106/><U41/><E107/><V125/><F125/><W7/><G96/><T126/><D126/><U47/><E67/><V73/><F73/><W110/><G110/><T129/><D129/><U51/><E47/><V12/><F119/><W113/><N who="3" m="44083" /><W95/><DORA hai="25" /><G95/><T21/><D65/><U4/><E4/><N who="3" m="1610" /><G42/><N who="1" m="15882" /><E0/><V60/><F97/><W6/><G38/><AGARI ba="1,0" hai="37,38,39,49,50,51,121,122" m="15882,49705" machi="38" ten="40,8000,1" yaku="28,2,19,1,34,2" doraHai="72,25" who="1" fromWho="3" sc="492,0,35,83,246,0,227,-83" /><INIT seed="7,0,0,3,2,36" ten="492,118,246,144" oya="3" hai0="114,31,116,92,74,26,69,129,93,61,46,7,0" hai1="78,108,65,4,52,41,30,33,38,104,43,81,47" hai2="63,105,32,132,91,73,50,18,40,118,119,110,21" hai3="10,126,87,99,75,64,89,84,85,122,130,71,70"/><W60/><G122/><T17/><D116/><U49/><E108/><V117/><F110/><W82/><G126/><T5/><D17/><U86/><E104/><V115/><F32/><W48/><G130/><T107/><D107/><U29/><E65/><V15/><F105/><W25/><G71/><T101/><D114/><U95/><E4/><V57/><F115/><W123/><G123/><T34/><D129/><U134/><E134/><V111/><F132/><W55/><G75/><T102/><D74/><U88/><E33/><V13/><F73/><W80/><G25/><T35/><D46/><U131/><E131/><V14/><F91/><W112/><G112/><T2/><D69/><U8/><E8/><V53/><F111/><W20/><G20/><T6/><D61/><U62/><E62/><V27/><F40/><N who="1" m="15433" /><E38/><V23/><F63/><W24/><G24/><T100/><REACH who="0" step="1"/><D34/><REACH who="0" ten="482,118,246,144" step="2"/><U45/><E47/><V127/><F127/><W90/><G70/><T59/><D59/><U58/><E45/><V125/><F125/><W44/><G60/><T109/><D109/><U67/><E67/><V135/><F135/><W9/><G64/><T37/><D37/><U96/><AGARI ba="0,1" hai="29,30,49,52,58,78,81,86,88,95,96" m="15433" machi="96" ten="30,12000,2" yaku="8,1,52,3,54,2" doraHai="36" who="1" fromWho="1" sc="482,-30,118,130,246,-30,144,-60" owari="452,55.2,248,4.8,216,-18.4,84,-41.6" /></mjloggm>