<mjloggm ver="2.3"><GO type="169" lobby="0"/><UN n0="%E6%B2%B3%E7%AB%A5%E3%81%AE%E3%83%AF%E3%82%AB%E3%83%9E%E3%83%84" n1="%E8%B5%A4%E7%BE%8E%E6%BF%83%E3%81%BE%E3%81%90%E3%82%8D" n2="%E4%B9%9D%E7%B4%8B%E9%BE%8D%E5%8F%B2%E9%80%B2" n3="%E5%85%A9%E5%84%80%E4%B8%B6%E5%BC%8F" dan="17,16,19,16" rate="2200.01,2149.37,2298.33,2130.18" sx="M,M,M,M"/><TAIKYOKU oya="0"/><INIT seed="0,0,0,5,0,45" ten="250,250,250,250" oya="0" hai0="52,63,59,47,58,62,117,38,56,87,76,0,92" hai1="68,5,17,84,6,89,86,28,22,95,125,2,12" hai2="64,110,60,14,120,19,51,23,73,97,21,78,69" hai3="13,88,15,31,96,124,85,9,118,100,82,109,83"/><T35/><D117/><U54/><E125/><V122/><F110/><W11/><G118/><T1/><D35/><U93/><E68/><V20/><F73/><W16/><G109/><T111/><D111/><U94/><E28/><V134/><F78/><W24/><G124/><T57/><D62/><U102/><E2/><V66/><F134/><W114/><G114/><T27/><D27/><U121/><E121/><V3/><F3/><W119/><G119/><T123/><D123/><U53/><E102/><V103/><F66/><W32/><G83/><T133/><D133/><U135/><E135/><V8/><REACH who="2" step="1"/><F51/><REACH who="2" ten="250,250,240,250" step="2"/><W34/><G34/><T67/><D76/><U127/><E127/><V130/><F130/><W98/><REACH who="3" step="1"/><G100/><REACH who="3" ten="250,250,240,240" step="2"/><T129/><D129/><U46/><E6/><AGARI ba="0,2" hai="6,9,11,13,15,16,24,31,32,82,85,88,96,98" machi="6" ten="30,8000,1" yaku="1,1,2,1,7,1,54,2,53,0" doraHai="45" doraHaiUra="39" who="3" fromWho="1" sc="250,0,250,-80,240,0,240,100" /><INIT seed="1,0,0,1,2,88" ten="250,170,240,340" oya="1" hai0="77,37,17,36,122,48,52,0,55,131,104,35,101" hai1="71,12,39,26,74,123,85,91,14,133,89,70,30" hai2="120,82,15,23,111,115,87,54,8,41,31,97,102" hai3="129,2,18,126,90,57,29,42,44,128,107,45,83"/><U60/><E123/><V11/><F120/><W5/><G2/><T22/><D122/><U46/><E133/><V68/><F68/><W56/><G5/><T21/><D35/><U96/><E74/><V58/><F111/><W47/><G107/><T95/><D0/><U99/><E46/><V9/><F41/><W92/><G126/><T76/><D104/><U53/><E39/><V67/><F67/><W110/><G83/><T116/><D131/><N who="3" m="50249" /><G29/><T81/><D116/><U93/><E70/><V121/><F115/><W51/><G110/><T118/><D118/><U24/><E96/><V62/><F121/><W50/><G18/><T75/><D76/><U78/><E78/><V125/><F125/><W25/><G25/><T27/><D22/><U84/><E99/><V86/><F82/><W1/><G1/><T34/><D34/><U3/><E3/><V63/><F63/><W73/><G73/><T80/><D81/><U132/><E132/><V100/><F100/><W59/><G42/><T113/><D113/><U66/><E53/><V117/><F117/><W114/><G114/><T69/><D55/><U103/><E103/><V135/><F135/><W7/><G7/><T38/><D69/><U61/><E61/><V130/><F130/><W98/><AGARI ba="0,0" hai="44,45,47,50,51,56,57,59,90,92,98" m="50249" machi="98" ten="40,2700,0" yaku="19,1,52,1" doraHai="88" who="3" fromWho="3" sc="250,-7,170,-13,240,-7,340,27" /><INIT seed="2,0,0,0,2,114" ten="243,157,233,367" oya="2" hai0="95,29,45,74,103,125,75,121,80,20,8,34,128" hai1="76,27,41,78,67,119,77,81,28,86,106,91,1" hai2="38,4,56,66,59,107,101,24,57,122,135,69,130" hai3="51,105,61,124,89,63,40,108,94,58,134,49,113"/><V33/><F122/><W68/><G105/><T99/><D121/><U39/><E1/><V65/><F38/><W18/><G108/><T71/><D71/><U53/><E106/><V120/><F120/><W31/><G113/><T96/><D34/><U110/><E110/><V85/><F4/><W98/><G124/><T3/><D125/><U88/><E67/><V102/><F135/><W47/><G134/><T10/><D128/><U123/><E123/><V62/><F130/><W115/><G115/><T54/><D3/><U82/><E53/><V93/><F66/><W83/><G31/><T7/><D80/><U117/><E41/><V90/><REACH who="2" step="1"/><F107/><REACH who="2" ten="243,157,223,367" step="2"/><W70/><G70/><T127/><D7/><U6/><E6/><V116/><F116/><W43/><G68/><T0/><D127/><U118/><E39/><V48/><F48/><W42/><G51/><T21/><D0/><U26/><E28/><AGARI ba="0,1" hai="24,28,33,56,57,59,62,65,69,85,90,93,101,102" machi="28" ten="40,2000,0" yaku="1,1,53,0" doraHai="114" doraHaiUra="92" who="2" fromWho="1" sc="243,0,157,-20,223,30,367,0" /><INIT seed="2,1,0,4,0,33" ten="243,137,253,367" oya="2" hai0="39,27,132,57,128,66,55,29,7,2,118,96,53" hai1="93,43,102,123,129,98,109,54,125,86,77,117,20" hai2="42,130,28,108,92,74,76,8,88,127,79,110,120" hai3="30,23,119,0,111,12,59,3,70,104,24,13,97"/><V32/><F120/><W101/><G70/><T45/><D128/><U100/><E117/><V67/><F130/><W60/><G119/><T40/><D118/><U80/><E109/><N who="2" m="42091" /><F127/><W9/><G111/><T116/><D116/><U106/><E125/><V99/><F74/><W49/><G49/><T81/><D132/><U58/><E129/><V34/><F67/><W16/><G12/><T107/><D66/><AGARI ba="1,0" hai="0,3,9,13,16,23,24,30,59,60,66,97,101,104" machi="66" ten="30,7700,0" yaku="7,1,52,2,54,1" doraHai="33" who="3" fromWho="0" sc="243,-80,137,0,253,0,367,80" /><INIT seed="3,0,0,0,3,85" ten="163,137,253,447" oya="3" hai0="109,9,113,67,79,53,108,7,126,90,124,18,96" hai1="2,102,106,41,0,114,73,49,129,97,125,20,98" hai2="62,92,56,84,122,111,11,104,47,93,59,66,77" hai3="101,15,25,76,28,43,116,3,107,100,35,4,8"/><W134/><G116/><T112/><D79/><U6/><E114/><N who="0" m="44137" /><D67/><U86/><E73/><V13/><F104/><W81/><G134/><T123/><D18/><U74/><E74/><V69/><F111/><N who="0" m="42570" /><D53/><U44/><E129/><V119/><F119/><W128/><G128/><T118/><D123/><U87/><E125/><N who="0" m="48233" /><D118/><U40/><E40/><V55/><F122/><W115/><G43/><T24/><D24/><U23/><E6/><V22/><F77/><W61/><G115/><T5/><D9/><U36/><E23/><V78/><F22/><W68/><G8/><T94/><AGARI ba="0,0" hai="5,7,90,94,96" m="48233,42570,44137" machi="94" ten="40,8000,1" yaku="11,1,14,1,18,1,52,1" doraHai="85" who="0" fromWho="0" sc="163,80,137,-20,253,-20,447,-40" /><INIT seed="4,0,0,1,5,65" ten="243,117,233,407" oya="0" hai0="41,93,120,50,44,5,103,38,88,0,99,115,118" hai1="117,125,17,104,126,32,127,35,108,37,36,71,116" hai2="89,91,74,100,68,48,12,96,4,20,83,134,72" hai3="11,75,39,106,78,63,52,19,110,85,51,57,86"/><T107/><D118/><N who="1" m="45675" /><E17/><V45/><F134/><W34/><G39/><N who="1" m="14922" /><E108/><V84/><F91/><W59/><G34/><N who="1" m="12842" /><E71/><V132/><F68/><W97/><G110/><T46/><D115/><U133/><E104/><V53/><F132/><AGARI ba="0,0" hai="125,126,127,132,133" m="12842,14922,45675" machi="132" ten="50,8000,1" yaku="28,2,18,1,31,2" doraHai="65" who="1" fromWho="2" sc="243,0,117,80,233,-80,407,0" /><INIT seed="5,0,0,2,4,106" ten="243,197,153,407" oya="1" hai0="70,74,12,52,22,16,107,80,64,34,83,86,40" hai1="15,112,21,62,0,6,13,36,9,20,77,17,5" hai2="44,89,50,108,90,79,126,96,87,41,73,61,32" hai3="110,30,124,7,111,129,135,43,103,116,33,54,134"/><U25/><E36/><V10/><F108/><N who="3" m="41515" /><G43/><T67/><D107/><U113/><E77/><V88/><F32/><W58/><G103/><T84/><D34/><U119/><E119/><V65/><F126/><W118/><G7/><T97/><D40/><U128/><E62/><V37/><F96/><W63/><G30/><T68/><D97/><U48/><E48/><V66/><F37/><W102/><G102/><T115/><D74/><U28/><E128/><V100/><F100/><W104/><G104/><T75/><D75/><U125/><E125/><V39/><F39/><W109/><G33/><T19/><D22/><U92/><E92/><V132/><F132/><N who="3" m="50731" /><G109/><T133/><D133/><U3/><E6/><V121/><F121/><W105/><G105/><T18/><D12/><U11/><E11/><V82/><F10/><W93/><G93/><T35/><D35/><U56/><E56/><V94/><REACH who="2" step="1"/><F65/><REACH who="2" ten="243,197,143,407" step="2"/><W55/><G124/><T23/><D67/><U78/><E78/><V69/><AGARI ba="0,1" hai="41,44,50,61,66,69,73,79,82,87,88,89,90,94" machi="69" ten="20,12000,2" yaku="1,1,2,1,0,1,7,1,52,1,54,1,53,0" doraHai="106" doraHaiUra="117" who="2" fromWho="2" sc="243,-30,197,-60,143,130,407,-30" /><INIT seed="6,0,0,1,4,111" ten="213,137,273,377" oya="2" hai0="54,26,135,24,75,46,63,45,21,65,20,43,73" hai1="114,32,98,120,100,64,124,125,104,115,62,34,83" hai2="128,84,110,89,29,31,77,95,17,133,30,50,88" hai3="92,8,82,44,90,129,93,57,126,113,79,39,42"/><V4/><F110/><W109/><G109/><T6/><D135/><U118/><E118/><V33/><F133/><W134/><G134/><T15/><D54/><U12/><E12/><V70/><F70/><W36/><G129/><T66/><D15/><U0/><E0/><V41/><F128/><W132/><G132/><T22/><D6/><U49/><E49/><V38/><F38/><W14/><G126/><N who="1" m="48746" /><E83/><V72/><F4/><W10/><G113/><N who="1" m="43018" /><E120/><V23/><F50/><W48/><G39/><T71/><D43/><U112/><N who="1" m="43026" /><U56/><AGARI ba="0,0" hai="32,34,56,62,64,98,100,104" m="43026,48746" machi="56" ten="50,12000,2" yaku="4,1,18,1,15,1,52,4" doraHai="111" who="1" fromWho="1" sc="213,-30,137,120,273,-60,377,-30" /><INIT seed="7,0,0,2,1,30" ten="183,257,213,347" oya="3" hai0="24,126,112,118,8,129,128,99,107,36,0,97,40" hai1="104,79,53,84,108,19,92,34,81,3,85,100,83" hai2="20,119,51,4,105,25,86,135,46,37,26,10,114" hai3="35,115,13,12,76,91,95,113,23,120,98,125,42"/><W59/><G120/><T89/><D118/><U96/><E3/><V18/><F119/><W9/><G35/><T38/><D89/><U62/><E108/><V58/><F105/><W55/><G42/><T123/><D123/><U88/><E34/><V32/><F114/><N who="3" m="43531" /><G76/><T65/><D112/><U106/><E19/><V64/><F135/><W63/><G125/><T111/><D111/><U94/><E53/><V67/><F37/><N who="0" m="14442" /><D40/><U57/><E57/><V77/><F58/><W72/><G72/><T29/><D65/><U61/><E61/><V134/><F134/><W56/><G56/><T82/><D82/><U93/><E62/><V102/><F102/><W52/><G23/><T5/><D126/><U131/><E131/><N who="0" m="50249" /><D107/><AGARI ba="0,0" hai="79,81,83,84,85,88,92,93,94,96,100,104,106,107" machi="107" ten="40,12000,2" yaku="35,6,54,1" doraHai="30" who="1" fromWho="0" sc="183,-120,257,120,213,0,347,0" owari="63,-43.7,377,47.7,213,-18.7,347,14.7" /></mjloggm>