<mjloggm ver="2.3"><GO type="169" lobby="0"/><UN n0="%E6%B9%98%E5%8C%97%E2%91%AD%E4%B8%89%E4%BA%95%E5%AF%BF" n1="%E3%81%BE%E3%81%A8%E3%81%9F" n2="%E3%81%A5%E3%81%8B%E5%AD%90" n3="%E3%83%A9%E3%83%9E%E3%83%BC%E7%9A%87%E5%AD%90" dan="16,16,16,19" rate="2150.99,2095.61,2153.25,2254.45" sx="M,M,M,M"/><TAIKYOKU oya="0"/><INIT seed="0,0,0,2,2,81" ten="250,250,250,250" oya="0" hai0="102,99,94,82,19,123,108,106,63,18,36,42,103" hai1="124,129,0,65,125,64,52,50,32,68,60,120,70" hai2="117,73,55,126,114,5,12,3,14,79,133,53,31" hai3="132,131,8,76,107,92,75,119,96,40,134,2,23"/><T59/><D123/><U69/><E0/><V115/><F3/><W95/><G119/><T29/><D29/><U15/><E32/><V97/><F31/><W88/><G131/><T105/><D108/><U93/><E120/><V35/><F35/><W58/><G40/><T34/><D34/><U112/><E129/><V62/><F73/><W87/><G23/><T130/><D130/><U89/><E15/><V118/><F79/><W128/><G128/><T4/><D4/><U121/><E121/><V22/><F126/><W80/><G58/><T122/><D122/><U28/><E28/><V56/><F133/><N who="3" m="51307" /><G8/><T10/><D103/><U48/><E89/><V86/><F56/><W1/><G95/><T77/><D42/><U100/><E93/><V33/><F22/><W21/><G21/><T38/><D105/><U101/><E112/><V9/><F9/><W111/><G111/><T27/><D106/><U25/><E25/><V51/><F33/><W39/><G39/><T16/><D27/><U61/><REACH who="1" step="1"/><E70/><REACH who="1" ten="250,240,250,250" step="2"/><V127/><F114/><W13/><G13/><T110/><D110/><U7/><E7/><V45/><F12/><W41/><G41/><T26/><D26/><U109/><E109/><V91/><F14/><W84/><G107/><T135/><D135/><U66/><E66/><V24/><F115/><W37/><G37/><T49/><D10/><U67/><E67/><V90/><F24/><W98/><G98/><T113/><D113/><U11/><E11/><V71/><F97/><W17/><G17/><T54/><D38/><U104/><E104/><V57/><F5/><RYUUKYOKU ba="0,1" sc="250,-15,240,15,250,-15,250,15" hai1="48,50,52,60,61,64,65,68,69,100,101,124,125" hai3="1,2,75,76,80,84,87,88,92,96" /><INIT seed="1,1,1,1,2,101" ten="235,255,235,265" oya="1" hai0="135,42,33,82,20,49,103,8,95,39,90,23,134" hai1="10,129,100,1,62,25,43,3,94,67,46,35,126" hai2="122,47,7,80,19,26,85,21,116,118,124,50,84" hai3="77,99,9,51,60,78,98,89,48,59,133,123,68"/><U31/><E126/><V107/><F122/><W13/><G123/><T93/><D33/><U61/><E61/><V92/><F124/><W44/><G68/><T5/><D39/><U132/><E132/><N who="0" m="50729" /><D82/><U72/><E129/><V69/><F69/><W14/><G133/><T112/><D112/><U106/><E94/><N who="0" m="35849" /><D90/><U88/><E88/><V36/><F36/><W58/><G89/><T121/><D103/><U63/><E63/><V120/><F120/><W17/><G60/><T12/><D121/><U27/><E27/><V52/><F92/><W0/><G0/><T110/><D110/><U70/><E10/><V119/><F80/><W15/><G51/><T55/><D42/><U81/><E81/><V104/><REACH who="2" step="1"/><F7/><REACH who="2" ten="235,255,225,265" step="2"/><W102/><G102/><T127/><D127/><U86/><E72/><V32/><F32/><W24/><G99/><T53/><D53/><U45/><E86/><AGARI ba="1,2" hai="19,21,26,47,50,52,84,85,86,104,107,116,118,119" machi="86" ten="40,8000,1" yaku="1,1,52,2,54,1,53,0" doraHai="101" doraHaiUra="75" who="2" fromWho="1" sc="235,0,255,-83,225,103,265,0" /><INIT seed="2,0,0,3,1,60" ten="235,172,328,265" oya="2" hai0="56,14,87,116,97,1,47,119,32,10,50,110,100" hai1="5,34,82,109,86,77,24,69,101,51,39,31,105" hai2="70,99,45,117,40,93,75,20,55,53,68,15,38" hai3="128,125,21,52,106,118,108,62,121,44,90,94,11"/><V122/><F117/><W83/><G118/><T92/><D32/><U16/><E109/><V130/><F122/><W81/><G121/><T131/><D1/><U66/><E39/><V58/><F75/><W19/><G106/><T114/><D110/><U23/><E51/><V61/><F130/><W49/><G108/><T71/><D71/><U91/><E5/><V120/><F120/><W115/><G128/><T17/><D114/><U26/><E105/><V12/><F55/><W132/><G132/><T3/><D3/><U113/><E101/><V127/><F127/><W48/><G125/><T102/><D131/><U96/><E113/><V0/><F0/><W80/><G11/><T6/><D102/><U33/><E33/><V59/><F59/><N who="3" m="35175" /><G44/><T27/><D56/><U25/><E96/><V107/><F107/><W72/><G72/><T7/><D119/><U29/><E91/><V65/><F20/><W123/><G123/><T18/><D87/><U41/><E41/><V104/><F104/><W134/><G134/><T63/><D63/><U124/><E124/><V95/><F70/><W89/><G89/><T135/><D135/><U8/><E8/><V35/><F35/><W43/><G43/><N who="0" m="24959" /><D116/><U22/><REACH who="1" step="1"/><E69/><REACH who="1" ten="235,162,328,265" step="2"/><V76/><F99/><N who="3" m="57815" /><G115/><T9/><D10/><U57/><E57/><V129/><F129/><W36/><G36/><T79/><D79/><U30/><E30/><V54/><F76/><W78/><G78/><T67/><D7/><U73/><E73/><V4/><F4/><W28/><G28/><T74/><D74/><U64/><AGARI ba="0,1" hai="16,22,23,24,25,26,29,31,34,64,66,77,82,86" machi="64" ten="30,8000,1" yaku="1,1,0,1,52,2,54,1,53,0" doraHai="60" doraHaiUra="42" who="1" fromWho="1" sc="235,-20,162,90,328,-40,265,-20" /><INIT seed="3,0,0,1,1,12" ten="215,252,288,245" oya="3" hai0="76,81,131,11,65,48,60,92,94,16,70,129,21" hai1="59,58,17,46,86,71,35,121,130,44,43,101,107" hai2="19,69,73,55,110,79,52,30,2,93,38,0,77" hai3="108,127,25,54,9,23,112,27,32,10,56,6,133"/><W50/><G112/><T105/><D105/><U96/><E121/><V22/><F38/><W88/><G127/><T26/><D11/><U62/><E35/><V64/><F30/><W128/><G128/><N who="0" m="49227" /><D48/><U5/><E5/><V42/><F42/><W72/><G72/><AGARI ba="0,0" hai="16,21,26,60,65,70,72,76,81,92,94" m="49227" machi="72" ten="30,3900,0" yaku="19,1,52,1,54,1" doraHai="12" who="0" fromWho="3" sc="215,39,252,0,288,0,245,-39" /><INIT seed="4,0,0,2,0,73" ten="254,252,288,206" oya="0" hai0="129,118,35,70,59,85,46,44,41,78,113,130,110" hai1="43,68,124,121,27,104,66,30,33,133,16,64,77" hai2="69,24,13,12,47,6,71,10,108,100,117,39,55" hai3="95,111,15,9,93,106,99,2,97,26,132,37,81"/><T61/><D35/><U25/><E121/><V3/><F108/><W114/><G111/><T87/><D110/><U31/><E104/><V34/><F117/><W88/><G114/><T92/><D118/><U56/><E68/><V62/><F13/><W131/><G131/><N who="0" m="50187" /><D113/><U76/><E133/><V7/><F6/><W107/><G2/><T40/><D70/><U127/><E43/><N who="0" m="16457" /><D92/><U89/><E89/><V112/><F112/><W101/><G37/><T18/><D18/><U84/><E16/><V122/><F3/><W29/><G81/><N who="0" m="47287" /><D87/><U103/><E103/><V51/><F39/><W134/><G134/><T98/><D98/><U21/><E84/><V115/><F122/><W90/><G101/><T105/><D105/><U128/><E128/><V119/><F119/><W120/><G132/><T14/><D14/><U52/><E66/><AGARI ba="0,0" hai="44,46,59,61,66" m="47287,16457,50187" machi="66" ten="30,2900,0" yaku="19,1,52,1" doraHai="73" who="0" fromWho="1" sc="254,29,252,-29,288,0,206,0" /><INIT seed="4,1,0,4,4,129" ten="283,223,288,206" oya="0" hai0="62,53,106,20,101,55,8,28,66,23,32,112,89" hai1="42,65,64,97,57,131,123,7,115,11,30,39,105" hai2="96,85,75,54,113,16,26,67,6,124,109,40,77" hai3="12,130,35,21,127,88,95,36,81,121,92,13,68"/><T14/><D112/><U103/><E123/><V134/><F109/><W9/><G35/><T91/><D32/><U17/><E131/><V33/><F75/><W76/><G36/><T104/><D101/><U46/><E30/><V59/><F124/><W74/><G130/><T107/><D28/><U73/><E73/><V63/><F6/><W44/><G68/><T102/><D102/><U111/><E111/><V24/><F40/><W48/><G127/><T118/><D118/><U99/><E17/><V38/><F38/><W90/><G121/><T71/><D23/><U100/><E57/><N who="2" m="37359" /><F33/><W133/><G21/><T108/><D20/><U82/><E82/><N who="2" m="47311" /><F96/><W86/><G133/><T93/><D108/><U1/><REACH who="1" step="1"/><E115/><REACH who="1" ten="283,213,288,206" step="2"/><V98/><F113/><W15/><G9/><T18/><REACH who="0" step="1"/><D91/><REACH who="0" ten="273,213,288,206" step="2"/><N who="3" m="34857" /><G74/><T34/><D34/><U135/><E135/><V128/><F134/><W50/><G50/><T114/><D114/><U0/><E0/><V4/><F128/><W43/><AGARI ba="1,2" hai="12,13,15,43,44,48,76,81,86,92,95" m="34857" machi="43" ten="30,2000,0" yaku="8,1,54,1" doraHai="129" who="3" fromWho="3" sc="273,-11,213,-6,288,-6,206,43" /><INIT seed="5,0,0,3,0,118" ten="262,207,282,249" oya="1" hai0="92,89,82,132,128,106,98,112,124,74,95,48,122" hai1="12,55,56,32,37,129,113,64,90,97,31,15,65" hai2="38,76,5,10,21,43,39,22,117,57,116,52,44" hai3="114,107,127,120,104,3,79,88,100,121,59,42,96"/><U102/><E113/><V33/><F33/><W19/><G3/><T66/><D66/><U41/><E129/><V20/><F39/><W9/><G42/><T58/><D58/><U4/><E32/><V99/><F99/><W80/><G59/><T63/><D48/><U1/><E31/><V93/><F93/><N who="3" m="58383" /><G19/><T36/><D63/><U14/><E90/><V91/><F91/><W13/><G13/><T126/><D36/><U29/><E29/><V50/><REACH who="2" step="1"/><F76/><REACH who="2" ten="262,207,272,249" step="2"/><W108/><G88/><T26/><D89/><U40/><E37/><V23/><N who="2" m="5120" /><DORA hai="72" /><V134/><F134/><W25/><G79/><T105/><D132/><U8/><E64/><V28/><F28/><W18/><G104/><T7/><D98/><U87/><E65/><V27/><F27/><W83/><G107/><T101/><D26/><U53/><E97/><V2/><AGARI ba="0,1" hai="2,5,10,38,43,44,50,52,57,116,117" m="5120" machi="2" ten="40,5200,0" yaku="1,1,0,1,54,1,53,0" doraHai="118,72" doraHaiUra="77,111" who="2" fromWho="2" sc="262,-13,207,-26,272,62,249,-13" /><INIT seed="6,0,0,0,3,94" ten="249,181,334,236" oya="2" hai0="135,129,78,104,92,83,52,130,43,58,1,127,118" hai1="113,42,89,97,55,35,45,131,74,56,70,66,82" hai2="57,11,3,23,7,117,41,112,61,115,53,2,36" hai3="86,10,9,87,37,76,110,22,123,84,18,64,121"/><V122/><F117/><W107/><G110/><T60/><D104/><U69/><E35/><V80/><F122/><W95/><G107/><T109/><D109/><U134/><E74/><V33/><F33/><W133/><G37/><T20/><D1/><U111/><E82/><V73/><F23/><W81/><G133/><T29/><D118/><U65/><E111/><V51/><F51/><W14/><G64/><N who="1" m="24682" /><E89/><V91/><F91/><N who="3" m="53735" /><G123/><T32/><D32/><U46/><E97/><V75/><F2/><W96/><G121/><T100/><D135/><U8/><E8/><N who="3" m="3178" /><G87/><N who="0" m="48631" /><D127/><U93/><E134/><V108/><F108/><W88/><G96/><N who="0" m="59399" /><D43/><U19/><E93/><V25/><F25/><W79/><AGARI ba="0,0" hai="14,18,22,76,79,81,86,88" m="3178,53735" machi="79" ten="30,2000,0" yaku="8,1,54,1" doraHai="94" who="3" fromWho="3" sc="249,-5,181,-5,334,-10,236,20" /><INIT seed="7,0,0,2,4,79" ten="244,176,324,256" oya="3" hai0="112,109,18,74,106,4,131,84,135,34,59,50,57" hai1="72,100,19,7,9,45,124,118,66,26,129,15,46" hai2="55,62,16,64,42,115,38,70,39,6,3,47,73" hai3="65,48,77,93,80,117,14,17,126,110,35,122,85"/><W111/><G117/><T32/><D106/><U114/><E114/><V90/><F73/><W13/><G122/><T94/><D74/><U130/><E118/><V27/><F115/><W125/><G35/><T83/><D112/><U105/><E72/><V28/><F16/><W86/><G65/><T116/><D116/><U88/><E124/><N who="3" m="47722" /><G48/><T1/><D109/><N who="3" m="41481" /><G17/><T133/><D131/><U21/><E66/><V89/><F39/><W12/><G93/><T119/><D94/><U98/><REACH who="1" step="1"/><E88/><REACH who="1" ten="244,166,324,256" step="2"/><V99/><F64/><W78/><G86/><T23/><D119/><U31/><E31/><V107/><F28/><W103/><G103/><T25/><D133/><U82/><E82/><V128/><F128/><AGARI ba="0,1" hai="7,9,15,19,21,26,45,46,98,100,105,128,129,130" machi="128" ten="40,2600,0" yaku="1,1,19,1,53,0" doraHai="79" doraHaiUra="58" who="1" fromWho="2" sc="244,0,166,36,324,-26,256,0" /><INIT seed="8,0,0,4,5,6" ten="244,202,298,256" oya="0" hai0="113,107,88,126,20,10,128,131,116,16,44,21,54" hai1="60,55,9,124,81,119,32,121,25,109,40,102,104" hai2="1,91,64,80,63,122,69,36,45,133,15,103,85" hai3="98,83,92,42,46,72,52,130,118,56,11,8,0"/><T53/><D107/><U13/><E121/><V111/><F1/><W29/><G0/><T100/><D100/><U76/><E109/><V61/><F111/><W3/><G3/><T49/><D113/><U26/><E124/><V115/><F122/><W47/><G72/><T125/><D116/><U12/><E12/><V17/><F133/><W89/><G118/><T5/><D54/><U99/><E40/><V127/><F115/><W94/><G29/><T79/><D79/><U14/><E14/><V22/><F127/><N who="0" m="48650" /><D5/><U84/><E119/><V120/><F120/><W57/><G57/><T129/><D88/><U24/><E55/><V66/><F103/><N who="3" m="60871" /><G83/><T37/><D37/><U34/><REACH who="1" step="1"/><E60/><REACH who="1" ten="244,192,298,256" step="2"/><V43/><F63/><N who="3" m="36231" /><G130/><T132/><D132/><U75/><E75/><V95/><F66/><W86/><G42/><T31/><D31/><U70/><E70/><V35/><F69/><W117/><G117/><T7/><D7/><AGARI ba="0,1" hai="7,9,13,24,25,26,32,34,76,81,84,99,102,104" machi="7" ten="40,2600,0" yaku="1,1,52,1,53,0" doraHai="6" doraHaiUra="134" who="1" fromWho="0" sc="244,-26,192,36,298,0,256,0" /><INIT seed="9,0,0,5,4,122" ten="218,228,298,256" oya="1" hai0="79,13,56,70,90,113,28,11,71,123,92,44,81" hai1="53,38,88,41,35,12,111,73,43,125,4,23,19" hai2="15,6,114,59,55,101,54,93,120,89,14,83,34" hai3="16,135,18,17,46,129,60,80,98,2,109,127,68"/><U37/><E73/><V94/><F120/><W67/><G2/><T108/><D113/><U116/><E35/><V26/><F114/><W58/><G127/><T124/><D123/><U96/><E125/><V91/><F101/><W95/><G129/><T105/><D105/><U107/><E116/><V48/><F34/><W29/><G135/><T47/><D124/><U7/><E53/><V74/><F26/><W86/><G109/><T126/><D126/><U72/><E72/><V5/><F74/><W1/><G1/><T103/><D103/><U76/><E76/><V61/><F83/><W102/><G68/><T8/><D28/><U85/><E111/><V3/><F3/><W133/><G133/><T10/><D108/><U78/><E37/><V49/><F59/><W50/><G29/><T36/><D36/><U63/><E63/><AGARI ba="0,0" hai="5,6,14,15,48,49,54,55,61,63,89,91,93,94" machi="63" ten="25,3200,0" yaku="22,2,8,1" doraHai="122" who="2" fromWho="1" sc="218,0,228,-32,298,32,256,0" owari="218,-18.2,196,-30.4,330,43.0,256,5.6" /></mjloggm>