<mjloggm ver="2.3"><GO type="169" lobby="0"/><UN n0="%E4%B8%83%E8%8D%89%E9%A6%99%E6%BE%84" n1="%E4%B9%9D%E7%B4%8B%E9%BE%8D%E5%8F%B2%E9%80%B2" n2="%65%6B%61%72%75%74%65" n3="%58%E7%8C%AB" dan="16,19,16,16" rate="2170.86,2282.58,2094.80,2064.24" sx="F,M,M,M"/><TAIKYOKU oya="0"/><INIT seed="0,0,0,0,2,105" ten="250,250,250,250" oya="0" hai0="85,135,1,49,65,21,124,2,108,26,133,58,61" hai1="31,51,62,30,129,74,134,79,8,37,0,87,69" hai2="99,60,82,14,45,78,50,42,100,104,76,44,71" hai3="131,72,53,7,56,117,12,92,23,107,36,28,106"/><T120/><D120/><U52/><E37/><V41/><F14/><W132/><G117/><T88/><D124/><U32/><E129/><V33/><F33/><W57/><G36/><T75/><D108/><U128/><E128/><V27/><F27/><W9/><G132/><N who="0" m="50763" /><D49/><U114/><E134/><V84/><F60/><W64/><G131/><T113/><D113/><U125/><E125/><V13/><F71/><W19/><G28/><N who="0" m="17487" /><D75/><U34/><E87/><V101/><F101/><W91/><G64/><T115/><D115/><U63/><E114/><V67/><F67/><W54/><G57/><T116/><D116/><U126/><E126/><V118/><F118/><W102/><G72/><T96/><D96/><U10/><E69/><V81/><F13/><W17/><G102/><T59/><D59/><U3/><E74/><V123/><F123/><W112/><G112/><T66/><D66/><U90/><E51/><V80/><REACH who="2" step="1"/><F78/><REACH who="2" ten="250,250,240,250" step="2"/><W18/><G23/><T121/><D121/><U89/><REACH who="1" step="1"/><E79/><REACH who="1" ten="250,240,240,250" step="2"/><V35/><F35/><W73/><G73/><T119/><D119/><U109/><E109/><V111/><F111/><W95/><G56/><T5/><D58/><U40/><E40/><V68/><F68/><W20/><G54/><AGARI ba="0,2" hai="0,3,8,10,30,31,32,34,52,54,62,63,89,90" machi="54" ten="25,6400,0" yaku="1,1,22,2,54,1,53,0" doraHai="105" doraHaiUra="38" who="1" fromWho="3" sc="250,0,240,84,240,0,250,-64" /><INIT seed="1,0,0,2,5,67" ten="250,324,240,186" oya="1" hai0="56,79,26,11,107,108,72,77,32,76,61,64,14" hai1="54,117,80,70,97,98,96,0,89,35,65,51,48" hai2="93,4,28,60,10,62,8,71,13,125,63,58,44" hai3="33,6,86,39,122,1,95,47,128,92,25,24,38"/><U82/><E117/><V111/><F111/><W78/><G122/><T127/><D107/><U41/><E0/><V94/><F125/><W90/><G128/><T115/><D115/><U135/><E35/><V134/><F134/><W16/><G78/><T3/><D3/><U30/><E30/><V99/><F28/><W20/><G47/><T74/><D108/><U46/><E135/><V23/><F44/><W121/><G121/><T53/><D127/><U18/><E89/><V106/><F23/><W91/><G6/><T120/><D120/><U49/><E18/><V116/><F116/><W112/><G112/><T17/><D32/><U69/><E65/><V7/><F71/><W22/><G1/><T29/><REACH who="0" step="1"/><D64/><REACH who="0" ten="240,324,240,186" step="2"/><U40/><E54/><N who="2" m="33879" /><F106/><W68/><G33/><T81/><D81/><N who="1" m="31339" /><E46/><V84/><F94/><W9/><G9/><T45/><D45/><U100/><E100/><N who="2" m="60527" /><F84/><W75/><G75/><T5/><D5/><U102/><E102/><V101/><F101/><W123/><G123/><T109/><D109/><U83/><E83/><V66/><F66/><W19/><REACH who="3" step="1"/><G68/><AGARI ba="0,1" hai="40,41,48,49,51,68,69,70,96,97,98" m="31339" machi="68" ten="40,12000,1" yaku="28,2,52,3" doraHai="67" who="1" fromWho="3" sc="240,0,324,130,240,0,186,-120" /><INIT seed="1,1,0,4,2,89" ten="240,454,240,66" oya="1" hai0="109,71,108,58,12,49,3,68,23,54,66,83,37" hai1="55,28,99,110,1,131,22,78,133,130,90,40,27" hai2="129,104,102,18,15,79,70,76,135,81,95,93,41" hai3="62,35,117,50,0,121,87,103,73,65,92,127,57"/><U63/><E1/><V119/><F119/><W113/><G121/><T8/><D3/><U84/><E133/><V88/><F70/><N who="0" m="26666" /><D23/><U114/><E114/><V124/><F124/><W21/><G113/><T60/><D83/><U115/><E115/><V5/><F129/><W33/><G73/><T69/><D12/><U48/><E40/><V7/><F135/><W97/><G0/><T122/><D8/><U126/><E63/><V82/><F41/><W98/><G127/><T31/><D31/><U17/><E126/><V96/><F104/><W53/><G117/><T13/><D13/><U51/><E99/><N who="2" m="57767" /><F82/><W11/><G11/><T74/><D74/><U30/><E78/><N who="2" m="29739" /><F81/><W16/><G87/><T29/><D29/><U36/><E30/><V72/><F72/><W120/><G120/><T77/><D77/><U47/><E28/><V85/><F85/><W107/><G107/><T25/><D122/><U64/><E131/><V56/><F56/><W105/><G105/><T24/><D37/><U123/><E36/><V38/><F38/><W134/><G134/><T94/><D94/><U116/><E130/><V45/><F45/><W52/><G98/><T106/><D106/><U86/><E47/><V46/><F46/><N who="3" m="27735" /><G33/><T19/><D69/><U118/><E118/><V75/><F75/><W32/><G35/><T59/><D59/><U42/><E116/><V80/><F80/><W43/><G32/><T39/><D39/><U67/><E86/><V101/><F102/><W44/><G43/><T20/><D25/><U34/><E123/><V2/><F2/><W91/><G103/><RYUUKYOKU ba="1,0" sc="240,15,454,-15,240,15,66,-15" hai0="19,20,24,49,54,58,60,66,108,109" hai2="5,7,15,18,95,96,101" /><INIT seed="2,2,0,0,5,109" ten="255,439,255,51" oya="2" hai0="52,93,71,95,89,54,0,18,20,35,128,133,126" hai1="15,55,111,79,80,28,59,29,33,7,96,90,132" hai2="72,92,66,81,23,48,25,117,106,101,24,87,84" hai3="119,50,49,127,108,5,120,91,130,17,11,36,68"/><V21/><F117/><W115/><G120/><T14/><D128/><U57/><E111/><V125/><F125/><W85/><G108/><T41/><D126/><U2/><E2/><V88/><F66/><W78/><G127/><T1/><D71/><U53/><E33/><V43/><F72/><W103/><G119/><T104/><D104/><U42/><E42/><V124/><F124/><W82/><G130/><T27/><D41/><U19/><E7/><V4/><F4/><W67/><G36/><T10/><D133/><U77/><E132/><V94/><F106/><W37/><G37/><T131/><D131/><U121/><E121/><V32/><F32/><W70/><G103/><T30/><D95/><U134/><E59/><V98/><F48/><W39/><G39/><T45/><D45/><U31/><E55/><V26/><REACH who="2" step="1"/><F43/><REACH who="2" ten="255,439,245,51" step="2"/><W75/><G67/><T46/><D0/><U38/><E38/><V40/><F40/><W86/><G75/><T97/><D46/><U135/><E135/><V110/><F110/><W83/><G5/><AGARI ba="2,1" hai="1,5,10,14,18,20,27,30,35,52,54,89,93,97" machi="5" ten="40,5200,0" yaku="24,2,54,1" doraHai="109" who="0" fromWho="3" sc="255,68,439,0,245,0,51,-58" owari="323,12.3,439,53.9,245,-15.5,-7,-50.7" /></mjloggm>