<mjloggm ver="2.3"><GO type="169" lobby="0"/><UN n0="%E5%BA%84%E5%8F%B8%E5%81%A5%E5%A4%AA%E6%9C%97" n1="%E3%81%B1%E3%82%93%E3%81%AA%E3%81%93%E3%81%BE%E3%81%A3%E3%81%9F" n2="%E6%AD%A3%E6%B0%A3%E5%8D%81%E8%B6%B3" n3="%4B%69%74%61%6D%75%72%61" dan="16,17,16,18" rate="2038.92,2209.94,2105.02,2305.56" sx="M,M,M,F"/><TAIKYOKU oya="0"/><INIT seed="0,0,0,2,0,134" ten="250,250,250,250" oya="0" hai0="5,45,26,56,74,81,57,37,94,48,54,15,53" hai1="11,119,84,90,80,114,123,69,43,30,33,63,38" hai2="20,8,75,73,120,18,13,93,64,83,89,9,2" hai3="1,10,107,78,55,28,111,60,76,14,61,6,101"/><T42/><D94/><U102/><E119/><V124/><F120/><W99/><G111/><T106/><D106/><U39/><E123/><V86/><F124/><W133/><G133/><T127/><D127/><U50/><E114/><V108/><F108/><W103/><G103/><T12/><D5/><U126/><E126/><V34/><F34/><W132/><G132/><T32/><D74/><U25/><E11/><V79/><F2/><W128/><G128/><T62/><REACH who="0" step="1"/><D81/><REACH who="0" ten="240,250,250,250" step="2"/><U135/><E135/><V67/><F73/><W122/><G122/><T51/><D51/><U36/><E50/><V59/><F75/><W105/><G105/><T88/><D88/><U125/><E125/><V22/><F83/><W91/><G91/><T4/><D4/><U31/><E102/><V100/><F100/><W131/><G6/><T70/><D70/><U116/><E69/><V41/><F79/><W44/><G78/><T85/><D85/><U58/><E80/><V87/><F86/><W0/><G76/><T96/><D96/><U130/><E84/><V46/><F93/><W3/><G107/><T27/><D27/><U118/><E25/><V97/><F97/><W16/><G99/><T77/><D77/><U47/><E90/><V17/><F87/><W98/><G98/><T40/><D40/><U92/><E43/><V7/><F89/><W104/><G104/><T23/><D23/><N who="2" m="8746" /><F8/><W65/><G101/><T113/><D113/><U52/><E92/><V21/><F21/><W35/><G35/><T95/><D95/><U71/><E33/><V121/><F7/><W110/><G10/><RYUUKYOKU ba="0,1" sc="240,30,250,-10,250,-10,250,-10" hai0="12,15,26,32,37,42,45,48,53,54,56,57,62" /><INIT seed="0,1,1,2,3,83" ten="270,240,240,240" oya="0" hai0="14,94,68,53,45,39,43,90,60,93,88,22,13" hai1="111,99,59,129,72,58,11,6,133,109,70,127,1" hai2="80,12,66,38,7,25,40,124,35,27,69,65,32" hai3="95,117,123,126,42,64,21,135,37,77,48,24,118"/><T98/><D22/><U41/><E70/><V49/><F38/><W121/><G37/><T46/><D46/><U91/><E72/><V105/><F105/><W31/><G77/><T44/><D45/><U19/><E127/><V29/><F124/><W54/><G42/><T110/><D110/><N who="1" m="41995" /><E129/><V96/><F96/><W84/><G64/><T8/><D8/><U104/><E133/><V108/><F108/><W106/><G106/><T97/><D53/><U73/><E73/><V5/><F12/><W79/><G126/><T107/><D107/><U81/><E41/><V62/><F80/><N who="3" m="47135" /><G95/><T89/><REACH who="0" step="1"/><D90/><REACH who="0" ten="260,240,240,240" step="2"/><U85/><E19/><V120/><F65/><AGARI ba="1,2" hai="13,14,39,43,44,60,65,68,88,89,93,94,97,98" machi="65" ten="40,12000,1" yaku="1,1,2,1,9,1,54,1,53,0" doraHai="83" doraHaiUra="128" who="0" fromWho="2" sc="260,143,240,0,240,-123,240,0" /><INIT seed="0,2,0,1,3,54" ten="403,240,117,240" oya="0" hai0="104,130,49,28,46,114,39,52,92,99,42,81,12" hai1="58,5,44,110,116,38,48,33,36,35,117,29,7" hai2="115,19,32,108,135,55,1,106,0,125,133,98,123" hai3="20,40,63,61,26,24,121,2,11,85,25,93,37"/><T34/><D114/><U128/><E110/><V90/><F123/><W87/><G121/><T6/><D130/><U47/><E128/><V71/><F32/><W80/><G37/><T68/><D68/><U16/><E48/><V100/><F115/><W3/><G40/><T73/><D104/><U69/><E69/><V31/><F108/><W97/><G20/><T65/><D65/><U64/><E64/><V83/><F31/><W105/><G105/><T15/><D6/><U103/><E103/><V43/><F43/><W70/><G70/><T96/><D96/><U112/><E112/><V78/><F71/><W120/><G120/><T84/><D73/><U56/><REACH who="1" step="1"/><E16/><REACH who="1" ten="403,230,117,240" step="2"/><V62/><F125/><W79/><G63/><T131/><D131/><U60/><E60/><V89/><F19/><W17/><G61/><T45/><D39/><U10/><E10/><V13/><F133/><W75/><G17/><T30/><D42/><U107/><E107/><V101/><F100/><W18/><G18/><T95/><D30/><AGARI ba="2,1" hai="5,7,29,30,33,35,36,38,44,47,56,58,116,117" machi="30" ten="25,8000,1" yaku="1,1,22,2,52,2,53,0" doraHai="54" doraHaiUra="82" who="1" fromWho="0" sc="403,-86,230,96,117,0,240,0" /><INIT seed="1,0,0,4,2,23" ten="317,326,117,240" oya="1" hai0="45,84,37,105,97,72,104,80,114,66,107,64,92" hai1="38,129,59,67,22,63,108,30,8,70,83,116,19" hai2="100,124,85,89,103,36,79,32,2,20,120,127,35" hai3="24,121,126,27,47,132,78,82,4,43,56,123,60"/><U93/><E116/><V10/><F36/><W25/><G4/><T122/><D66/><U87/><E38/><V28/><F120/><W39/><G132/><T55/><D64/><U0/><E129/><V5/><F79/><W117/><G117/><T65/><D65/><U21/><E108/><V61/><F61/><W50/><G126/><T40/><D114/><U130/><E130/><V3/><F3/><W125/><G125/><N who="2" m="48201" /><F20/><W111/><G111/><T81/><D55/><U29/><E70/><V119/><F119/><W62/><G39/><T13/><D13/><U51/><E93/><N who="2" m="54447" /><F28/><W128/><G128/><T95/><D122/><U75/><E75/><V135/><F135/><W48/><G123/><T74/><D95/><U14/><E51/><V44/><F44/><W115/><G115/><T11/><D11/><U112/><E112/><V90/><F90/><W6/><G121/><T69/><D69/><U58/><E58/><V71/><F71/><W31/><G31/><N who="1" m="11786" /><E0/><V42/><F42/><W110/><G110/><T57/><D57/><U134/><E134/><V101/><AGARI ba="0,0" hai="2,5,10,32,35,100,101,103" m="54447,48201" machi="101" ten="30,1100,0" yaku="18,1" doraHai="23" who="2" fromWho="2" sc="317,-3,326,-5,117,11,240,-3" /><INIT seed="2,0,0,4,4,116" ten="314,321,128,237" oya="2" hai0="135,43,42,40,14,56,85,47,31,83,91,107,33" hai1="12,122,118,99,103,67,7,38,81,113,41,112,54" hai2="0,55,102,129,5,89,16,19,49,78,94,127,44" hai3="86,109,2,132,6,60,88,96,104,73,105,77,119"/><V35/><F129/><W100/><G119/><T53/><D135/><U69/><E118/><V39/><F127/><W134/><G109/><T80/><D107/><N who="1" m="63999" /><E54/><V37/><F35/><W92/><G60/><T133/><D133/><N who="3" m="51305" /><G6/><T26/><D14/><U123/><E81/><V13/><F102/><W87/><G2/><T64/><D64/><U68/><E12/><V84/><F78/><W3/><G3/><T75/><D75/><U23/><E23/><V101/><F101/><W98/><G105/><T15/><D15/><U120/><E7/><V48/><F49/><W36/><G36/><T8/><D8/><U70/><E67/><V114/><F114/><W128/><G128/><T110/><D83/><AGARI ba="0,0" hai="73,77,83,86,87,88,92,96,98,100,104" m="51305" machi="83" ten="30,7700,0" yaku="20,1,34,2,54,1" doraHai="116" who="3" fromWho="0" sc="314,-77,321,0,128,0,237,77" /><INIT seed="3,0,0,2,2,30" ten="237,321,128,314" oya="3" hai0="43,72,5,100,109,108,36,22,60,10,56,2,89" hai1="67,61,41,73,123,88,135,95,113,62,28,101,32" hai2="125,50,49,104,103,107,42,81,126,94,79,40,35" hai3="80,39,82,127,93,14,112,97,21,96,44,54,90"/><W75/><G112/><T59/><D72/><U38/><E123/><V131/><F94/><W17/><G127/><N who="2" m="48649" /><F81/><W114/><G114/><T55/><D100/><U134/><E113/><V34/><F79/><W46/><G39/><T19/><D43/><N who="2" m="16426" /><F103/><W74/><G74/><T13/><D36/><U124/><E73/><V20/><F20/><W51/><G75/><T98/><D59/><U52/><E101/><V110/><F131/><W64/><G64/><T91/><REACH who="0" step="1"/><D98/><REACH who="0" ten="227,321,128,314" step="2"/><U129/><E124/><V122/><F122/><W68/><G97/><T48/><D48/><N who="2" m="18538" /><F110/><AGARI ba="0,1" hai="2,5,10,13,19,22,55,56,60,89,91,108,109,110" machi="110" ten="40,2600,0" yaku="1,1,14,1,53,0" doraHai="30" doraHaiUra="115" who="0" fromWho="2" sc="227,36,321,0,128,-26,314,0" /><INIT seed="4,0,0,2,2,62" ten="263,321,102,314" oya="0" hai0="103,91,119,39,41,112,57,8,127,116,78,67,21" hai1="122,129,94,20,128,71,19,4,45,113,79,30,9" hai2="13,77,51,66,52,109,61,10,27,72,99,105,46" hai3="104,14,87,18,97,98,126,89,130,47,70,32,76"/><T15/><D116/><U28/><E122/><V118/><F118/><W1/><G1/><T2/><D119/><U3/><E71/><V37/><F109/><W92/><G32/><T75/><D112/><U83/><E94/><V63/><F63/><W135/><G70/><T93/><D103/><U121/><E45/><V74/><F77/><W50/><G135/><T53/><D2/><U120/><E113/><V25/><F37/><W95/><G130/><N who="1" m="50282" /><E83/><V115/><F115/><W85/><G104/><T100/><D100/><U44/><E44/><V68/><F99/><W125/><G125/><T7/><D41/><U26/><E79/><V96/><F96/><W17/><G17/><T82/><D39/><U6/><E6/><V90/><F90/><N who="3" m="55447" /><G126/><T43/><D127/><U12/><E30/><V58/><F105/><W134/><G134/><T110/><D110/><U117/><E117/><V24/><REACH who="2" step="1"/><F68/><REACH who="2" ten="263,321,92,314" step="2"/><W54/><G76/><T123/><D91/><U114/><E114/><V108/><F108/><W81/><G98/><T11/><D75/><U86/><E86/><V34/><F34/><AGARI ba="0,1" hai="3,4,9,12,19,20,26,28,34,120,121" m="50282" machi="34" ten="30,7700,0" yaku="24,1,19,1,34,2" doraHai="62" who="1" fromWho="2" sc="263,0,321,87,92,-77,314,0" /><INIT seed="5,0,0,0,1,100" ten="263,408,15,314" oya="1" hai0="41,34,11,15,96,135,92,65,52,128,95,120,114" hai1="5,12,89,113,46,130,90,9,87,19,94,70,80" hai2="66,79,78,111,105,33,28,50,74,108,39,86,97" hai3="54,55,118,21,16,112,58,63,73,38,45,134,29"/><U42/><E113/><V109/><F39/><W121/><G121/><T56/><D34/><U20/><E130/><V93/><F66/><W64/><G112/><T18/><D114/><U116/><E70/><V51/><F28/><W8/><G73/><T47/><D128/><U49/><E116/><V98/><F33/><W99/><G118/><T129/><D129/><U6/><REACH who="1" step="1"/><E9/><REACH who="1" ten="263,398,15,314" step="2"/><V26/><F26/><W31/><G8/><T37/><D120/><U44/><E44/><V24/><F24/><W132/><G45/><T103/><D135/><U1/><E1/><V91/><F97/><AGARI ba="0,1" hai="5,6,12,19,20,42,46,49,80,87,89,90,94,97" machi="97" ten="30,11600,0" yaku="1,1,7,1,8,1,53,1" doraHai="100" doraHaiUra="76" who="1" fromWho="2" sc="263,0,398,126,15,-116,314,0" owari="263,-13.7,524,62.4,-101,-60.1,314,11.4" /></mjloggm>