<mjloggm ver="2.3"><GO type="169" lobby="0"/><UN n0="%E3%83%94%E3%83%B3%E3%82%B5%E3%83%AD%E5%BA%97%E5%93%A1" n1="%E3%81%A8%E3%82%8D%E3%82%8D%E3%81%9D%E3%81%B0" n2="%E4%B8%BB%E5%A9%A6%E3%81%A8%E3%81%97%E5%AD%90" n3="%E3%82%B7%E3%83%AB%E3%83%90%E3%83%BC%E3%83%96%E3%83%AC%E3%83%83%E3%83%88" dan="17,17,17,16" rate="2242.95,2248.31,2181.29,2200.45" sx="M,M,M,M"/><TAIKYOKU oya="0"/><INIT seed="0,0,0,5,5,58" ten="250,250,250,250" oya="0" hai0="28,37,62,110,45,111,131,100,61,16,99,93,5" hai1="46,103,56,32,77,4,48,65,38,49,9,135,52" hai2="118,86,1,85,55,96,83,57,125,23,127,51,44" hai3="102,112,104,79,68,15,70,6,31,50,12,13,73"/><T132/><D131/><U10/><E135/><V113/><F113/><W17/><G112/><T35/><D132/><U97/><E32/><V107/><F118/><W43/><G31/><T74/><D74/><U94/><E38/><V54/><F1/><W126/><G126/><T18/><D5/><U128/><E128/><V95/><F107/><W75/><G6/><T115/><D115/><U66/><E77/><V109/><F109/><N who="0" m="41482" /><D28/><U47/><E56/><V63/><F23/><W119/><G17/><N who="0" m="6763" /><D35/><U69/><E69/><V90/><REACH who="2" step="1"/><F86/><REACH who="2" ten="250,250,240,250" step="2"/><W14/><G104/><T122/><D122/><U88/><E10/><V40/><F40/><AGARI ba="0,1" hai="37,40,45,61,62,93,99,100" m="6763,41482" machi="40" ten="30,12000,1" yaku="14,1,10,1,52,2,54,1" doraHai="58" who="0" fromWho="2" sc="250,130,250,0,240,-120,250,0" /><INIT seed="0,1,0,2,5,115" ten="380,250,120,250" oya="0" hai0="71,110,10,36,123,88,21,97,132,99,35,100,2" hai1="108,112,40,41,30,86,78,25,67,79,94,60,5" hai2="3,12,56,117,18,22,4,95,68,37,124,24,87" hai3="69,50,34,105,134,57,96,51,0,15,9,93,55"/><T116/><D123/><U74/><E74/><V107/><F107/><W85/><G134/><T114/><D114/><U98/><E112/><V61/><F37/><W14/><G34/><T32/><D71/><U83/><E5/><V135/><F135/><W72/><G72/><T103/><D132/><U16/><E79/><V129/><F124/><W17/><G69/><T70/><D70/><U111/><E111/><V31/><F68/><W49/><G0/><T33/><D36/><U81/><E81/><V27/><F129/><W45/><G105/><T38/><D38/><U122/><E108/><V104/><F104/><W101/><G85/><T92/><D110/><U52/><E67/><V91/><F117/><W53/><REACH who="3" step="1"/><G15/><REACH who="3" ten="380,250,120,240" step="2"/><T65/><D35/><U113/><E113/><V119/><F119/><W121/><G121/><T28/><D33/><U46/><E122/><V120/><F120/><W73/><G73/><T118/><D32/><U23/><E30/><V42/><F31/><W90/><G90/><T106/><D2/><U128/><E128/><V8/><REACH who="2" step="1"/><F42/><REACH who="2" ten="380,250,110,240" step="2"/><W133/><G133/><T47/><D106/><U19/><E41/><V66/><AGARI ba="1,2" hai="3,4,8,12,18,22,24,27,56,61,66,87,91,95" machi="66" ten="20,5200,0" yaku="1,1,2,1,0,1,7,1,53,0" doraHai="115" doraHaiUra="29" who="2" fromWho="2" sc="380,-27,250,-14,110,75,240,-14" /><INIT seed="1,0,0,3,4,126" ten="353,236,185,226" oya="1" hai0="79,42,93,120,76,36,131,23,72,20,2,21,44" hai1="121,16,87,95,107,9,31,69,130,83,11,73,8" hai2="10,0,18,55,88,60,132,101,65,25,17,61,97" hai3="43,122,80,26,135,81,51,127,15,71,116,22,38"/><U29/><E121/><V56/><F132/><W99/><G122/><T64/><D120/><U86/><E107/><V103/><F25/><W94/><G38/><T19/><D2/><U118/><E73/><V63/><F63/><W32/><G71/><T48/><D72/><U62/><E118/><V54/><F0/><W92/><G127/><T59/><D19/><U58/><E69/><V124/><F124/><W14/><G32/><T119/><D119/><U104/><E104/><V96/><F10/><W46/><G135/><T37/><D37/><U98/><E130/><V68/><F88/><N who="3" m="55687" /><G94/><T52/><D131/><U34/><E34/><V82/><F82/><N who="3" m="31851" /><G116/><T100/><REACH who="0" step="1"/><D64/><REACH who="0" ten="343,236,185,226" step="2"/><N who="1" m="38999" /><E16/><AGARI ba="0,1" hai="14,15,16,22,26,43,46,51" m="31851,55687" machi="16" ten="30,3900,0" yaku="8,1,54,2" doraHai="126" who="3" fromWho="1" sc="343,0,236,-39,185,0,226,49" /><INIT seed="2,0,0,3,5,95" ten="343,197,185,275" oya="2" hai0="127,53,102,130,14,39,78,38,65,12,82,48,41" hai1="37,97,133,79,66,89,50,107,26,35,28,121,85" hai2="91,7,40,128,74,100,13,25,106,86,21,114,4" hai3="113,36,47,73,42,94,44,18,129,124,16,109,123"/><V49/><F114/><W51/><G109/><T9/><D130/><U120/><E37/><V93/><F74/><W23/><G123/><T15/><D127/><U60/><E133/><V22/><F128/><W110/><G110/><T43/><D65/><U77/><E50/><V80/><F106/><W52/><G129/><T70/><D70/><U84/><E84/><V115/><F115/><W122/><G122/><N who="1" m="47210" /><E107/><V112/><F112/><W68/><G113/><T61/><D61/><U134/><E134/><V98/><F13/><W71/><G124/><T0/><D102/><U30/><E28/><V1/><F1/><W117/><G117/><T24/><D24/><U118/><E118/><V135/><F135/><W103/><G73/><T33/><D33/><U96/><E79/><V104/><F21/><W2/><G2/><T64/><D64/><U8/><E77/><V111/><F104/><W88/><G103/><T57/><D39/><U92/><E8/><V87/><F87/><W54/><G54/><T17/><D38/><U32/><E35/><V34/><F34/><W81/><G81/><T59/><D59/><AGARI ba="0,0" hai="26,30,32,59,60,66,85,89,92,96,97" m="47210" machi="59" ten="30,3900,0" yaku="13,1,52,2" doraHai="95" who="1" fromWho="0" sc="343,-39,197,39,185,0,275,0" /><INIT seed="3,0,0,2,0,83" ten="304,236,185,275" oya="3" hai0="71,30,96,65,47,33,117,63,97,78,44,59,67" hai1="4,82,20,73,110,128,116,60,23,45,98,53,132" hai2="120,100,3,48,88,90,72,123,56,7,58,25,46" hai3="112,43,40,86,5,31,76,118,69,130,103,10,122"/><W84/><G122/><N who="2" m="46633" /><F72/><W34/><G130/><T104/><D117/><U50/><E128/><V106/><F25/><W12/><G112/><T81/><D67/><U15/><E110/><V57/><F3/><W28/><G118/><T54/><D30/><N who="3" m="11305" /><G69/><T66/><D33/><U38/><E38/><V21/><F21/><W22/><G34/><T134/><D66/><U94/><E132/><V114/><F7/><W125/><G125/><T87/><D134/><U77/><E116/><V126/><F114/><W29/><G103/><T9/><D9/><U115/><E115/><V124/><F100/><W109/><G109/><T70/><D70/><U127/><E127/><N who="2" m="48683" /><F106/><W99/><G99/><T19/><D19/><U79/><E79/><V35/><F35/><W89/><G76/><T24/><D24/><U64/><E4/><V41/><AGARI ba="0,0" hai="41,46,48,56,57,58,88,90" m="48683,46633" machi="41" ten="40,5200,0" yaku="13,1,18,1,54,1" doraHai="83" who="2" fromWho="2" sc="304,-13,236,-13,185,52,275,-26" /><INIT seed="4,0,0,2,5,97" ten="291,223,237,249" oya="0" hai0="62,129,1,30,58,18,78,41,52,134,82,73,29" hai1="93,75,48,107,87,33,74,42,65,95,9,84,19" hai2="61,103,118,22,132,85,112,86,38,110,113,68,34" hai3="116,126,3,131,21,44,64,124,89,114,130,13,4"/><T60/><D1/><U17/><E107/><V90/><F110/><W115/><G44/><T14/><D129/><N who="3" m="49161" /><G64/><T25/><D134/><U0/><E65/><N who="2" m="41007" /><F34/><W24/><G13/><T53/><D41/><U66/><E66/><V81/><F38/><W35/><G89/><T57/><REACH who="0" step="1"/><D25/><REACH who="0" ten="281,223,237,249" step="2"/><U98/><E0/><V72/><F132/><W15/><G3/><T111/><D111/><U119/><E42/><V99/><F118/><W12/><G116/><T56/><D56/><U49/><E119/><V8/><F113/><N who="3" m="43019" /><G35/><T123/><D123/><U47/><E33/><V16/><F112/><W23/><G23/><AGARI ba="0,1" hai="14,18,23,29,30,52,53,57,58,60,62,73,78,82" machi="23" ten="30,18000,2" yaku="1,1,7,1,9,1,54,1,53,2" doraHai="97" doraHaiUra="27" who="0" fromWho="3" sc="281,190,223,0,237,0,249,-180" /><INIT seed="4,1,0,4,0,13" ten="471,223,237,69" oya="0" hai0="107,0,12,88,82,46,40,48,126,97,66,34,8" hai1="9,19,111,32,21,83,106,92,91,123,3,71,63" hai2="14,15,96,31,125,118,95,22,72,5,98,74,114" hai3="45,90,44,124,119,99,109,61,120,11,130,121,122"/><T2/><D34/><U23/><E111/><V28/><F22/><W86/><G119/><T73/><D126/><U4/><E106/><V135/><F95/><W70/><G109/><T132/><D132/><U69/><E123/><V64/><F64/><W51/><G130/><T57/><D73/><U7/><E7/><V18/><F5/><W27/><G124/><T134/><D134/><U29/><E83/><V62/><F62/><W68/><G99/><T42/><D42/><U50/><E23/><V133/><F125/><W93/><G27/><T36/><D107/><U49/><E29/><V56/><F56/><W60/><G11/><T35/><D35/><U39/><E39/><V94/><F94/><W102/><G102/><T115/><D115/><U101/><E101/><V59/><F59/><W75/><G75/><T24/><D24/><U100/><E100/><V112/><F118/><W108/><G108/><T128/><D128/><U87/><E32/><V10/><F10/><W110/><G110/><T127/><D127/><U37/><E37/><V76/><F76/><W65/><REACH who="3" step="1"/><G51/><REACH who="3" ten="471,223,237,59" step="2"/><N who="0" m="27079" /><D97/><U117/><E117/><V52/><F74/><W30/><G30/><T84/><D36/><U17/><E50/><V79/><F72/><W67/><AGARI ba="1,1" hai="44,45,60,61,65,67,68,70,86,90,93,120,121,122" machi="67" ten="40,12000,2" yaku="1,1,0,1,9,1,13,1,53,2" doraHai="13" doraHaiUra="41" who="3" fromWho="3" sc="471,-61,223,-31,237,-31,59,133" /><INIT seed="5,0,0,3,3,9" ten="410,192,206,192" oya="1" hai0="29,103,134,12,77,113,118,84,101,132,121,126,22" hai1="135,17,67,92,48,110,55,59,114,93,71,79,87" hai2="20,119,99,116,69,46,25,35,19,81,130,24,5" hai3="68,106,34,1,72,32,108,115,80,45,102,4,26"/><U53/><E114/><V75/><F69/><W14/><G115/><T54/><D113/><U120/><E120/><V78/><F130/><W43/><G108/><T95/><D118/><U107/><E107/><V88/><F5/><W91/><G14/><T57/><D126/><U83/><E135/><N who="0" m="51753" /><D121/><U123/><E123/><V18/><F46/><W62/><G91/><N who="0" m="53735" /><D77/><U27/><E110/><V40/><F40/><W89/><G62/><N who="0" m="36151" /><D12/><U61/><REACH who="1" step="1"/><E55/><REACH who="1" ten="410,182,206,192" step="2"/><V112/><F112/><W21/><G106/><T49/><D49/><U129/><E129/><V0/><F119/><W109/><G109/><T97/><D97/><U30/><E30/><V63/><F116/><W96/><G96/><T94/><D94/><U52/><E52/><V16/><F99/><W28/><G28/><T58/><D29/><U37/><E37/><V90/><F63/><W41/><G34/><T128/><D128/><U8/><E8/><V82/><F35/><W36/><G32/><T31/><D31/><U6/><E6/><V122/><F122/><W44/><G36/><T124/><D124/><U64/><E64/><V74/><F19/><W60/><G60/><T100/><D22/><AGARI ba="0,1" hai="17,22,27,48,53,59,61,67,71,79,83,87,92,93" machi="22" ten="40,2000,0" yaku="1,1,53,0" doraHai="9" doraHaiUra="70" who="1" fromWho="0" sc="410,-20,182,30,206,0,192,0" /><INIT seed="5,1,0,5,1,19" ten="390,212,206,192" oya="1" hai0="64,25,53,94,95,100,79,130,85,120,37,38,69" hai1="40,106,26,117,76,78,71,51,112,3,132,4,24" hai2="49,48,36,61,70,115,56,27,68,110,135,113,52" hai3="22,50,82,41,116,97,34,0,21,92,12,14,63"/><U127/><E117/><V108/><F36/><W104/><G0/><T128/><D120/><U35/><E106/><V42/><F27/><W59/><G34/><T58/><D64/><U98/><E71/><N who="2" m="27179" /><F135/><W54/><G104/><T133/><D69/><U33/><E132/><V126/><F126/><W101/><G82/><N who="0" m="47327" /><D25/><U107/><E127/><V88/><F88/><W96/><G97/><N who="0" m="59447" /><D95/><U29/><E107/><V31/><F31/><W121/><G121/><T20/><D20/><N who="3" m="7785" /><G116/><T2/><D2/><U123/><E98/><V99/><F99/><W10/><G10/><T39/><D133/><U73/><E123/><V114/><F42/><W9/><G9/><T103/><D103/><U124/><E124/><V7/><F7/><W32/><G32/><T23/><D23/><U60/><E73/><V44/><F44/><AGARI ba="1,0" hai="12,14,41,44,50,54,59,63,92,96,101" m="7785" machi="44" ten="30,7700,0" yaku="8,1,52,3" doraHai="19" who="3" fromWho="2" sc="390,0,212,0,206,-80,192,80" /><INIT seed="6,0,0,2,3,103" ten="390,212,126,272" oya="2" hai0="113,63,132,34,77,100,75,97,98,116,109,92,39" hai1="8,1,38,66,48,123,130,83,28,108,110,86,25" hai2="131,67,114,65,85,49,52,43,55,76,21,112,35" hai3="51,46,0,27,57,91,105,11,69,101,23,12,5"/><V32/><F131/><W61/><G69/><T10/><D109/><U56/><E38/><V119/><F119/><W115/><G115/><N who="2" m="44073" /><F21/><W133/><G133/><T127/><D39/><U94/><E130/><V4/><F4/><W13/><G91/><T16/><D34/><N who="2" m="12842" /><F76/><W2/><G101/><T79/><D113/><U3/><E123/><V87/><F43/><W106/><G13/><T93/><D132/><U84/><E1/><V70/><F70/><W53/><G2/><T104/><D116/><U33/><E3/><V128/><F128/><W78/><G78/><T80/><D79/><U45/><E8/><V122/><F122/><W117/><G0/><T44/><D10/><U135/><E135/><V134/><F134/><W30/><REACH who="3" step="1"/><G117/><REACH who="3" ten="390,212,126,262" step="2"/><T14/><D77/><U82/><E110/><V111/><F111/><W7/><G7/><T58/><D14/><U107/><E108/><V90/><F90/><W129/><G129/><T41/><D100/><U125/><E25/><V124/><F124/><W71/><G71/><T81/><D127/><U26/><E125/><V6/><F6/><W18/><G18/><T59/><D16/><U9/><E26/><V99/><F99/><W88/><G88/><T120/><D98/><U22/><E86/><N who="2" m="32779" /><F49/><W19/><G19/><T36/><D97/><U64/><E48/><V126/><F126/><W37/><G37/><T40/><D36/><U24/><E84/><V62/><F62/><W50/><G50/><T15/><D63/><U68/><E68/><V47/><F47/><W29/><G29/><T73/><D120/><U89/><E45/><RYUUKYOKU ba="0,1" sc="390,-15,212,-15,126,15,262,15" hai2="52,55,65,67" hai3="5,11,12,23,27,30,46,51,53,57,61,105,106" /><INIT seed="6,1,1,2,3,123" ten="375,197,141,277" oya="2" hai0="106,29,73,14,99,95,22,110,75,23,97,65,115" hai1="89,40,67,41,109,10,135,45,52,46,26,77,44" hai2="81,4,17,8,68,72,50,131,9,24,112,122,7" hai3="124,57,32,129,66,128,101,51,70,20,37,42,62"/><V31/><F68/><W28/><G20/><T79/><D110/><U82/><E109/><V86/><F122/><W102/><G37/><T91/><D115/><U104/><E104/><V38/><F38/><W111/><G111/><T39/><D39/><U88/><E67/><V133/><F112/><W98/><G124/><T120/><D120/><U71/><E71/><V5/><F131/><W43/><G102/><T55/><D65/><U76/><E135/><V134/><F72/><W6/><G6/><T53/><D79/><U127/><E127/><V96/><F96/><W30/><G57/><T12/><D95/><U119/><E26/><V54/><F17/><W61/><G62/><T74/><D74/><U59/><E10/><V85/><F9/><W48/><G48/><T121/><D121/><U116/><E116/><V90/><F86/><W113/><G113/><T25/><D91/><N who="1" m="34891" /><E119/><V34/><REACH who="2" step="1"/><F8/><REACH who="2" ten="375,197,131,277" step="2"/><W84/><G84/><T69/><D69/><U108/><E108/><V63/><F63/><W107/><G129/><T18/><D75/><U125/><E125/><V11/><F11/><W49/><G128/><T130/><D73/><U105/><E105/><V94/><F94/><W13/><G98/><N who="0" m="37387" /><D106/><U56/><E82/><V47/><AGARI ba="1,2" hai="4,5,7,24,31,34,47,50,54,81,85,90,133,134" machi="47" ten="30,3000,0" yaku="1,1,0,1,53,0" doraHai="123" doraHaiUra="33" who="2" fromWho="2" sc="375,-11,197,-11,131,53,277,-11" /><INIT seed="6,2,0,5,3,13" ten="364,186,184,266" oya="2" hai0="61,119,37,82,104,135,21,34,29,26,120,39,112" hai1="18,12,71,59,42,38,25,27,89,96,105,85,7" hai2="86,5,99,44,2,65,78,124,98,3,19,127,49" hai3="17,114,95,31,103,41,75,52,20,108,113,117,51"/><V118/><F118/><W130/><G108/><T62/><D120/><U110/><E71/><V79/><F65/><W73/><G31/><T106/><D119/><U69/><E69/><V76/><F86/><W92/><G41/><T53/><D112/><N who="3" m="43113" /><G130/><T55/><D135/><U0/><E110/><V80/><F80/><W125/><G125/><N who="2" m="48201" /><F19/><W87/><G117/><T84/><D34/><U48/><E7/><V109/><F109/><W107/><G107/><T91/><D106/><U128/><E105/><V126/><N who="2" m="48209" /><V57/><DORA hai="94" /><F57/><N who="3" m="32927" /><G87/><T60/><D104/><U101/><E128/><V81/><F81/><W100/><G95/><T132/><D132/><U46/><E85/><V88/><F5/><W122/><G122/><T83/><D83/><U58/><E58/><V67/><F67/><W77/><G92/><T35/><D35/><U36/><E59/><V123/><F123/><W10/><G77/><T4/><D4/><U74/><E74/><N who="3" m="28170" /><G10/><T45/><D45/><U14/><E46/><V47/><F47/><W115/><G115/><T116/><D116/><U111/><E111/><V9/><F9/><W32/><G32/><T11/><D11/><U133/><E133/><V56/><F56/><W72/><G72/><T102/><D82/><U43/><E42/><N who="2" m="24727" /><F88/><W1/><G1/><AGARI ba="2,0" hai="1,2,3,76,78,79,98,99" m="24727,48209" machi="1" ten="50,9600,0" yaku="18,1,52,2" doraHai="13,94" who="2" fromWho="3" sc="364,0,186,0,184,102,266,-102" /><INIT seed="6,3,0,2,3,84" ten="364,186,286,164" oya="2" hai0="87,62,97,118,69,23,28,109,110,126,34,12,111" hai1="42,1,47,65,82,125,66,104,122,6,64,132,49" hai2="19,75,31,26,106,105,120,70,99,60,5,55,36" hai3="44,89,50,95,24,43,131,3,38,133,14,39,4"/><V93/><F120/><W129/><G3/><T121/><D121/><U35/><E104/><V72/><F36/><W96/><G24/><T21/><D126/><U40/><E35/><V58/><F70/><W46/><G133/><T20/><D118/><U25/><E122/><V108/><F5/><W48/><G14/><T101/><D87/><U53/><E1/><V115/><F115/><W123/><G4/><T29/><D12/><U7/><E132/><V130/><F106/><W114/><G123/><T22/><D22/><U134/><E134/><V30/><F105/><W52/><REACH who="3" step="1"/><G114/><REACH who="3" ten="364,186,286,154" step="2"/><T107/><D34/><U15/><E6/><V56/><F26/><W57/><G57/><T73/><D29/><U32/><E25/><V68/><F56/><W37/><AGARI ba="3,1" hai="37,38,39,43,44,46,48,50,52,89,95,96,129,131" machi="37" ten="40,8000,1" yaku="1,1,0,1,52,1,54,1,53,0" doraHai="84" doraHaiUra="8" who="3" fromWho="3" sc="364,-23,186,-23,286,-43,154,99" /><INIT seed="7,0,0,1,4,72" ten="341,163,243,253" oya="3" hai0="42,33,24,32,18,9,127,2,25,66,80,81,67" hai1="94,106,125,64,112,111,73,96,28,10,123,108,109" hai2="34,85,5,101,40,27,43,95,22,52,36,23,71" hai3="56,119,115,78,89,39,11,79,13,20,83,8,75"/><W4/><G119/><T116/><D116/><U105/><E28/><N who="2" m="17527" /><F71/><W86/><G39/><T135/><D42/><U88/><E64/><V61/><F34/><W41/><G115/><T19/><D9/><U0/><E10/><V1/><F1/><W82/><G41/><T15/><D15/><U57/><E0/><V51/><F5/><W90/><G20/><T29/><D2/><U69/><E69/><V7/><F7/><W14/><REACH who="3" step="1"/><G56/><REACH who="3" ten="341,163,243,243" step="2"/><T77/><D33/><U92/><E57/><N who="2" m="34983" /><F40/><W131/><G131/><T134/><D32/><U46/><E46/><V98/><F23/><W110/><G110/><T107/><D135/><U62/><E123/><V26/><F36/><W87/><G87/><T103/><D134/><U60/><E112/><V113/><F85/><W99/><G99/><T38/><D38/><U102/><E125/><V120/><F113/><W49/><G49/><T114/><D127/><U35/><E35/><V45/><F120/><W30/><G30/><T100/><D29/><U74/><E60/><V48/><F48/><W70/><G70/><T50/><D114/><U54/><E62/><V128/><F128/><W133/><G133/><T59/><D50/><U31/><E31/><V6/><F51/><W84/><G84/><T44/><D59/><U63/><E63/><V17/><F45/><W21/><G21/><T12/><D44/><U55/><E54/><V104/><F43/><W117/><G117/><T68/><D68/><U122/><E55/><V58/><F58/><W65/><G65/><T97/><D67/><U53/><E53/><V132/><F132/><RYUUKYOKU ba="0,1" sc="341,-10,163,-10,243,-10,243,30" hai3="4,8,11,13,14,75,78,79,82,83,86,89,90" /><INIT seed="7,1,1,2,0,109" ten="331,153,233,273" oya="3" hai0="126,117,45,48,74,96,52,94,20,36,84,125,93" hai1="70,71,124,121,19,69,44,46,40,116,64,41,67" hai2="97,132,32,47,5,120,34,56,75,87,61,21,112" hai3="8,78,118,83,1,60,4,57,18,81,66,16,2"/><W51/><G118/><T0/><D74/><U42/><E19/><V114/><F75/><W39/><G39/><T127/><D117/><U128/><E116/><V92/><F132/><W123/><G123/><T17/><D0/><U135/><E121/><V65/><F120/><W85/><G2/><T49/><D36/><U37/><E135/><V14/><F87/><W86/><G51/><N who="0" m="28783" /><D84/><U29/><E29/><V43/><F21/><W58/><G57/><T72/><D72/><U35/><E35/><V106/><F106/><W53/><G53/><T3/><D3/><U24/><E24/><V30/><F14/><W27/><G27/><N who="0" m="14735" /><D94/><U33/><E33/><V82/><F82/><W104/><G104/><T13/><D13/><U79/><E79/><AGARI ba="1,1" hai="1,4,8,16,18,58,60,66,78,79,81,83,85,86" machi="79" ten="30,5800,0" yaku="7,1,9,1,54,1" doraHai="109" who="3" fromWho="1" sc="331,0,153,-61,233,0,273,71" owari="331,13.1,92,-40.8,233,-16.7,344,44.4" /></mjloggm>