<mjloggm ver="2.3"><GO type="169" lobby="0"/><UN n0="%E3%81%AA%E3%81%8B%E3%81%AE%E3%81%86%E3%81%88" n1="%65%76%31%36%33%38%34" n2="%E3%83%80%E3%82%AF%E3%82%BF%E3%83%BC%E3%82%AF%E3%83%AA%E3%83%83%E3%83%97" n3="%E8%B5%A4%E5%BA%A7%E3%81%82%E3%81%8B%E3%82%8A%45%58" dan="16,17,19,16" rate="2161.79,2142.67,2263.16,2140.47" sx="M,M,M,M"/><TAIKYOKU oya="0"/><INIT seed="0,0,0,3,2,67" ten="250,250,250,250" oya="0" hai0="120,38,107,43,9,126,71,54,105,46,99,16,30" hai1="76,65,36,112,103,20,135,13,88,41,100,106,53" hai2="66,108,47,22,45,134,90,129,63,68,93,123,118" hai3="69,124,21,55,37,96,51,104,75,15,2,78,1"/><T84/><D120/><U95/><E76/><V114/><F114/><W128/><G37/><T35/><D126/><U10/><E20/><V77/><F123/><W17/><G124/><T3/><D71/><U31/><E31/><V56/><F108/><W117/><G117/><T40/><D40/><U48/><E65/><V4/><F129/><W91/><G69/><T19/><D84/><U23/><E23/><V58/><F134/><W72/><G128/><T39/><D39/><U111/><E111/><V101/><F101/><W87/><G96/><T89/><D54/><U83/><E83/><V80/><F4/><W86/><G104/><T110/><D110/><U70/><E70/><V132/><F132/><W5/><G87/><T6/><D105/><U94/><E94/><V61/><F22/><W49/><G49/><T125/><D125/><U50/><E36/><V97/><F118/><W11/><G78/><T7/><D7/><U98/><E112/><V73/><REACH who="2" step="1"/><F58/><REACH who="2" ten="250,250,240,250" step="2"/><W12/><G1/><T127/><D127/><U52/><E135/><V28/><F28/><W14/><G2/><T24/><REACH who="0" step="1"/><D89/><REACH who="0" ten="240,250,240,250" step="2"/><U122/><E122/><V18/><F18/><W33/><G17/><T29/><D29/><U82/><E88/><V34/><F34/><W116/><G33/><T32/><D32/><U133/><E133/><V119/><F119/><W60/><G116/><T25/><D25/><U131/><E131/><V64/><AGARI ba="0,2" hai="45,47,56,61,63,64,66,68,73,77,80,90,93,97" machi="64" ten="20,5200,0" yaku="1,1,0,1,7,1,52,1,53,0" doraHai="67" doraHaiUra="8" who="2" fromWho="2" sc="240,-26,250,-13,240,72,250,-13" /><INIT seed="1,0,0,1,1,55" ten="214,237,312,237" oya="1" hai0="10,43,84,45,94,54,35,76,57,78,86,39,63" hai1="42,74,110,34,134,22,52,88,20,118,4,99,89" hai2="100,29,24,2,46,95,16,47,83,133,73,7,71" hai3="130,41,127,21,58,111,92,104,116,37,14,51,126"/><U79/><E118/><V107/><F107/><W32/><G104/><T56/><D35/><U6/><E34/><V62/><F133/><W30/><G116/><T80/><D10/><U87/><E42/><V112/><F112/><W67/><G32/><T9/><D9/><U96/><E74/><V27/><F29/><W3/><G3/><T19/><D19/><U5/><E134/><V17/><F7/><W129/><G92/><T102/><D57/><U124/><E124/><N who="3" m="47658" /><G14/><T98/><REACH who="0" step="1"/><D78/><REACH who="0" ten="204,237,312,237" step="2"/><U49/><E79/><V75/><F17/><W82/><G58/><T1/><D1/><U31/><E110/><V93/><F16/><W48/><G111/><T90/><D90/><U26/><E22/><V60/><F2/><W44/><G21/><T109/><D109/><U85/><E89/><V115/><F27/><W13/><G30/><T53/><D53/><U23/><E20/><V81/><F24/><W117/><G117/><T128/><D128/><U25/><E26/><V122/><F47/><W114/><G44/><T36/><D36/><U69/><E69/><V101/><F46/><W64/><G130/><T119/><D119/><U72/><E88/><V97/><F71/><W68/><G68/><T38/><D38/><U105/><E25/><V121/><F115/><W108/><G114/><T77/><D77/><U70/><E70/><V15/><F15/><W120/><G13/><T103/><D103/><U0/><E0/><V50/><F50/><W113/><G51/><T11/><D11/><U106/><E49/><V40/><F40/><W66/><G41/><T91/><D91/><RYUUKYOKU ba="0,1" sc="204,15,237,-15,312,15,237,-15" hai0="39,43,45,54,56,63,76,80,84,86,94,98,102" hai2="60,62,73,75,81,83,93,95,97,100,101,121,122" /><INIT seed="2,1,1,3,3,75" ten="219,222,327,222" oya="2" hai0="43,89,88,134,23,42,4,79,122,114,84,97,53" hai1="101,41,108,125,104,121,16,123,13,7,102,3,22" hai2="105,15,91,107,132,19,135,70,25,81,1,32,24" hai3="9,14,11,106,26,54,73,5,76,103,65,119,34"/><V115/><F115/><W12/><G119/><T62/><D122/><N who="1" m="46603" /><E108/><V95/><F1/><W48/><G65/><T67/><D114/><U58/><E125/><V20/><F70/><W35/><G103/><N who="1" m="39434" /><E104/><V80/><F107/><W109/><G106/><T40/><D134/><N who="2" m="51242" /><F105/><W69/><G69/><T129/><D129/><U133/><E133/><V78/><F32/><W50/><G109/><T64/><D4/><U6/><E3/><V112/><F112/><W116/><G116/><T98/><D23/><U130/><E130/><V66/><F66/><N who="0" m="25130" /><D79/><U118/><E118/><V57/><F57/><W21/><G50/><T29/><D29/><U117/><E117/><V71/><F71/><W72/><G72/><T86/><D53/><U45/><E58/><V87/><F81/><W131/><G131/><T60/><D60/><U55/><E55/><V68/><F68/><W126/><G126/><T37/><D62/><U33/><E33/><V61/><F61/><W94/><G54/><T0/><D0/><U83/><E83/><V128/><F128/><W99/><G35/><T85/><D37/><AGARI ba="1,1" hai="6,7,13,16,22,37,41,45" m="39434,46603" machi="37" ten="30,2000,0" yaku="13,1,54,1" doraHai="75" who="1" fromWho="0" sc="219,-23,222,33,327,0,222,0" /><INIT seed="3,0,0,1,1,58" ten="196,255,327,222" oya="3" hai0="79,32,1,34,106,117,56,30,113,88,97,116,3" hai1="19,95,102,73,7,85,124,38,75,0,45,126,121" hai2="89,111,115,31,6,24,51,69,54,49,103,59,35" hai3="101,125,133,65,9,40,99,128,108,94,29,23,17"/><W44/><G125/><T72/><D113/><U129/><E19/><V15/><F111/><W48/><G128/><T63/><D79/><U8/><E129/><V86/><F115/><W87/><G133/><T2/><D72/><U109/><E109/><V96/><F69/><W119/><G119/><T12/><D12/><U64/><E64/><V47/><F15/><W70/><G108/><T28/><D28/><U37/><E121/><V68/><F6/><W114/><G114/><T13/><D13/><U26/><E26/><V92/><F68/><W62/><G87/><T91/><D106/><U123/><E123/><V110/><F110/><W84/><G84/><T46/><D46/><U71/><E71/><V67/><F67/><W100/><G29/><T20/><D20/><U60/><E60/><V33/><F33/><W66/><G65/><T74/><D74/><U18/><E18/><V134/><F134/><W5/><G101/><T43/><D43/><N who="1" m="22767" /><E38/><V39/><F39/><W120/><G120/><T41/><D41/><U11/><E11/><V112/><F112/><W127/><G127/><N who="1" m="48682" /><E102/><V122/><F122/><W52/><G40/><T77/><D30/><U93/><E93/><V36/><F36/><W82/><G82/><T81/><D117/><U10/><E10/><V27/><F27/><N who="3" m="14831" /><G9/><T22/><D116/><U53/><E53/><N who="2" m="32175" /><F103/><W130/><G130/><T90/><D34/><U105/><E105/><V42/><F42/><W50/><G50/><T131/><D32/><U14/><E0/><V57/><F86/><W132/><G132/><T21/><D131/><U76/><E76/><RYUUKYOKU ba="0,0" sc="196,-30,255,10,327,10,222,10" hai1="7,8,14,73,75,85,95" hai2="24,31,35,47,51,54,57,89,92,96" hai3="5,44,48,52,62,66,70,94,99,100" /><INIT seed="3,1,0,3,2,28" ten="166,265,337,232" oya="3" hai0="132,74,52,41,125,9,130,20,15,13,109,48,11" hai1="76,113,37,40,129,19,54,88,122,107,86,34,55" hai2="114,97,61,92,101,51,93,83,81,133,73,80,117" hai3="121,126,0,102,103,43,70,96,46,53,115,17,22"/><W112/><G121/><T131/><D109/><U64/><E122/><V85/><F114/><W91/><G0/><T124/><D74/><U105/><E76/><N who="2" m="44047" /><F51/><W62/><G126/><N who="0" m="48747" /><D41/><U66/><E19/><V104/><F61/><W118/><G118/><T24/><D52/><U27/><E113/><V16/><F16/><W21/><G21/><T111/><D48/><U71/><E55/><V49/><F133/><W1/><G1/><T72/><D72/><U67/><E54/><V68/><F68/><W31/><G31/><N who="0" m="17799" /><D111/><U87/><E71/><V38/><F49/><N who="3" m="26847" /><G70/><T25/><D25/><U75/><E27/><V84/><F117/><W59/><G115/><T58/><D58/><U30/><E30/><V42/><F38/><W26/><G112/><T12/><D132/><U116/><E37/><V60/><F60/><W23/><G23/><T5/><D11/><U8/><E8/><V3/><F42/><W89/><G89/><T6/><D6/><U95/><E116/><V18/><F104/><W69/><G69/><T2/><AGARI ba="1,0" hai="2,5,9,12,13,15,130,131" m="17799,48747" machi="2" ten="40,5200,0" yaku="18,1,34,2" doraHai="28" who="0" fromWho="0" sc="166,55,265,-14,337,-14,232,-27" /><INIT seed="4,0,0,1,1,134" ten="221,251,323,205" oya="0" hai0="72,103,59,47,122,96,110,84,133,16,13,35,135" hai1="36,52,14,31,105,6,5,100,63,70,68,77,12" hai2="111,22,101,25,102,73,93,79,106,132,118,3,24" hai3="11,94,44,115,116,67,15,23,20,60,83,107,78"/><T113/><D122/><U99/><E36/><V18/><F111/><W126/><G116/><T76/><D72/><U54/><E77/><V9/><F106/><W4/><G107/><T0/><D0/><U69/><E31/><V85/><F73/><W49/><G115/><T108/><D35/><U91/><E91/><V29/><F132/><N who="0" m="50762" /><D113/><U8/><E63/><V55/><F118/><W82/><G94/><N who="0" m="58775" /><D59/><U38/><E38/><V119/><F3/><W32/><G32/><T46/><D84/><U120/><E120/><V66/><F66/><W1/><G1/><T27/><D27/><U131/><E131/><V123/><F25/><W41/><G126/><T121/><D76/><U17/><REACH who="1" step="1"/><E6/><REACH who="1" ten="221,241,323,205" step="2"/><V56/><F79/><W62/><G60/><T114/><D121/><U26/><E26/><V58/><F24/><W51/><G49/><T64/><D114/><U124/><E124/><V2/><F123/><W30/><G30/><T21/><D64/><U10/><AGARI ba="0,1" hai="5,8,10,12,14,17,52,54,68,69,70,99,100,105" machi="10" ten="40,5200,0" yaku="1,1,0,1,54,1,53,0" doraHai="134" doraHaiUra="53" who="1" fromWho="1" sc="221,-26,241,62,323,-13,205,-13" /><INIT seed="5,0,0,1,2,29" ten="195,303,310,192" oya="1" hai0="135,76,25,120,18,42,79,26,65,129,78,70,116" hai1="14,15,2,77,103,54,72,24,122,32,82,109,49" hai2="11,66,121,105,113,3,1,114,90,130,16,39,123" hai3="104,23,62,125,59,132,6,110,52,43,92,10,13"/><U89/><E122/><N who="2" m="46603" /><F105/><W133/><G110/><T96/><D129/><U102/><E2/><V80/><F39/><W17/><G104/><T117/><D135/><U85/><E109/><V36/><F36/><W57/><G43/><T74/><D74/><U111/><E111/><V88/><F66/><W51/><G125/><T71/><D120/><U22/><E103/><V44/><F44/><W47/><G92/><T108/><D108/><U8/><E102/><V7/><F1/><W56/><REACH who="3" step="1"/><G62/><REACH who="3" ten="195,303,310,182" step="2"/><T73/><D42/><U127/><E127/><V58/><F130/><W81/><G81/><T94/><D94/><U35/><E82/><V87/><F80/><W97/><G97/><T86/><D96/><U45/><E85/><V4/><F87/><W68/><G68/><T99/><D99/><U48/><E72/><V112/><F112/><W28/><G28/><T33/><D86/><U91/><E77/><V38/><F113/><W119/><G119/><T30/><D73/><U101/><E101/><V12/><F114/><W98/><G98/><T60/><REACH who="0" step="1"/><D71/><REACH who="0" ten="185,303,310,182" step="2"/><U124/><E124/><V40/><F40/><W31/><G31/><T9/><D9/><U19/><E8/><V46/><F11/><W64/><G64/><T126/><D126/><U5/><E91/><V20/><F88/><W34/><G34/><T115/><D115/><U134/><E89/><V107/><F90/><W63/><G63/><T53/><D53/><U131/><E131/><V128/><F128/><W50/><G50/><N who="1" m="19562" /><E35/><V69/><F107/><W27/><AGARI ba="0,2" hai="6,10,13,17,23,27,47,51,52,56,57,59,132,133" machi="27" ten="30,4000,0" yaku="1,1,0,1,54,1,53,0" doraHai="29" doraHaiUra="93" who="3" fromWho="3" sc="185,-10,303,-20,310,-10,182,60" /><INIT seed="6,0,0,0,1,116" ten="175,283,300,242" oya="2" hai0="75,29,101,17,100,104,63,37,99,117,34,86,78" hai1="54,123,105,46,19,114,79,45,59,72,27,70,122" hai2="44,66,132,61,49,69,39,8,47,118,92,81,35" hai3="48,97,108,65,109,38,6,85,3,74,111,41,125"/><V84/><F118/><W127/><G74/><T129/><D117/><U5/><E70/><V64/><F132/><W4/><G3/><T9/><D129/><U53/><E105/><V93/><F35/><W113/><G97/><T42/><D101/><U43/><E5/><V88/><F66/><W87/><G87/><T16/><D75/><U0/><E0/><V98/><F8/><W1/><G85/><T128/><D128/><U55/><E114/><V31/><F31/><W107/><G107/><T20/><D34/><U94/><E94/><V40/><REACH who="2" step="1"/><F98/><REACH who="2" ten="175,283,290,242" step="2"/><W36/><G65/><T80/><D9/><U95/><E123/><V131/><F131/><W90/><G111/><T102/><D29/><U28/><E122/><V10/><F10/><W91/><G109/><T52/><D20/><U21/><E28/><V71/><F71/><W62/><G108/><T23/><D23/><U57/><E21/><V120/><F120/><W103/><G125/><T11/><D11/><U126/><E126/><V115/><F115/><W77/><G127/><T51/><D102/><U15/><E19/><V14/><F14/><W135/><G113/><T58/><REACH who="0" step="1"/><D37/><REACH who="0" ten="165,283,290,242" step="2"/><U12/><E12/><V96/><F96/><W60/><G38/><T110/><D110/><U112/><E15/><V106/><F106/><W124/><G36/><T24/><D24/><U68/><E27/><V134/><F134/><W133/><G103/><T25/><D25/><U67/><E112/><V2/><F2/><W83/><G1/><T121/><D121/><U33/><E33/><V18/><F18/><W76/><G133/><RYUUKYOKU ba="0,2" sc="165,15,283,-15,290,15,242,-15" hai0="16,17,42,51,52,58,63,78,80,86,99,100,104" hai2="39,40,44,47,49,61,64,69,81,84,88,92,93" /><INIT seed="6,1,2,3,2,22" ten="180,268,305,227" oya="2" hai0="81,131,133,132,40,78,77,35,104,33,62,36,67" hai1="122,21,48,60,98,113,74,44,57,103,99,68,110" hai2="97,1,31,39,15,50,114,20,129,13,10,34,26" hai3="46,128,38,43,27,59,61,82,89,95,108,2,73"/><V3/><F39/><W30/><G108/><T29/><D104/><U105/><E110/><V118/><F50/><W16/><G2/><N who="2" m="521" /><F97/><W88/><G128/><T112/><D131/><U93/><E74/><V121/><F129/><W24/><G73/><T76/><D112/><U75/><E75/><V111/><F111/><W49/><G38/><T6/><D6/><U28/><E113/><V52/><F52/><N who="3" m="34023" /><G30/><T91/><D91/><N who="3" m="34889" /><G95/><T90/><D90/><U69/><E122/><V70/><F70/><W79/><G16/><T32/><D81/><U65/><E105/><V47/><F118/><W101/><G101/><T54/><D29/><U58/><E99/><V100/><F100/><W94/><G94/><T120/><D120/><U41/><E58/><V102/><F102/><W85/><AGARI ba="1,2" hai="24,27,43,46,49,79,82,85" m="34889,34023" machi="85" ten="30,8000,1" yaku="8,1,52,2,54,2" doraHai="22" who="3" fromWho="3" sc="180,-21,268,-21,305,-41,227,103" /><INIT seed="7,0,0,0,4,38" ten="159,247,264,330" oya="3" hai0="39,99,55,114,7,43,118,119,109,59,15,50,83" hai1="65,130,11,63,45,71,111,108,0,36,82,6,131" hai2="123,22,16,2,103,126,24,12,85,93,29,87,120" hai3="34,72,113,94,86,106,5,102,105,23,67,37,107"/><W42/><G34/><T64/><D109/><N who="1" m="42059" /><E82/><V52/><F2/><W73/><G67/><T4/><D114/><U30/><E30/><V41/><F41/><AGARI ba="0,0" hai="0,6,11,36,41,45,63,65,71,130,131" m="42059" machi="41" ten="30,2000,0" yaku="23,1,52,1" doraHai="38" who="1" fromWho="2" sc="159,0,247,20,264,-20,330,0" owari="159,-34.1,267,6.7,244,-15.6,330,43.0" /></mjloggm>