<mjloggm ver="2.3"><GO type="169" lobby="0"/><UN n0="%E3%83%A1%E3%82%AB%E3%82%BC%E3%83%83%E3%83%88%E3%83%B3" n1="%53%68%69%72%6C%65%79" n2="%E3%81%A9%E3%82%93%E3%81%9F%E3%82%83%E3%82%93" n3="%E5%8F%B3%E8%84%B3%E8%A9%B0%E3%82%81" dan="17,16,16,17" rate="2188.60,2102.00,2174.24,2216.10" sx="M,M,F,M"/><TAIKYOKU oya="0"/><INIT seed="0,0,0,4,2,17" ten="250,250,250,250" oya="0" hai0="54,120,80,43,30,71,69,63,23,101,7,129,46" hai1="16,88,38,15,22,53,135,51,98,89,27,81,6" hai2="95,134,113,12,94,105,77,13,14,35,97,2,128" hai3="55,41,44,131,56,29,61,40,60,78,45,9,52"/><T109/><D120/><U28/><E135/><V24/><F113/><W62/><G78/><T59/><D129/><U102/><E38/><V47/><F134/><W70/><G29/><T36/><D101/><U76/><E6/><V85/><F2/><W20/><G9/><T33/><D33/><U83/><E102/><V122/><F122/><W118/><G20/><T32/><D32/><U117/><E117/><V123/><F123/><W11/><G11/><T37/><D7/><U66/><E66/><V121/><F121/><W10/><G10/><T34/><D34/><U93/><E89/><V90/><F105/><W125/><G118/><T73/><D37/><U65/><E65/><V84/><F128/><W133/><G133/><T5/><D5/><U103/><E76/><V19/><F35/><W64/><G131/><T75/><D109/><U114/><E103/><N who="2" m="60855" /><F47/><N who="3" m="17995" /><G125/><T42/><D42/><N who="3" m="16489" /><G55/><T50/><D80/><U79/><E79/><V48/><F24/><W74/><G74/><T82/><D82/><U1/><E1/><V126/><F126/><W0/><G0/><T87/><D87/><U67/><E114/><V26/><F26/><W107/><G107/><T49/><D75/><U72/><E72/><V115/><F115/><W130/><G130/><T8/><D73/><U116/><E116/><V57/><F77/><W68/><G68/><N who="0" m="26187" /><D8/><N who="1" m="6247" /><E67/><V96/><F19/><W111/><G111/><T91/><D91/><U132/><E132/><V39/><F39/><W86/><G86/><T119/><D119/><U92/><E92/><V110/><F110/><W25/><G25/><N who="0" m="16703" /><D36/><U3/><E3/><RYUUKYOKU ba="0,0" sc="250,0,250,0,250,0,250,0" hai0="43,46,49,50,54,59,63" hai1="22,27,28,51,53,81,83,88,93,98" hai2="12,13,14,48,57,84,85,90,95,96" hai3="52,56,60,61,62,64,70" /><INIT seed="0,1,0,2,1,112" ten="250,250,250,250" oya="0" hai0="134,102,14,21,5,18,111,38,104,79,119,117,77" hai1="113,78,118,83,39,122,17,88,128,8,20,135,106" hai2="110,12,53,93,35,65,120,123,30,58,130,89,19" hai3="61,1,91,90,2,34,26,59,50,9,44,46,51"/><T41/><D41/><U126/><E39/><V11/><F110/><W0/><G9/><T105/><D38/><U33/><E33/><V103/><F130/><W29/><G50/><T37/><D37/><U16/><E122/><V75/><F75/><W49/><G49/><T42/><D42/><U52/><E106/><V64/><F103/><W76/><G76/><T100/><D5/><U54/><E128/><V36/><F36/><W84/><G51/><T68/><D68/><U23/><E118/><N who="0" m="45065" /><D14/><N who="1" m="7239" /><E113/><V97/><F123/><W3/><N who="3" m="0" /><DORA hai="4" /><W56/><G56/><T131/><D18/><U125/><E135/><V31/><F120/><W99/><G99/><N who="0" m="61471" /><D21/><N who="1" m="8267" /><E88/><V10/><F11/><W67/><G91/><T40/><D40/><U72/><E17/><V63/><F35/><W80/><AGARI ba="1,0" hai="26,29,34,44,46,59,61,67,80,84,90" m="0" machi="80" ten="60,2000,0" yaku="0,1" doraHai="112,4" who="3" fromWho="3" sc="250,-11,250,-6,250,-6,250,23" /><INIT seed="1,0,0,4,4,6" ten="239,244,244,273" oya="1" hai0="76,10,3,52,116,101,69,1,32,21,95,115,98" hai1="133,42,4,68,126,103,92,0,81,93,18,75,106" hai2="74,40,47,67,22,17,58,63,60,70,24,36,43" hai3="128,119,120,114,53,49,33,65,84,87,71,30,135"/><U83/><E68/><V121/><F74/><W13/><G120/><T102/><D32/><U118/><E118/><V89/><F43/><W80/><G114/><T38/><D38/><U124/><E133/><V41/><F41/><W72/><G135/><T79/><D115/><U35/><E35/><V31/><F121/><W113/><G113/><T88/><D69/><U91/><E18/><V11/><F89/><W27/><G128/><T117/><D21/><U29/><E29/><V48/><F36/><W39/><G39/><T99/><D95/><U111/><E42/><V73/><F73/><W86/><G72/><T51/><D51/><U14/><E14/><N who="2" m="7391" /><F70/><W37/><G37/><T61/><D61/><AGARI ba="0,0" hai="22,24,31,40,47,48,58,60,61,63,67" m="7391" machi="61" ten="30,2000,0" yaku="8,1,52,1" doraHai="6" who="2" fromWho="0" sc="239,-20,244,0,244,20,273,0" /><INIT seed="2,0,0,1,4,13" ten="219,244,264,273" oya="2" hai0="128,60,30,113,90,86,124,94,11,97,127,84,51" hai1="28,29,58,89,15,40,119,25,115,59,49,104,95" hai2="121,65,131,35,66,81,56,21,24,123,4,74,92" hai3="23,87,96,67,79,133,52,64,53,0,70,134,32"/><V42/><F35/><W33/><G0/><T103/><D113/><U38/><E104/><V63/><F131/><W77/><G96/><T5/><D128/><U107/><E107/><V130/><F130/><W125/><G23/><T88/><D30/><U19/><E38/><V76/><F66/><W47/><G87/><T126/><D51/><U62/><E119/><V116/><F116/><W1/><G1/><T34/><D34/><U110/><E110/><V85/><F4/><W26/><G26/><T8/><D60/><U2/><E2/><V6/><F6/><W7/><G7/><T3/><D11/><N who="1" m="6655" /><E25/><V111/><F42/><W99/><G99/><T72/><D72/><U105/><E105/><V117/><F111/><W12/><G12/><T114/><D114/><U45/><E59/><V46/><F46/><W27/><G47/><T75/><D75/><U50/><E50/><V55/><F65/><W106/><G27/><T41/><D41/><U31/><E31/><V129/><F117/><W122/><G106/><T16/><D16/><U108/><E115/><V73/><F129/><W112/><G112/><T100/><REACH who="0" step="1"/><D97/><REACH who="0" ten="209,244,264,273" step="2"/><N who="1" m="57583" /><E108/><V9/><F74/><W83/><G32/><T82/><AGARI ba="0,1" hai="3,5,8,82,84,86,88,90,94,100,103,124,126,127" machi="82" ten="30,7900,0" yaku="1,1,0,1,18,1,54,1,53,0" doraHai="13" doraHaiUra="57" who="0" fromWho="0" sc="209,89,244,-20,264,-39,273,-20" /><INIT seed="3,0,0,1,4,7" ten="298,224,225,253" oya="3" hai0="87,124,79,82,125,39,107,120,43,80,53,114,110" hai1="104,40,131,98,96,90,41,128,113,30,92,115,19" hai2="85,58,102,118,71,60,88,17,134,84,112,64,37" hai3="65,66,122,135,31,32,61,62,52,95,44,10,108"/><W21/><G122/><T6/><D39/><U13/><E30/><V45/><F112/><W86/><G32/><T73/><D43/><N who="1" m="16459" /><E98/><V35/><F37/><W89/><G135/><T74/><D53/><U68/><E68/><V94/><F45/><W57/><G108/><T0/><D110/><U5/><E5/><V27/><F118/><W48/><G10/><N who="0" m="2375" /><D107/><U14/><E14/><V24/><F134/><W15/><G15/><T16/><D16/><U59/><E59/><V26/><F102/><W69/><G21/><T22/><D22/><N who="1" m="11631" /><E104/><V8/><F35/><W75/><G31/><T46/><D46/><U116/><E116/><V100/><F100/><W103/><REACH who="3" step="1"/><G103/><REACH who="3" ten="298,224,225,243" step="2"/><T129/><D120/><U93/><E115/><V111/><F111/><W97/><G97/><T2/><D114/><U11/><E113/><V109/><F109/><W83/><G83/><T51/><D80/><U121/><E121/><V123/><F123/><W67/><G67/><T132/><D82/><U99/><E11/><V119/><F119/><W50/><G50/><T25/><D51/><U91/><E96/><V126/><F8/><W34/><G34/><T3/><D132/><U47/><E99/><V101/><F101/><W72/><AGARI ba="0,1" hai="44,48,52,57,61,62,65,66,69,72,75,86,89,95" machi="72" ten="30,6000,0" yaku="1,1,0,1,54,1,53,0" doraHai="7" doraHaiUra="70" who="3" fromWho="3" sc="298,-20,224,-20,225,-20,243,70" /><INIT seed="3,1,0,0,0,39" ten="278,204,205,313" oya="3" hai0="112,9,121,6,21,35,132,47,53,106,22,28,99" hai1="101,15,96,59,126,83,128,90,93,3,62,24,11" hai2="56,85,4,50,100,94,75,25,117,36,110,61,18" hai3="131,37,0,74,114,34,98,12,57,10,103,68,69"/><W27/><G114/><T14/><D121/><U95/><E128/><V48/><F75/><W54/><G131/><T82/><D132/><U78/><E126/><V45/><F117/><W26/><G0/><T51/><D112/><U124/><E3/><V80/><F110/><W116/><G37/><T46/><D35/><U88/><E24/><V41/><F4/><W79/><G79/><T115/><D115/><U66/><E95/><V8/><F94/><W135/><G74/><T38/><D28/><U129/><E124/><V130/><F100/><W60/><G135/><T70/><D70/><U55/><E66/><V17/><F17/><W5/><G116/><T89/><D106/><U64/><E64/><V86/><F86/><W127/><G127/><T97/><D47/><U133/><E133/><V1/><F130/><W92/><REACH who="3" step="1"/><G34/><REACH who="3" ten="278,204,205,303" step="2"/><T63/><D38/><U49/><E129/><V16/><F1/><W65/><G65/><T104/><D104/><U76/><E76/><V2/><F2/><W102/><G102/><T122/><D122/><U123/><E123/><V119/><F119/><W134/><G134/><T71/><D71/><AGARI ba="1,1" hai="5,10,12,26,27,54,57,60,68,69,71,92,98,103" machi="71" ten="40,2000,0" yaku="1,1,53,0" doraHai="39" doraHaiUra="29" who="3" fromWho="0" sc="278,-23,204,0,205,0,303,33" /><INIT seed="3,2,0,1,5,62" ten="255,204,205,336" oya="3" hai0="36,71,95,30,97,88,15,92,11,125,28,38,72" hai1="10,61,80,37,101,46,27,126,65,6,113,3,8" hai2="84,26,4,53,74,63,19,21,7,25,133,29,13" hai3="47,60,39,110,54,134,81,83,20,127,98,116,111"/><W45/><G116/><T124/><D72/><U107/><E113/><V5/><F74/><W18/><G134/><T117/><D117/><U40/><E126/><N who="0" m="48745" /><D71/><U12/><E27/><N who="2" m="16623" /><F84/><W31/><G31/><N who="0" m="11819" /><D95/><U90/><E107/><V104/><F104/><W34/><G34/><T128/><D128/><U67/><E101/><V105/><F105/><W23/><G127/><T100/><D100/><U112/><E112/><V1/><F133/><W0/><G98/><T115/><D115/><U16/><REACH who="1" step="1"/><E61/><REACH who="1" ten="255,194,205,336" step="2"/><V79/><F1/><W82/><G0/><T96/><D97/><U91/><E91/><V56/><F79/><W132/><G60/><T32/><D32/><U123/><E123/><V64/><F64/><W66/><G66/><T129/><D129/><U59/><E59/><V86/><F86/><AGARI ba="2,1" hai="3,6,8,10,12,16,37,40,46,65,67,80,86,90" machi="86" ten="40,8000,1" yaku="1,1,52,2,54,1,53,1" doraHai="62" doraHaiUra="70" who="1" fromWho="2" sc="255,0,194,96,205,-86,336,0" /><INIT seed="4,0,0,2,1,3" ten="255,290,119,336" oya="0" hai0="40,33,59,12,102,97,126,9,62,68,115,101,89" hai1="124,61,70,91,57,63,67,71,119,46,36,11,113" hai2="93,2,86,29,116,75,56,17,52,78,100,104,49" hai3="32,98,30,24,105,47,87,14,13,112,99,77,7"/><T38/><D115/><U15/><E119/><V53/><F116/><W66/><G112/><T128/><D33/><U74/><E124/><V133/><F133/><W34/><G34/><T108/><D68/><U48/><E74/><V22/><F2/><W94/><G105/><T132/><D132/><U129/><E129/><V25/><F75/><W54/><G66/><T5/><D126/><U20/><E20/><V31/><F104/><W117/><G117/><T130/><D108/><U21/><E21/><V109/><F109/><W92/><G14/><T0/><D0/><U120/><E120/><V26/><F26/><W58/><G47/><N who="0" m="23959" /><D89/><U16/><E36/><V110/><F110/><W76/><G87/><T65/><D97/><U42/><E113/><V44/><F100/><W131/><G131/><N who="0" m="50219" /><D101/><U103/><E103/><V127/><F127/><W73/><G98/><T51/><D102/><U107/><E107/><V60/><REACH who="2" step="1"/><F93/><REACH who="2" ten="255,290,109,336" step="2"/><W28/><G94/><T79/><D79/><U80/><E91/><V41/><F41/><W4/><G77/><T1/><D1/><U35/><E42/><V84/><F84/><W125/><G92/><T37/><D37/><U123/><E80/><AGARI ba="0,1" hai="17,22,25,29,31,44,49,52,53,56,60,78,80,86" machi="80" ten="40,5200,0" yaku="1,1,8,1,54,1,53,0" doraHai="3" doraHaiUra="64" who="2" fromWho="1" sc="255,0,290,-52,109,62,336,0" /><INIT seed="5,0,0,2,0,39" ten="255,238,171,336" oya="1" hai0="123,108,54,45,114,2,73,125,81,67,124,31,119" hai1="90,87,16,92,30,109,65,75,41,68,1,8,12" hai2="107,101,29,91,105,69,21,66,82,19,53,50,32" hai3="34,130,70,72,0,20,60,131,55,23,49,56,88"/><U35/><E75/><V44/><F101/><W63/><G0/><T11/><D108/><U98/><E109/><V6/><F6/><W10/><G34/><T113/><D31/><U100/><E1/><V38/><F29/><W5/><G72/><T36/><D119/><U18/><E18/><V126/><F32/><W97/><G10/><T80/><D67/><U52/><E68/><V79/><F91/><W17/><G5/><N who="0" m="1463" /><D123/><U129/><E65/><V102/><F102/><W95/><G23/><T77/><D80/><U117/><E117/><V99/><F99/><W15/><REACH who="3" step="1"/><G70/><REACH who="3" ten="255,238,171,326" step="2"/><T103/><D73/><U59/><E35/><V71/><F71/><W37/><G37/><T48/><D36/><U128/><E30/><V46/><F126/><W115/><G115/><T13/><D114/><U64/><E128/><AGARI ba="0,1" hai="15,17,20,49,55,56,60,63,88,95,97,128,130,131" machi="128" ten="40,5200,0" yaku="1,1,19,1,54,1,53,0" doraHai="39" doraHaiUra="40" who="3" fromWho="1" sc="255,0,238,-52,171,0,326,62" /><INIT seed="6,0,0,5,3,58" ten="255,186,171,388" oya="2" hai0="133,0,60,45,84,16,118,102,119,30,97,87,2" hai1="128,115,123,109,11,59,12,29,66,82,23,69,104" hai2="63,114,31,49,70,54,98,117,47,85,120,86,124" hai3="26,77,42,43,108,57,13,21,10,20,62,64,76"/><V116/><F120/><W17/><G108/><T105/><D30/><U65/><E109/><V80/><F114/><W110/><G110/><T131/><D131/><U44/><E128/><V51/><F124/><W14/><G21/><T15/><D45/><U48/><E104/><V19/><F31/><N who="3" m="17863" /><G14/><T111/><D60/><N who="1" m="38047" /><E69/><V95/><F19/><W68/><G68/><T94/><D111/><U38/><E38/><V78/><F86/><N who="0" m="32810" /><D105/><U61/><E115/><V35/><F35/><W113/><G113/><T9/><D133/><U96/><E96/><V79/><F79/><AGARI ba="0,0" hai="10,13,17,42,43,57,62,64,76,77,79" m="17863" machi="79" ten="30,2000,0" yaku="8,1,52,1" doraHai="58" who="3" fromWho="2" sc="255,0,186,0,171,-20,388,20" /><INIT seed="7,0,0,1,1,29" ten="255,186,151,408" oya="3" hai0="14,105,123,131,67,66,89,28,101,133,24,25,96" hai1="86,95,10,113,130,81,47,46,7,85,71,61,11" hai2="84,50,68,90,38,108,121,75,62,26,98,99,120" hai3="117,91,4,109,115,124,106,125,58,70,21,41,1"/><W57/><G70/><T63/><D123/><N who="2" m="47178" /><F38/><W103/><G41/><T72/><D131/><U36/><E130/><V76/><F50/><W56/><G115/><T19/><D133/><U40/><E113/><V43/><F43/><W87/><G117/><T83/><D25/><U18/><E46/><V94/><F62/><W35/><G35/><T17/><D14/><U0/><E95/><V6/><F6/><W13/><G109/><T8/><D67/><U16/><E10/><V64/><F64/><W92/><G1/><T102/><D8/><U27/><E27/><V42/><F42/><W74/><G74/><T78/><D102/><U118/><E118/><V20/><F20/><W60/><G103/><T30/><D89/><U107/><E71/><V37/><F37/><W69/><G91/><T112/><D112/><U129/><E129/><V23/><F23/><W45/><G69/><T39/><D101/><U100/><E61/><V132/><F26/><W79/><G60/><T49/><D24/><U97/><E86/><V53/><F53/><W119/><G87/><T32/><D63/><U88/><AGARI ba="0,0" hai="0,7,11,16,18,36,40,47,81,85,88,97,100,107" machi="88" ten="20,5200,0" yaku="0,1,7,1,54,2" doraHai="29" who="1" fromWho="1" sc="255,-13,186,52,151,-13,408,-26" owari="242,4.2,238,-16.2,138,-36.2,382,48.2" /></mjloggm>