<mjloggm ver="2.3"><GO type="169" lobby="0"/><UN n0="%E3%80%90%E3%83%80%E3%83%B3%E3%83%87%E3%82%A3%E3%80%91" n1="%E6%9C%88%E5%A4%9C%E3%81%AB%E9%A2%A8" n2="%E3%83%80%E3%82%AF%E3%82%BF%E3%83%BC%E3%82%AF%E3%83%AA%E3%83%83%E3%83%97" n3="%E3%82%86%E3%81%A3%E3%81%8F%E3%82%8A%E5%A6%96%E5%A4%A2" dan="16,16,19,17" rate="2168.18,2083.31,2254.98,2177.96" sx="M,M,M,M"/><TAIKYOKU oya="0"/><INIT seed="0,0,0,5,4,34" ten="250,250,250,250" oya="0" hai0="91,24,130,67,38,94,25,17,61,2,1,47,21" hai1="131,57,71,107,6,105,20,104,103,109,53,100,82" hai2="68,3,116,114,89,102,0,80,106,134,96,98,40" hai3="64,74,81,127,125,79,58,27,13,135,122,35,26"/><T22/><D130/><U132/><E131/><V18/><F114/><W101/><G101/><T113/><D113/><U28/><E71/><V112/><F112/><W117/><G117/><T99/><D38/><U50/><E109/><V33/><F116/><W85/><G135/><T39/><D39/><U87/><E132/><V30/><F134/><W118/><G118/><T119/><D47/><U126/><E126/><N who="3" m="48138" /><G35/><T88/><D91/><U97/><E6/><V48/><F68/><W115/><G122/><T5/><D5/><U69/><E69/><V70/><F18/><W93/><G13/><T72/><D72/><U46/><E57/><V49/><F70/><W95/><G115/><T108/><D108/><U59/><E59/><V44/><F49/><W7/><G7/><T15/><D119/><U75/><E75/><V92/><REACH who="2" step="1"/><F80/><REACH who="2" ten="250,250,240,250" step="2"/><W32/><G81/><T36/><D36/><U128/><E128/><V41/><F41/><W60/><G60/><T14/><D61/><U90/><E28/><V65/><F65/><W121/><G64/><T133/><D67/><U43/><E43/><V10/><F10/><W16/><G16/><T84/><D133/><U56/><E50/><V42/><F42/><W45/><G121/><T110/><D110/><U37/><E82/><V77/><F77/><W11/><G11/><T51/><D51/><U63/><E37/><V52/><F52/><W73/><G79/><T83/><D83/><N who="1" m="49535" /><E53/><V23/><F23/><W78/><G74/><T62/><D62/><U54/><E63/><V4/><F4/><W123/><G73/><T124/><D124/><RYUUKYOKU ba="0,1" sc="250,-10,250,-10,240,30,250,-10" hai2="0,3,30,33,40,44,48,89,92,96,98,102,106" /><INIT seed="1,1,1,0,1,7" ten="240,240,270,240" oya="1" hai0="122,29,53,83,19,75,125,126,66,79,131,86,8" hai1="81,65,3,62,106,134,124,123,93,61,94,89,49" hai2="33,103,105,135,20,54,112,117,85,90,96,42,132" hai3="63,108,58,129,101,44,82,23,45,13,12,24,25"/><U67/><E123/><V46/><F117/><W15/><G108/><T120/><D66/><U34/><E106/><V50/><F33/><W69/><G129/><T118/><D118/><U31/><E134/><V121/><F121/><N who="0" m="46698" /><D29/><U133/><E133/><N who="2" m="51275" /><F112/><W70/><G101/><T60/><D131/><U128/><E128/><V111/><F20/><W51/><G82/><T95/><D60/><U26/><E124/><N who="0" m="47721" /><D53/><U91/><E3/><V36/><F111/><W18/><G25/><T119/><D119/><U104/><E104/><V4/><F4/><W64/><REACH who="3" step="1"/><G45/><REACH who="3" ten="240,240,270,230" step="2"/><T38/><D83/><U48/><E81/><N who="2" m="49455" /><F36/><W40/><AGARI ba="1,2" hai="12,13,15,18,23,24,40,44,51,58,63,64,69,70" machi="40" ten="30,2000,0" yaku="1,1,0,1,53,0" doraHai="7" doraHaiUra="97" who="3" fromWho="3" sc="240,-6,240,-11,270,-6,230,43" /><INIT seed="2,0,0,1,2,52" ten="234,229,264,273" oya="2" hai0="91,22,5,13,79,17,16,46,74,36,64,128,102" hai1="104,7,103,109,83,55,93,4,43,31,108,28,63" hai2="100,24,115,118,39,122,72,117,81,3,112,66,45" hai3="134,130,61,101,123,106,120,62,69,113,96,107,88"/><V95/><F24/><W56/><G107/><T19/><D128/><U110/><E104/><V76/><F66/><W23/><G130/><T30/><D102/><U25/><E43/><N who="2" m="22783" /><F95/><W12/><G134/><T68/><D91/><U70/><E83/><V20/><F20/><W50/><G113/><N who="2" m="43593" /><F100/><W99/><G69/><T53/><D64/><N who="1" m="41247" /><E55/><V60/><F60/><W119/><G50/><N who="0" m="28887" /><D68/><U21/><E31/><V34/><F122/><W14/><G23/><T78/><D36/><U6/><E4/><V15/><F15/><W26/><G106/><T9/><D74/><U132/><E132/><V27/><F3/><W71/><G101/><T121/><D121/><U89/><E103/><V65/><F65/><W40/><G71/><T0/><D0/><U125/><E125/><V11/><F11/><W85/><G26/><AGARI ba="0,0" hai="5,9,13,16,17,19,22,26,30,78,79" m="28887" machi="26" ten="30,2000,0" yaku="8,1,54,1" doraHai="52" who="0" fromWho="3" sc="234,20,229,0,264,0,273,-20" /><INIT seed="3,0,0,0,0,34" ten="254,229,264,253" oya="3" hai0="91,70,132,105,69,135,12,74,52,47,83,53,19" hai1="94,2,108,20,40,101,96,10,31,0,92,116,100" hai2="73,7,128,23,50,3,9,67,79,77,88,130,13" hai3="78,119,98,64,29,126,81,18,110,1,125,97,76"/><W120/><G119/><T111/><D111/><U11/><E40/><V6/><F67/><W22/><G120/><T134/><D105/><U95/><E108/><V58/><F73/><W43/><G110/><T45/><D47/><U38/><E38/><V72/><F72/><W99/><G43/><T75/><D75/><U118/><E94/><V86/><F58/><W42/><G42/><T84/><D74/><U82/><E82/><V113/><F50/><W30/><G64/><T17/><D17/><U124/><E20/><V21/><F113/><W44/><G44/><T39/><D39/><U33/><E31/><N who="3" m="11786" /><G1/><N who="1" m="618" /><E33/><V5/><F23/><W32/><G32/><T71/><REACH who="0" step="1"/><D45/><REACH who="0" ten="244,229,264,253" step="2"/><U56/><E124/><N who="3" m="47722" /><G81/><T117/><D117/><N who="1" m="45163" /><E56/><V80/><F130/><W133/><G133/><T109/><D109/><U127/><E127/><V16/><REACH who="2" step="1"/><F128/><REACH who="2" ten="244,229,254,253" step="2"/><W48/><G48/><T66/><D66/><U54/><E54/><V55/><F55/><W129/><G129/><T25/><D25/><AGARI ba="0,2" hai="18,22,25,76,78,97,98,99" m="47722,11786" machi="25" ten="30,1500,0" yaku="18,1" doraHai="34" who="3" fromWho="0" sc="244,-15,229,0,254,0,253,35" /><INIT seed="3,1,0,2,5,105" ten="229,229,254,288" oya="3" hai0="4,13,90,89,96,28,12,109,5,10,110,100,46" hai1="130,19,93,21,111,66,40,88,45,82,75,7,118" hai2="98,99,68,131,95,73,59,86,3,107,83,26,124" hai3="61,18,2,91,120,8,128,44,41,35,135,49,85"/><W92/><G120/><T57/><D28/><U87/><E111/><N who="0" m="42505" /><D46/><U106/><E130/><V65/><F68/><W54/><G128/><T9/><D57/><U52/><E106/><AGARI ba="1,0" hai="4,5,9,10,12,13,89,90,96,100,106" m="42505" machi="106" ten="30,1000,0" yaku="14,1" doraHai="105" who="0" fromWho="1" sc="229,13,229,-13,254,0,288,0" /><INIT seed="4,0,0,0,5,60" ten="242,216,254,288" oya="0" hai0="40,67,117,101,12,27,98,34,128,94,89,64,71" hai1="24,46,131,75,69,81,134,103,118,11,105,9,129" hai2="73,45,68,126,51,23,59,37,70,95,8,39,74" hai3="124,2,42,48,72,133,116,92,10,4,63,15,62"/><T53/><D117/><U50/><E118/><V91/><F126/><W121/><G72/><T113/><D71/><U77/><E134/><V78/><F70/><W93/><G124/><T29/><D113/><U20/><E103/><V108/><F108/><W122/><G133/><T130/><D40/><U83/><E83/><V57/><F68/><W30/><G30/><T79/><D79/><U56/><E56/><V100/><F100/><W31/><G31/><T35/><D34/><U17/><E105/><V3/><F23/><W66/><G63/><T21/><D53/><U49/><E50/><V135/><F135/><W107/><G107/><T90/><D35/><U43/><REACH who="1" step="1"/><E69/><REACH who="1" ten="242,206,254,288" step="2"/><V19/><F59/><W127/><G48/><T38/><D38/><U99/><E99/><V80/><F57/><W85/><G116/><T47/><D47/><U106/><E106/><V16/><F39/><W86/><G127/><T1/><D1/><U18/><E18/><V0/><F37/><W26/><G2/><T52/><D52/><U44/><E44/><V104/><F3/><W112/><G121/><T110/><D110/><U61/><E61/><V6/><F104/><W102/><G62/><T22/><D101/><U114/><E114/><V5/><F5/><W125/><G112/><T25/><D90/><U33/><E33/><V109/><F91/><W14/><G122/><T84/><D98/><U97/><E97/><V13/><F0/><W123/><G102/><T87/><D89/><U111/><E111/><V120/><F109/><W54/><G123/><T41/><D29/><U32/><E32/><RYUUKYOKU ba="0,1" sc="242,-10,206,30,254,-10,288,-10" hai1="9,11,17,20,24,43,46,49,75,77,81,129,131" /><INIT seed="5,1,1,0,1,74" ten="232,236,244,278" oya="1" hai0="96,112,7,21,88,122,44,0,3,73,99,84,91" hai1="45,111,54,104,5,85,132,67,10,76,87,62,23" hai2="38,109,18,86,127,37,117,118,125,9,58,101,71" hai3="53,57,40,126,70,1,79,108,89,95,113,48,129"/><U75/><E104/><V30/><F71/><W68/><G108/><T14/><D73/><U102/><E102/><V106/><F109/><W133/><G1/><T31/><D112/><U63/><E111/><V82/><F30/><W81/><G113/><T61/><D3/><U27/><E132/><V15/><F58/><W107/><G107/><T8/><D122/><U34/><E34/><V69/><F69/><W52/><G129/><T65/><D44/><U6/><E75/><V97/><F38/><W98/><G126/><N who="2" m="48137" /><F37/><W41/><G133/><T64/><D0/><U35/><E35/><V32/><F32/><W47/><G70/><T94/><D61/><U77/><E45/><V43/><F43/><W24/><G24/><N who="0" m="16783" /><D99/><U128/><E128/><V19/><F18/><W92/><G92/><AGARI ba="1,1" hai="7,8,14,64,65,84,88,91,92,94,96" m="16783" machi="92" ten="30,2000,0" yaku="8,1,54,1" doraHai="74" who="0" fromWho="3" sc="232,33,236,0,244,0,278,-23" /><INIT seed="6,0,0,1,3,43" ten="265,236,244,255" oya="2" hai0="73,26,22,95,14,57,119,60,74,89,59,133,15" hai1="121,58,28,103,51,32,45,71,126,54,77,87,47" hai2="10,24,86,131,127,67,0,109,122,48,9,125,124" hai3="52,110,102,61,80,68,120,91,129,84,72,76,18"/><V31/><F122/><W65/><G110/><T106/><D106/><U88/><E121/><V115/><F67/><W66/><G120/><T69/><D69/><U107/><E71/><V70/><F70/><W23/><G129/><T35/><D35/><U78/><E126/><V56/><F115/><W7/><G7/><T50/><D133/><U114/><E114/><V116/><F116/><W30/><G102/><T11/><D74/><U97/><E28/><V100/><F131/><W46/><G30/><T94/><D95/><U123/><E32/><V38/><F38/><W25/><G66/><T130/><D73/><U40/><E45/><V104/><F86/><W16/><G18/><N who="0" m="12631" /><D11/><U132/><E132/><V41/><F0/><W113/><G113/><T1/><D1/><U82/><REACH who="1" step="1"/><E123/><REACH who="1" ten="265,226,244,255" step="2"/><V99/><F109/><W79/><REACH who="3" step="1"/><G72/><REACH who="3" ten="265,226,244,245" step="2"/><T75/><D75/><U85/><E85/><V81/><F125/><W33/><G33/><T118/><D130/><U105/><E105/><V13/><F124/><W36/><G36/><AGARI ba="0,2" hai="36,40,47,51,54,58,77,78,82,87,88,97,103,107" machi="36" ten="30,8000,1" yaku="1,1,7,1,52,1,54,1,53,1" doraHai="43" doraHaiUra="49" who="1" fromWho="3" sc="265,0,226,100,244,0,245,-80" /><INIT seed="7,0,0,1,4,68" ten="265,326,244,165" oya="3" hai0="69,73,135,99,100,92,6,80,55,121,13,129,119" hai1="131,130,84,87,3,79,32,22,66,102,95,28,21" hai2="14,134,109,132,44,82,88,27,54,43,98,71,110" hai3="37,107,83,34,97,126,112,47,108,8,101,78,42"/><W45/><G112/><T26/><D121/><U52/><E3/><V35/><F71/><W77/><G126/><T94/><D69/><U62/><E32/><V53/><F14/><W40/><G108/><T104/><D129/><U59/><E52/><N who="2" m="20075" /><F27/><W96/><G34/><T103/><D135/><N who="2" m="51754" /><F35/><W17/><G97/><T15/><D6/><U33/><E33/><V38/><F82/><W23/><G8/><T65/><D65/><U113/><E21/><V93/><AGARI ba="0,0" hai="38,43,44,88,93,98,109,110" m="51754,20075" machi="93" ten="30,7900,0" yaku="20,1,52,1,54,2" doraHai="68" who="2" fromWho="2" sc="265,-20,326,-20,244,79,165,-39" owari="245,-15.5,306,10.6,323,42.3,126,-37.4" /></mjloggm>