<mjloggm ver="2.3"><GO type="225" lobby="0"/><UN n0="%EF%BC%AE%EF%BC%A1%EF%BC%AF%33%33%39" n1="%E3%83%96%E3%83%83%E3%83%91%E3%82%AA%E3%83%96%E3%83%81%E3%82%AD%E3%83%B3" n2="%33%74%72%65%65" n3="%E3%83%9D%E3%82%B1%E3%83%83%E3%83%88" dan="16,16,17,16" rate="2136.48,2142.13,2165.04,2054.70" sx="M,M,F,M"/><TAIKYOKU oya="0"/><INIT seed="0,0,0,5,0,70" ten="250,250,250,250" oya="0" hai0="101,110,123,29,54,94,52,87,131,5,86,122,85" hai1="39,125,22,113,19,91,7,74,2,16,55,27,121" hai2="77,119,1,128,80,95,126,75,107,98,20,73,106" hai3="108,56,8,11,0,105,132,32,92,96,15,89,112"/><T59/><D29/><U99/><E121/><V36/><F1/><W69/><G112/><T82/><D5/><U41/><E74/><N who="2" m="43063" /><F36/><W88/><G69/><T25/><D25/><U81/><E125/><V24/><F20/><W97/><G32/><T45/><D131/><U57/><E113/><V78/><F24/><W65/><G108/><T84/><D110/><U124/><E124/><V111/><F111/><W66/><G132/><T102/><D122/><U117/><E117/><V100/><F126/><W28/><G28/><T26/><D26/><U116/><E116/><V30/><F30/><W104/><G0/><T129/><D129/><U58/><E19/><V9/><F9/><W23/><G92/><T3/><D3/><U67/><E67/><V103/><F128/><W127/><G127/><T120/><D120/><U34/><E34/><V49/><F49/><W46/><G15/><T53/><D123/><U35/><E35/><V48/><F48/><W21/><REACH who="3" step="1"/><G46/><REACH who="3" ten="250,250,250,240" step="2"/><T37/><D94/><N who="1" m="56799" /><E2/><V40/><F119/><W134/><G134/><T135/><D135/><U33/><E33/><V83/><F95/><W61/><G61/><T133/><D133/><U13/><E13/><V50/><F107/><W47/><G47/><T118/><D118/><U93/><E93/><V72/><F103/><W4/><G4/><T115/><D115/><U64/><E7/><V68/><F68/><W43/><G43/><N who="0" m="22767" /><D59/><AGARI ba="0,1" hai="8,11,21,23,56,59,65,66,88,89,96,97,104,105" machi="59" ten="25,12000,2" yaku="1,1,22,2,54,1,53,2" doraHai="70" doraHaiUra="18" who="3" fromWho="0" sc="250,-120,250,0,250,0,240,130" /><INIT seed="1,0,0,1,0,82" ten="130,250,250,370" oya="1" hai0="39,64,25,68,100,122,17,58,97,63,80,111,91" hai1="16,101,74,67,32,102,40,33,55,53,3,41,78" hai2="37,47,110,45,49,90,34,72,115,10,118,51,50" hai3="127,73,46,95,1,43,131,77,30,88,105,24,5"/><U132/><E3/><V20/><F118/><W70/><G70/><T109/><D39/><U4/><E4/><V31/><F34/><W87/><G127/><T7/><D7/><U116/><E116/><V22/><F110/><W125/><G125/><T69/><D122/><U103/><E67/><V104/><F72/><W71/><G71/><T57/><D68/><U121/><E121/><V8/><F104/><W113/><G113/><T66/><D66/><U42/><E132/><V79/><F79/><W0/><G131/><T107/><D17/><U81/><REACH who="1" step="1"/><E16/><REACH who="1" ten="130,240,250,370" step="2"/><V26/><F115/><W114/><G5/><T23/><D109/><U119/><E119/><V28/><F8/><W6/><G114/><T126/><D111/><U61/><E61/><V44/><F10/><W15/><G1/><T112/><D112/><U96/><E96/><V48/><F37/><W106/><G0/><T11/><D11/><U35/><AGARI ba="0,1" hai="32,33,35,40,41,42,53,55,74,78,81,101,102,103" machi="35" ten="40,12000,1" yaku="1,1,0,1,29,2,53,0" doraHai="82" doraHaiUra="2" who="1" fromWho="1" sc="130,-40,240,130,250,-40,370,-40" /><INIT seed="1,1,0,5,4,76" ten="90,370,210,330" oya="1" hai0="85,25,114,90,74,62,133,30,15,79,124,39,55" hai1="87,134,49,5,63,29,20,68,26,105,93,7,110" hai2="101,119,48,102,131,72,37,6,107,51,123,28,60" hai3="84,3,92,94,104,10,0,34,118,125,80,52,2"/><U91/><E105/><V126/><F123/><W59/><G104/><T58/><D114/><U115/><E115/><V13/><F37/><W135/><G34/><T22/><D39/><U83/><E134/><V53/><F119/><W98/><G135/><T21/><D133/><U109/><E68/><V9/><F126/><W31/><G31/><T46/><D124/><U78/><E63/><V75/><F131/><W86/><G125/><T121/><D121/><U112/><E112/><V89/><F28/><W24/><G24/><T96/><D74/><U127/><E127/><V73/><F60/><W38/><G38/><T70/><D70/><U82/><E49/><V54/><F107/><W113/><G113/><T99/><D79/><U57/><E57/><V69/><F69/><W40/><G40/><T42/><D42/><U111/><REACH who="1" step="1"/><E83/><REACH who="1" ten="90,360,210,330" step="2"/><V97/><F51/><W19/><G80/><T95/><D46/><U106/><E106/><V47/><F48/><W67/><G59/><T27/><REACH who="0" step="1"/><D15/><REACH who="0" ten="80,360,210,330" step="2"/><U8/><E8/><V130/><F47/><W56/><G10/><T64/><D64/><U32/><E32/><V120/><F13/><W50/><G67/><T81/><D81/><U128/><E128/><V12/><F130/><W43/><G43/><T129/><D129/><U132/><E132/><V36/><F36/><W66/><G66/><T17/><AGARI ba="1,2" hai="17,21,22,25,27,30,55,58,62,85,90,95,96,99" machi="17" ten="20,5200,0" yaku="1,1,0,1,7,1,8,1,53,0" doraHai="76" doraHaiUra="41" who="0" fromWho="0" sc="80,75,360,-27,210,-14,330,-14" /><INIT seed="2,0,0,1,2,5" ten="155,333,196,316" oya="2" hai0="95,70,44,134,27,58,2,46,127,43,47,74,52" hai1="80,110,93,14,86,16,25,38,59,0,20,9,104" hai2="130,15,3,82,66,61,34,45,125,29,111,83,60" hai3="85,72,51,1,121,119,112,79,117,90,88,12,100"/><V40/><F3/><W91/><G1/><T133/><D2/><U39/><E104/><V118/><F118/><N who="3" m="45067" /><G12/><T77/><D77/><U68/><E68/><V107/><F130/><W115/><G51/><T36/><D74/><U41/><E0/><V63/><F125/><W87/><G100/><T50/><D95/><U132/><E110/><V64/><F107/><W101/><G101/><T122/><D27/><U57/><E132/><N who="0" m="50793" /><D127/><U32/><E32/><V13/><F29/><W123/><G72/><T75/><D75/><U55/><E93/><V19/><F34/><W98/><G98/><T97/><D97/><U106/><E106/><V23/><F15/><W7/><G7/><T33/><D33/><U124/><E124/><V81/><REACH who="2" step="1"/><F111/><REACH who="2" ten="155,333,186,316" step="2"/><W53/><G121/><T76/><D122/><U28/><E41/><V94/><F94/><W56/><G123/><T6/><D76/><U35/><E35/><V131/><F131/><W62/><G79/><T135/><D135/><U26/><E26/><V113/><F113/><AGARI ba="0,1" hai="53,56,62,85,87,88,90,91,112,113,115" m="45067" machi="113" ten="40,2600,0" yaku="11,1,54,1" doraHai="5" who="3" fromWho="2" sc="155,0,333,0,186,-26,316,36" /><INIT seed="3,0,0,1,4,8" ten="155,333,160,352" oya="3" hai0="61,83,120,75,94,10,25,0,118,54,23,1,132" hai1="119,114,59,39,35,14,113,18,121,60,15,128,58" hai2="19,105,17,127,5,49,112,62,76,33,70,50,16" hai3="87,97,103,37,99,30,115,22,40,124,47,135,3"/><W2/><G115/><T7/><D120/><U86/><E121/><V36/><F112/><W98/><G135/><T100/><D118/><U69/><E39/><V12/><F36/><W73/><G73/><T21/><D132/><U80/><E119/><V27/><F105/><W67/><G124/><T20/><D1/><U74/><E35/><V55/><F127/><W32/><G32/><T71/><D75/><U52/><E69/><V72/><F72/><W96/><G67/><T111/><D83/><U34/><E34/><V131/><F131/><W26/><REACH who="3" step="1"/><G87/><REACH who="3" ten="155,333,160,342" step="2"/><T63/><D111/><U101/><E74/><V109/><F109/><W77/><G77/><T65/><D54/><U46/><E128/><V79/><F79/><W108/><G108/><T92/><D63/><U31/><E31/><N who="2" m="19711" /><F76/><W44/><G44/><T68/><D68/><U11/><E46/><V130/><F130/><W4/><G4/><T122/><D122/><U129/><E129/><V134/><F134/><W84/><G84/><T24/><REACH who="0" step="1"/><D94/><AGARI ba="0,1" hai="2,3,22,26,30,37,40,47,94,96,97,98,99,103" machi="94" ten="40,2000,0" yaku="1,1,53,0" doraHai="8" doraHaiUra="78" who="3" fromWho="0" sc="155,-20,333,0,160,0,342,30" owari="135,-36.5,333,13.3,160,-24.0,372,47.2" /></mjloggm>