<mjloggm ver="2.3"><GO type="225" lobby="0"/><UN n0="%E3%82%BC%E3%83%AB%E3%83%80%E3%81%AE%E4%BC%9D%E8%AA%AC" n1="%E6%98%BC%E4%B8%8B%E3%81%8C%E3%82%8A%E3%81%AE%E5%9B%A3%E5%9C%B0%E5%A6%BB" n2="%E5%B0%8F%E9%B3%A5%E9%81%8A%E7%B7%B4%E7%84%A1%32%31%E6%AD%B3" n3="%E3%81%BF%E3%81%BF%E3%81%9A" dan="17,16,16,17" rate="2114.11,2151.19,2147.65,2251.19" sx="M,F,F,M"/><TAIKYOKU oya="0"/><INIT seed="0,0,0,0,2,18" ten="250,250,250,250" oya="0" hai0="84,95,14,40,48,25,50,121,129,57,19,92,34" hai1="128,124,46,112,17,73,7,102,81,38,91,47,16" hai2="90,97,60,123,51,80,13,76,55,103,6,88,104" hai3="83,72,37,20,71,11,53,45,110,118,127,122,117"/><T126/><D121/><U130/><E124/><V106/><F106/><W32/><G32/><T86/><D126/><U41/><E112/><V134/><F134/><W63/><G127/><T70/><D70/><U39/><E7/><V59/><F123/><W109/><G122/><T54/><D129/><N who="1" m="49771" /><E102/><V15/><F15/><W31/><G11/><T78/><D34/><U114/><E114/><V105/><F105/><W3/><G3/><T35/><D35/><U24/><E24/><V74/><F6/><W101/><G101/><T99/><D25/><U135/><E135/><V77/><F77/><N who="3" m="44455" /><G37/><T36/><D36/><U113/><E113/><V10/><F10/><W33/><G33/><T89/><D78/><N who="1" m="44239" /><E91/><V56/><REACH who="2" step="1"/><F13/><REACH who="2" ten="250,250,240,250" step="2"/><W28/><G118/><T87/><D95/><U43/><AGARI ba="0,1" hai="16,17,38,39,41,43,46,47" m="44239,49771" machi="43" ten="30,2000,0" yaku="19,1,54,1" doraHai="18" who="1" fromWho="1" sc="250,-10,250,30,240,-5,250,-5" /><INIT seed="1,0,0,1,1,84" ten="240,280,235,245" oya="1" hai0="115,75,134,76,82,77,4,95,64,101,112,20,52" hai1="73,10,60,41,53,11,123,2,114,83,70,45,107" hai2="38,42,23,63,81,25,48,100,132,99,111,55,29" hai3="61,88,106,103,39,72,122,24,33,98,19,59,68"/><U7/><E114/><V125/><F111/><W116/><G122/><T14/><D64/><U17/><E123/><V30/><F132/><W56/><G116/><T66/><D66/><U117/><E117/><V62/><F125/><W50/><G39/><T119/><D119/><U90/><E107/><V128/><F30/><W6/><G72/><T102/><D134/><U3/><E70/><V0/><F0/><W109/><G6/><T120/><D120/><U85/><E73/><V93/><F128/><W92/><G109/><T27/><D77/><U67/><E67/><V36/><F81/><W91/><G68/><T28/><D4/><U16/><E2/><V12/><F12/><W13/><G24/><T124/><D124/><U127/><E11/><V21/><F21/><N who="3" m="11503" /><G33/><T78/><D14/><U37/><REACH who="1" step="1"/><E127/><REACH who="1" ten="240,270,235,245" step="2"/><V65/><F65/><N who="3" m="39079" /><G106/><T22/><D75/><U113/><E113/><V47/><F36/><W18/><G18/><T8/><D115/><U43/><E43/><V58/><AGARI ba="0,1" hai="23,25,29,38,42,47,48,55,58,62,63,93,99,100" machi="58" ten="20,1500,0" yaku="0,1,7,1" doraHai="84" who="2" fromWho="2" sc="240,-4,270,-7,235,25,245,-4" /><INIT seed="2,0,0,2,3,131" ten="236,263,260,241" oya="2" hai0="16,30,89,102,44,123,74,17,63,86,36,50,39" hai1="21,46,52,120,98,81,84,73,110,126,62,14,112" hai2="95,13,64,116,94,127,23,70,53,59,58,107,1" hai3="121,51,35,72,100,28,78,25,29,8,124,60,27"/><V2/><F107/><W47/><G121/><T45/><D74/><U104/><E112/><V128/><F70/><W88/><G124/><T87/><D123/><U15/><E120/><V57/><F116/><W32/><G100/><T96/><D30/><U42/><E73/><V80/><F128/><W55/><G8/><T37/><D63/><U114/><E114/><V103/><F80/><W22/><G60/><T12/><D89/><U125/><E110/><V54/><F64/><W9/><G9/><T133/><D133/><U129/><E129/><V10/><F23/><W105/><G105/><T90/><D90/><U11/><E21/><V4/><F127/><W6/><G22/><T76/><D76/><U82/><E82/><V79/><F79/><W77/><G72/><T97/><D50/><U68/><E125/><V0/><REACH who="2" step="1"/><F103/><REACH who="2" ten="236,263,250,241" step="2"/><W109/><G109/><T65/><D102/><U99/><E126/><V48/><F48/><W135/><G135/><T130/><D36/><U113/><E113/><V33/><F33/><W69/><G69/><T66/><D130/><U19/><E68/><V91/><F91/><W20/><G20/><T115/><D115/><U71/><E71/><V24/><F24/><W41/><G88/><T61/><D61/><U122/><E122/><V5/><F5/><W26/><G6/><T132/><D132/><U40/><E104/><V75/><F75/><W92/><G25/><T108/><D108/><U43/><E62/><V31/><F31/><W3/><G32/><T85/><D85/><U118/><E118/><V18/><F18/><W106/><G35/><RYUUKYOKU ba="0,1" sc="236,15,263,-15,250,15,241,-15" hai0="12,16,17,37,39,44,45,65,66,86,87,96,97" hai2="0,1,2,4,10,13,53,54,57,58,59,94,95" /><INIT seed="2,1,1,4,3,106" ten="251,248,265,226" oya="2" hai0="102,97,43,41,50,63,84,2,1,11,112,125,27" hai1="36,3,57,105,21,108,18,20,113,69,131,77,73" hai2="132,64,53,116,35,8,4,48,104,14,109,127,19" hai3="39,25,92,70,124,58,123,134,111,16,85,59,38"/><V128/><F116/><W54/><G123/><T121/><D112/><U6/><E113/><V31/><F104/><W83/><G70/><T90/><D121/><U110/><E69/><V74/><F132/><W9/><G134/><T93/><D125/><U115/><E115/><V107/><F107/><W130/><G124/><T120/><D120/><U13/><E105/><V26/><F127/><W119/><G119/><T71/><D27/><U100/><E100/><V49/><F64/><W114/><G114/><T86/><D86/><U28/><E36/><V94/><F109/><N who="1" m="42089" /><E131/><V56/><F128/><W103/><G111/><T55/><D63/><U37/><E37/><V126/><F126/><W65/><G130/><T135/><D71/><U96/><E96/><V129/><F129/><W46/><G38/><T82/><D135/><U101/><E101/><V72/><F94/><W42/><G65/><T34/><D34/><U47/><E47/><V22/><REACH who="2" step="1"/><F48/><REACH who="2" ten="251,248,255,226" step="2"/><W75/><G92/><T91/><D50/><U78/><E57/><V61/><F61/><W17/><G59/><T51/><D51/><U89/><E28/><V117/><F117/><W10/><G58/><T81/><D93/><U98/><E98/><V30/><F30/><W80/><G103/><T88/><D102/><U23/><E3/><AGARI ba="1,2" hai="3,4,8,14,19,22,26,31,35,49,53,56,72,74" machi="3" ten="30,18000,2" yaku="1,1,7,1,24,2,52,2,53,0" doraHai="106" doraHaiUra="122" who="2" fromWho="1" sc="251,0,248,-183,255,203,226,0" /><INIT seed="2,2,0,3,2,14" ten="251,65,458,226" oya="2" hai0="39,22,99,26,111,4,34,46,45,79,104,119,35" hai1="27,49,84,24,97,82,91,38,53,123,1,118,109" hai2="95,98,72,132,43,41,105,83,130,44,135,19,59" hai3="21,78,12,68,90,71,0,23,110,129,9,74,37"/><V134/><F105/><W56/><G37/><T28/><D111/><U31/><E118/><V80/><F130/><W126/><G110/><T2/><D119/><U55/><E109/><V85/><F59/><W116/><G116/><T47/><D39/><U63/><E38/><V114/><F114/><W128/><G90/><T88/><D79/><U51/><E1/><V96/><F44/><W40/><G40/><N who="2" m="15433" /><F72/><W73/><G56/><T64/><D64/><U10/><E63/><V70/><F70/><N who="3" m="26667" /><G0/><T106/><D106/><U127/><E123/><V30/><F30/><W61/><G61/><T5/><D104/><U113/><E113/><V50/><F50/><W125/><G78/><T124/><D124/><N who="3" m="47721" /><G74/><T25/><D2/><U117/><E117/><V86/><F95/><W17/><G73/><T8/><D34/><U13/><E127/><V87/><F19/><N who="3" m="8591" /><G23/><T42/><D42/><U121/><E121/><V54/><F54/><W6/><G6/><T29/><REACH who="0" step="1"/><D8/><REACH who="0" ten="241,65,458,226" step="2"/><U62/><E62/><V94/><F94/><AGARI ba="2,1" hai="4,5,22,25,26,28,29,35,45,46,47,88,94,99" machi="94" ten="40,5200,0" yaku="1,1,2,1,54,1,53,0" doraHai="14" doraHaiUra="77" who="0" fromWho="2" sc="241,68,65,0,458,-58,226,0" /><INIT seed="3,0,0,1,1,89" ten="309,65,400,226" oya="3" hai0="27,30,26,101,102,16,85,95,55,33,14,41,8" hai1="76,71,84,87,90,64,51,3,112,12,106,65,63" hai2="58,94,123,113,43,109,127,73,40,131,47,88,104" hai3="0,135,80,67,70,115,35,126,5,13,130,20,37"/><W42/><G115/><T1/><D41/><U54/><E3/><V45/><F113/><W114/><G114/><T111/><D111/><U91/><E112/><V99/><F109/><W108/><G108/><T103/><D1/><U69/><E106/><V56/><F73/><W59/><G126/><T11/><D26/><U60/><E12/><V21/><F131/><W10/><G135/><T97/><D8/><U122/><E122/><V81/><F127/><W98/><G70/><T68/><D68/><U31/><E31/><V92/><F81/><W25/><G130/><T78/><REACH who="0" step="1"/><D55/><REACH who="0" ten="299,65,400,226" step="2"/><U4/><E4/><V62/><F40/><W119/><G35/><T9/><D9/><U52/><E76/><V23/><F43/><W75/><G119/><T129/><D129/><U61/><E61/><V15/><F62/><N who="3" m="38367" /><G98/><T34/><D34/><U125/><E125/><V32/><F99/><W96/><G96/><T105/><D105/><U83/><REACH who="1" step="1"/><E51/><REACH who="1" ten="299,55,400,226" step="2"/><V17/><F104/><W49/><G49/><T74/><D74/><U36/><E36/><V22/><F123/><W124/><G124/><T39/><D39/><U82/><AGARI ba="0,2" hai="52,54,60,63,64,65,69,71,82,83,84,87,90,91" machi="82" ten="20,12000,2" yaku="1,1,0,1,7,1,32,3,54,1,53,0" doraHai="89" doraHaiUra="107" who="1" fromWho="1" sc="299,-30,55,140,400,-30,226,-60" owari="269,6.9,195,-20.5,370,47.0,166,-33.4" /></mjloggm>