<mjloggm ver="2.3"><GO type="169" lobby="0"/><UN n0="%E3%83%8F%E3%82%BA%E3%83%AC" n1="%E3%81%82%E3%81%A3%E3%81%8D%EF%BD%9E%E2%99%AA" n2="%E3%81%82%E3%81%BE%E3%81%82%E3%82%93" n3="%E8%90%BD%E8%8A%B1%E4%B8%8D%E7%9F%A5%E6%84%8F" dan="17,16,17,17" rate="2168.72,2087.32,2125.53,2170.59" sx="M,M,M,M"/><TAIKYOKU oya="0"/><INIT seed="0,0,0,0,0,104" ten="250,250,250,250" oya="0" hai0="66,110,74,124,36,67,8,23,60,37,106,26,70" hai1="12,129,54,31,85,68,44,82,100,125,0,79,32" hai2="33,63,84,48,77,21,130,22,69,90,88,17,117" hai3="116,92,134,15,46,40,115,50,53,58,120,95,30"/><T13/><D124/><U94/><E125/><V112/><F112/><W27/><G115/><T51/><D110/><U49/><E129/><V35/><F130/><W135/><G116/><T20/><D106/><U91/><E0/><V99/><F117/><W28/><G120/><T96/><D74/><U10/><E68/><V128/><F128/><W75/><G75/><T25/><D96/><U123/><E123/><V78/><F48/><W89/><G15/><T109/><D109/><U56/><E100/><V65/><F99/><W64/><G64/><T76/><D76/><U19/><E31/><V57/><F57/><W108/><G108/><T131/><D131/><U52/><E32/><V105/><F105/><W16/><G30/><T72/><D72/><U34/><E34/><V45/><F45/><W80/><G80/><T122/><D122/><U111/><E111/><V126/><F126/><W7/><G7/><T107/><D107/><U24/><E24/><V43/><F43/><W61/><G92/><T39/><D51/><N who="1" m="30751" /><E94/><V41/><F33/><W132/><G28/><T14/><D66/><U121/><E121/><V62/><F35/><W9/><G9/><T118/><D118/><U1/><E1/><V87/><F65/><W55/><G40/><T114/><D114/><U103/><E103/><V6/><F41/><W127/><G127/><T102/><D102/><U11/><E11/><V59/><F69/><W42/><G42/><T98/><D98/><U47/><E47/><V83/><F6/><W86/><G134/><T73/><D73/><U5/><E5/><V71/><F71/><RYUUKYOKU ba="0,0" sc="250,-15,250,15,250,-15,250,15" hai1="10,12,19,44,49,54,79,82,85,91" hai3="16,27,46,50,53,55,58,61,86,89,95,132,135" /><INIT seed="1,1,0,2,2,19" ten="235,265,235,265" oya="1" hai0="126,112,55,15,116,103,128,52,66,107,22,50,73" hai1="71,40,91,60,68,57,95,53,1,90,98,51,29" hai2="23,122,84,25,75,2,16,100,35,30,131,89,132" hai3="115,13,9,31,5,27,44,124,49,56,105,65,86"/><U7/><E29/><V42/><F122/><W24/><G115/><T104/><D116/><U3/><E90/><V81/><F131/><W109/><G105/><T34/><D34/><U28/><E28/><V123/><F123/><W113/><G113/><T93/><D73/><U121/><E121/><V45/><F132/><W6/><G109/><T102/><D112/><U127/><E127/><V46/><F2/><W135/><G135/><T61/><D126/><U78/><E78/><V21/><F75/><W118/><G124/><T70/><D128/><U117/><E117/><V120/><F120/><W80/><G118/><T17/><D55/><U12/><E12/><N who="2" m="9351" /><F35/><W14/><G31/><T47/><REACH who="0" step="1"/><D93/><REACH who="0" ten="225,265,235,265" step="2"/><U62/><E40/><V11/><F42/><W96/><G65/><T26/><D26/><U37/><E53/><V83/><F100/><AGARI ba="1,1" hai="15,17,22,47,50,52,61,66,70,100,102,103,104,107" machi="100" ten="40,5200,0" yaku="1,1,52,1,54,1,53,0" doraHai="19" doraHaiUra="129" who="0" fromWho="2" sc="225,65,265,0,235,-55,265,0" /><INIT seed="2,0,0,0,3,7" ten="290,265,180,265" oya="2" hai0="122,91,9,135,58,102,35,42,87,104,93,129,6" hai1="74,49,21,83,51,4,37,125,82,47,65,126,13" hai2="32,10,88,50,120,54,38,62,22,63,59,103,3" hai3="105,112,0,127,1,17,33,15,56,100,92,89,11"/><V30/><F120/><W94/><G33/><T75/><D122/><U95/><E37/><V123/><F123/><W40/><G127/><T25/><D135/><U24/><E65/><V77/><F38/><W76/><G112/><T39/><D129/><U133/><E133/><V118/><F118/><W108/><G108/><T66/><D75/><U79/><E83/><V99/><F32/><W106/><G76/><T70/><D70/><U45/><E95/><V27/><F77/><W73/><G73/><T18/><D42/><U48/><E126/><V109/><F109/><W119/><G119/><T98/><D39/><U41/><E125/><V68/><F68/><W69/><G69/><T78/><D78/><U20/><E47/><V31/><F31/><W26/><G26/><T29/><D18/><U90/><E90/><V55/><F88/><W14/><G40/><T53/><D66/><U57/><E57/><V130/><F130/><W128/><G56/><T96/><D96/><U121/><E121/><V44/><F3/><W110/><G110/><T16/><D16/><U85/><E74/><V2/><F2/><W5/><G0/><T101/><D101/><U8/><E21/><V81/><F81/><W113/><G1/><T36/><D36/><U19/><AGARI ba="0,0" hai="4,8,13,19,20,24,41,45,48,49,51,79,82,85" machi="19" ten="20,12000,2" yaku="0,1,7,1,25,2,8,1,52,1" doraHai="7" who="1" fromWho="1" sc="290,-30,265,120,180,-60,265,-30" /><INIT seed="3,0,0,3,5,112" ten="260,385,120,235" oya="3" hai0="27,58,24,97,61,46,131,29,44,10,99,28,5" hai1="85,68,121,52,12,80,101,90,47,66,127,56,102" hai2="88,86,79,134,89,103,135,82,35,67,118,42,39" hai3="110,130,57,128,75,54,37,73,15,107,126,119,84"/><W62/><G37/><T33/><D131/><N who="3" m="50217" /><G107/><T7/><D46/><U91/><E127/><V16/><F35/><W41/><G41/><T115/><D44/><U114/><E114/><V111/><F67/><W30/><G126/><T98/><D115/><U22/><E121/><V3/><F3/><W1/><G1/><T87/><D87/><U51/><E68/><V93/><F42/><W55/><G110/><T38/><D38/><U45/><E91/><N who="2" m="34891" /><F39/><W72/><G84/><T4/><D10/><U108/><E108/><V59/><F59/><N who="3" m="35191" /><G30/><T124/><D124/><U133/><E133/><N who="2" m="50699" /><F111/><W100/><G100/><N who="1" m="38506" /><E66/><V53/><F53/><W117/><G15/><T31/><D33/><U96/><E96/><N who="2" m="59791" /><F16/><AGARI ba="0,0" hai="12,16,22,45,47,51,52,56,80,85,90" m="38506" machi="16" ten="30,3900,0" yaku="8,1,54,2" doraHai="112" who="1" fromWho="2" sc="260,0,385,39,120,-39,235,0" /><INIT seed="4,0,0,2,3,1" ten="260,424,81,235" oya="0" hai0="132,44,6,81,24,125,66,55,123,4,134,38,70" hai1="77,29,94,108,65,90,91,19,115,23,112,79,96" hai2="11,117,34,26,49,135,97,63,122,48,33,87,61" hai3="128,27,83,103,126,53,109,104,59,84,54,88,107"/><T51/><D123/><U10/><E65/><V110/><F110/><W56/><G109/><T113/><D113/><U5/><E108/><V15/><F122/><W76/><G126/><T105/><D105/><U130/><E130/><V82/><F135/><N who="0" m="51754" /><D125/><U17/><E29/><V67/><F117/><W92/><G128/><T118/><D118/><U30/><E30/><V71/><F97/><W50/><G27/><T45/><D24/><U95/><E115/><V80/><F26/><W7/><G7/><N who="0" m="2603" /><D81/><U62/><E112/><V73/><F73/><W85/><REACH who="3" step="1"/><G103/><REACH who="3" ten="260,424,81,225" step="2"/><T0/><D0/><U32/><E5/><V2/><F2/><W114/><G114/><T129/><D129/><U37/><E32/><V13/><F33/><W12/><G12/><T116/><D116/><U8/><E79/><V111/><F34/><W86/><G86/><T57/><D38/><U127/><E37/><V98/><F111/><W60/><AGARI ba="0,1" hai="50,53,54,56,59,60,76,83,84,85,88,92,104,107" machi="60" ten="20,8000,1" yaku="1,1,0,1,7,1,54,1,53,1" doraHai="1" doraHaiUra="58" who="3" fromWho="3" sc="260,-40,424,-20,81,-20,225,90" /><INIT seed="5,0,0,3,2,1" ten="220,404,61,315" oya="1" hai0="9,83,109,56,39,81,86,57,125,4,115,26,46" hai1="131,77,24,91,62,72,99,74,60,53,30,89,10" hai2="5,45,135,28,15,100,34,27,67,35,66,120,101" hai3="134,119,85,23,49,124,21,65,122,110,52,112,14"/><U63/><E131/><V61/><F120/><W25/><G110/><T84/><D115/><U48/><E77/><V73/><F73/><W132/><G122/><T118/><D118/><U43/><E43/><V114/><F114/><W0/><G0/><T8/><D125/><U103/><E74/><V6/><F135/><N who="3" m="51755" /><G112/><T95/><D109/><U55/><E72/><V7/><F35/><W3/><G3/><T102/><D26/><U96/><E10/><V38/><F15/><W123/><G123/><T18/><D18/><U70/><E70/><V69/><REACH who="2" step="1"/><F67/><REACH who="2" ten="220,404,51,315" step="2"/><W58/><G65/><T12/><D12/><U111/><E111/><V50/><F50/><W41/><G14/><T90/><D39/><U16/><E48/><V113/><F113/><W75/><G75/><T33/><D33/><U126/><E126/><V108/><F108/><W36/><G124/><T13/><D9/><U51/><E51/><V47/><F47/><W20/><G36/><T59/><D46/><U106/><E63/><V107/><F107/><W82/><G41/><AGARI ba="0,1" hai="5,6,7,27,28,34,38,41,45,61,66,69,100,101" machi="41" ten="40,8000,1" yaku="1,1,52,3,53,0" doraHai="1" doraHaiUra="78" who="2" fromWho="3" sc="220,0,404,0,51,90,315,-80" /><INIT seed="6,0,0,4,0,71" ten="220,404,141,235" oya="2" hai0="13,48,103,127,11,12,45,40,80,54,119,131,86" hai1="44,82,107,118,8,35,52,61,97,117,33,134,39" hai2="16,4,34,47,83,112,50,124,75,100,81,129,42" hai3="115,49,2,22,51,62,114,60,68,59,111,38,92"/><V73/><F34/><W98/><G2/><T29/><D131/><U96/><E134/><V87/><F129/><W25/><G111/><T5/><D127/><U10/><E82/><V65/><F124/><W23/><G38/><T108/><D108/><U56/><E35/><V130/><F130/><W1/><G1/><T0/><D119/><U26/><E118/><V95/><F4/><W85/><G85/><T135/><D135/><U24/><E117/><V6/><F6/><W63/><G68/><T66/><D66/><U55/><E107/><V113/><F65/><W27/><G59/><T37/><D103/><U74/><E74/><N who="2" m="28171" /><F16/><N who="3" m="12487" /><G115/><N who="2" m="44105" /><F87/><W126/><G114/><T41/><D41/><U121/><E121/><V14/><F14/><W90/><G126/><T122/><D29/><AGARI ba="0,0" hai="23,27,29,49,51,60,62,63,90,92,98" m="12487" machi="29" ten="30,2000,0" yaku="8,1,54,1" doraHai="71" who="3" fromWho="0" sc="220,-20,404,0,141,0,235,20" /><INIT seed="7,0,0,3,2,83" ten="200,404,141,255" oya="3" hai0="116,102,114,20,50,134,14,133,87,76,49,115,56" hai1="48,58,103,6,123,73,84,117,17,100,39,88,32" hai2="126,37,91,93,67,12,13,1,110,19,131,108,44" hai3="77,66,99,22,105,86,8,54,98,31,25,106,64"/><W51/><G106/><T26/><D102/><U38/><E73/><V96/><F1/><W121/><G121/><T24/><D116/><U63/><E123/><V97/><F131/><W118/><G118/><T119/><D119/><U28/><E117/><V3/><F3/><W41/><G41/><T35/><D35/><U40/><E6/><V127/><F67/><N who="3" m="25643" /><G8/><T89/><D76/><U90/><E17/><V7/><F7/><W79/><G105/><T82/><D14/><U68/><E90/><V75/><F75/><W60/><G60/><T2/><D2/><U46/><E28/><V36/><F93/><W0/><G0/><T9/><D9/><U120/><E32/><V130/><F91/><W16/><G31/><N who="0" m="17799" /><D26/><U23/><E68/><V109/><F109/><W74/><G74/><T42/><D42/><U111/><E111/><V10/><F10/><W128/><G128/><T52/><D49/><U27/><E120/><V71/><F71/><W78/><G86/><T125/><D125/><U33/><E33/><V4/><F4/><W101/><G101/><T81/><D81/><N who="1" m="49167" /><E39/><V135/><F130/><W122/><G122/><T69/><D69/><U85/><E85/><V72/><F72/><W107/><G107/><T59/><D59/><AGARI ba="0,0" hai="16,22,25,51,54,59,77,78,79,98,99" m="25643" machi="59" ten="30,2900,0" yaku="8,1,54,1" doraHai="83" who="3" fromWho="0" sc="200,-29,404,0,141,0,255,29" /><INIT seed="7,1,0,1,5,36" ten="171,404,141,284" oya="3" hai0="13,11,109,29,30,113,126,2,56,72,21,3,69" hai1="4,38,12,78,79,95,124,24,61,84,125,35,22" hai2="42,9,75,0,58,123,104,26,40,68,62,53,74" hai3="112,120,45,118,17,135,90,133,50,102,71,82,7"/><W80/><G118/><T31/><D69/><U87/><E38/><V67/><F104/><W132/><G120/><T92/><D72/><U8/><E35/><V41/><F123/><W73/><G71/><T18/><D109/><U66/><E125/><V128/><F128/><W65/><G65/><T134/><D126/><U111/><E111/><V103/><F103/><W28/><G112/><T106/><D106/><U122/><E124/><V63/><REACH who="2" step="1"/><F26/><REACH who="2" ten="171,404,131,284" step="2"/><W116/><G102/><T10/><D113/><U115/><E115/><V55/><F55/><W114/><G114/><T5/><D134/><U91/><E122/><V83/><F83/><W60/><G80/><T49/><D92/><U39/><E39/><V98/><F98/><W99/><G99/><T57/><D49/><U20/><E87/><V19/><F19/><W108/><G17/><T117/><D117/><U59/><E22/><V23/><F23/><W27/><G116/><T37/><D37/><U51/><E51/><V44/><F44/><W34/><G108/><T70/><D70/><U85/><E85/><V52/><F52/><N who="3" m="29775" /><G73/><T97/><D97/><U15/><E15/><V130/><F130/><W16/><G16/><AGARI ba="1,1" hai="4,8,12,16,20,24,59,61,66,78,79,84,91,95" machi="16" ten="30,3900,0" yaku="7,1,8,1,54,1" doraHai="36" who="1" fromWho="3" sc="171,0,404,52,131,0,284,-42" owari="171,-22.9,456,55.6,131,-36.9,242,4.2" /></mjloggm>