<mjloggm ver="2.3"><GO type="169" lobby="0"/><UN n0="%E3%81%9A%E3%82%93%E3%81%9A%E3%82%93%E3%80%82" n1="%68%69%73%61%74%6F%E6%A3%92" n2="%E8%88%B9%E8%B6%8A%E8%8B%B1%E4%B8%80%E9%83%8E" n3="%E5%A4%A7%E4%BB%81%E7%94%B0%E8%96%84" dan="17,16,17,17" rate="2146.40,2128.05,2147.79,2186.57" sx="M,M,M,M"/><TAIKYOKU oya="0"/><INIT seed="0,0,0,1,2,73" ten="250,250,250,250" oya="0" hai0="83,64,28,9,36,46,85,120,86,20,129,98,78" hai1="87,75,82,125,111,11,63,44,65,38,53,134,115" hai2="33,128,0,42,45,26,94,18,79,97,24,104,118" hai3="21,100,91,71,19,76,103,58,54,61,105,101,117"/><T88/><D120/><U126/><E111/><V68/><F0/><W2/><G117/><T74/><D129/><U106/><E106/><V121/><F68/><W99/><G2/><T31/><D64/><U67/><E75/><V5/><F5/><W3/><G3/><T37/><D98/><U131/><E134/><V7/><F7/><W96/><G71/><T55/><D74/><U119/><E119/><V22/><F104/><W109/><G109/><T27/><D31/><U93/><E93/><V77/><F128/><W108/><G76/><N who="2" m="29257" /><F33/><W135/><G135/><T66/><D66/><U50/><E67/><V47/><F121/><W133/><G133/><T35/><D9/><U124/><E11/><V25/><F118/><W16/><G19/><T56/><D46/><N who="2" m="17418" /><F42/><W49/><G108/><T30/><D35/><U29/><E131/><V72/><F72/><W57/><G105/><T51/><REACH who="0" step="1"/><D30/><REACH who="0" ten="240,250,250,250" step="2"/><U17/><E29/><V84/><F84/><W80/><G99/><T60/><D60/><U114/><E63/><V130/><F130/><W12/><G96/><T127/><D127/><U6/><E124/><V132/><F132/><W92/><G61/><T90/><D90/><AGARI ba="0,1" hai="18,22,24,25,26,90,94,97" m="17418,29257" machi="90" ten="30,7700,0" yaku="8,1,52,3" doraHai="73" who="2" fromWho="0" sc="240,-77,250,0,250,87,250,0" /><INIT seed="1,0,0,3,4,62" ten="163,250,337,250" oya="1" hai0="60,103,2,106,52,64,107,41,28,133,77,58,132" hai1="32,36,55,135,127,1,4,76,115,5,74,26,27" hai2="121,0,12,102,134,101,96,16,131,73,47,49,91" hai3="31,39,71,25,124,29,93,87,128,68,33,94,130"/><U108/><E36/><V119/><F119/><W18/><G39/><T63/><D2/><U78/><E115/><V22/><F121/><W13/><G31/><T100/><D28/><U23/><E74/><V82/><F0/><W80/><G124/><T111/><D77/><U69/><E69/><V126/><F126/><W99/><G71/><T90/><D41/><U53/><E1/><V34/><F34/><W120/><G68/><T21/><D111/><U97/><E32/><V10/><F131/><N who="3" m="50219" /><G99/><T48/><D21/><U3/><E3/><V66/><F66/><W88/><G120/><T19/><D19/><U116/><E116/><V42/><F134/><N who="0" m="51818" /><D60/><U85/><E135/><V56/><F56/><W20/><AGARI ba="0,0" hai="13,18,20,25,29,33,80,87,88,93,94" m="50219" machi="20" ten="30,2000,0" yaku="19,1,54,1" doraHai="62" who="3" fromWho="3" sc="163,-5,250,-10,337,-5,250,20" /><INIT seed="2,0,0,4,1,91" ten="158,240,332,270" oya="2" hai0="33,76,99,85,107,125,28,63,4,92,135,132,0" hai1="45,47,17,100,130,52,79,86,7,108,30,104,29" hai2="50,57,56,84,18,27,81,36,67,10,68,102,44" hai3="115,8,5,127,71,65,72,37,19,128,43,94,80"/><V133/><F133/><N who="0" m="51274" /><D28/><U129/><E7/><V55/><F102/><W74/><G115/><T87/><D33/><U54/><E100/><V66/><F36/><W40/><G19/><T31/><D31/><U89/><E79/><V134/><F134/><W122/><G122/><T119/><D4/><U121/><E108/><V39/><F39/><W118/><G118/><T22/><D22/><U14/><E104/><V73/><F73/><W97/><G127/><T131/><D0/><U117/><E117/><V26/><F27/><W112/><G128/><T124/><D63/><U70/><E70/><V83/><F83/><W120/><G120/><T13/><D13/><U1/><E1/><V126/><F126/><N who="0" m="48746" /><D119/><U62/><E62/><V101/><F26/><W111/><G111/><T77/><D107/><U20/><E121/><V21/><F21/><W106/><G106/><T61/><D61/><U64/><E64/><V98/><F67/><W2/><G65/><T58/><D58/><U9/><E20/><V3/><F66/><W93/><G71/><T110/><D110/><U113/><E29/><V78/><F68/><W75/><G37/><T16/><D16/><U15/><E30/><V51/><F51/><W69/><G69/><T105/><D105/><U95/><E15/><N who="2" m="7543" /><F3/><W90/><G2/><T34/><D34/><U88/><E113/><V49/><F49/><W60/><G60/><T6/><D6/><U46/><REACH who="1" step="1"/><E89/><REACH who="1" ten="158,230,332,270" step="2"/><V38/><F38/><W59/><G112/><T116/><D116/><U109/><E109/><V32/><F32/><W35/><G35/><T123/><D123/><RYUUKYOKU ba="0,1" sc="158,-15,230,15,332,15,270,-15" hai1="9,14,17,45,46,47,52,54,86,88,95,129,130" hai2="44,50,55,56,57,78,81,84,98,101" /><INIT seed="2,1,1,1,5,123" ten="143,245,347,255" oya="2" hai0="5,85,121,64,68,25,60,104,113,7,111,54,71" hai1="44,101,88,76,115,112,53,119,38,32,13,45,87" hai2="83,18,57,39,128,0,48,84,90,131,59,79,62" hai3="102,46,24,15,22,63,110,6,4,114,35,97,14"/><V103/><F39/><W52/><G114/><T27/><D113/><U42/><E76/><V107/><F0/><W75/><G75/><T74/><D74/><U26/><E101/><V65/><F107/><W78/><G78/><T126/><D104/><U109/><E119/><V28/><F28/><W55/><G35/><T11/><D121/><U130/><E130/><N who="2" m="49707" /><F103/><W82/><G82/><T20/><D71/><U43/><E53/><N who="2" m="31911" /><F18/><W66/><G6/><T81/><D5/><U17/><E26/><V40/><F40/><W100/><G100/><T34/><D34/><U106/><E32/><V134/><F134/><W19/><G4/><T120/><D25/><U72/><E106/><V116/><F116/><W36/><G36/><T105/><D105/><U3/><E3/><V67/><F67/><W2/><G2/><T118/><D120/><U127/><E72/><V61/><F61/><W91/><G102/><T1/><D118/><U12/><E17/><V129/><N who="2" m="49715" /><V135/><DORA hai="125" /><F135/><W58/><G66/><T9/><D60/><U77/><E38/><V16/><F16/><W133/><G133/><T86/><D64/><U56/><E112/><V95/><F79/><W23/><G23/><T69/><D20/><U94/><E77/><V89/><F89/><W50/><G15/><T93/><D1/><U29/><E115/><V21/><F21/><W117/><G14/><T108/><D27/><U41/><E13/><V96/><F83/><W47/><G117/><T92/><D81/><U51/><E12/><V37/><F37/><W70/><G22/><T30/><D30/><RYUUKYOKU ba="1,1" sc="143,-10,245,-10,347,30,255,-10" hai2="59,62,65,84,90,95,96" /><INIT seed="2,2,1,1,4,128" ten="133,235,377,245" oya="2" hai0="109,98,96,49,50,76,52,129,51,101,106,66,131" hai1="14,38,45,84,83,16,13,132,87,60,61,74,15" hai2="25,46,21,20,110,104,8,0,64,93,18,63,114" hai3="42,121,124,59,48,116,86,40,97,80,89,94,99"/><V115/><F104/><W62/><G121/><T53/><D109/><U55/><E74/><V70/><F110/><W17/><G116/><T71/><D76/><U30/><E30/><V12/><F0/><W69/><G124/><T107/><D66/><U54/><E38/><V23/><F25/><W28/><G28/><T95/><D71/><U32/><E32/><V37/><REACH who="2" step="1"/><F93/><REACH who="2" ten="133,235,367,245" step="2"/><W9/><G94/><T100/><REACH who="0" step="1"/><D95/><REACH who="0" ten="123,235,367,245" step="2"/><U36/><E15/><V108/><F108/><W134/><G69/><T11/><D11/><U135/><E13/><V81/><F81/><W39/><G80/><T73/><D73/><U6/><E14/><V41/><AGARI ba="2,3" hai="8,12,18,20,21,23,37,41,46,63,64,70,114,115" machi="41" ten="30,6000,0" yaku="1,1,0,1,53,1" doraHai="128" doraHaiUra="5" who="2" fromWho="2" sc="123,-22,235,-22,367,96,245,-22" /><INIT seed="2,3,0,0,3,26" ten="101,213,463,223" oya="2" hai0="2,0,117,96,20,35,116,6,69,54,17,58,114" hai1="119,71,123,56,55,98,47,30,89,44,107,12,57" hai2="24,135,92,78,27,38,79,63,62,113,23,110,133" hai3="31,7,124,16,10,97,75,95,68,15,59,60,101"/><V125/><F113/><W19/><G75/><T121/><D69/><U106/><E71/><V8/><F38/><W115/><G68/><T102/><D114/><U41/><E12/><V34/><F125/><W65/><G115/><T129/><D35/><U46/><E41/><V74/><F8/><W13/><G124/><T1/><D6/><U36/><E36/><V22/><F34/><W48/><G48/><T108/><D108/><U81/><E119/><N who="0" m="45641" /><D129/><U50/><E57/><V104/><F92/><W39/><G39/><T90/><D90/><U76/><E89/><V126/><F74/><W122/><G122/><T70/><D70/><U88/><E88/><V77/><F126/><W132/><G132/><N who="2" m="50761" /><F104/><W80/><G80/><T103/><D96/><U91/><E91/><V45/><F45/><W3/><G3/><N who="0" m="771" /><T109/><DORA hai="131" /><D109/><U67/><E106/><V9/><F9/><W127/><G127/><T25/><D121/><U86/><E123/><V73/><F73/><W61/><G61/><AGARI ba="3,0" hai="17,20,25,54,58,61,102,103" m="771,45641" machi="61" ten="40,1300,0" yaku="12,1" doraHai="26,131" who="0" fromWho="3" sc="101,22,213,0,463,0,223,-22" /><INIT seed="3,0,0,3,0,10" ten="123,213,463,201" oya="3" hai0="98,4,3,48,74,59,94,67,132,133,131,96,41" hai1="17,130,60,93,14,83,134,15,72,13,125,65,106" hai2="89,16,69,43,87,113,49,39,12,119,115,33,135" hai3="62,8,2,52,1,40,27,73,107,114,0,84,108"/><W78/><G114/><T47/><D74/><U95/><E106/><V31/><F119/><W99/><G73/><T11/><D131/><U103/><E130/><V129/><F39/><W37/><G27/><T85/><D85/><U97/><E95/><V54/><F43/><W75/><G84/><T117/><D117/><U38/><E38/><V81/><F69/><W19/><G108/><T70/><D70/><U55/><E55/><V9/><F129/><W32/><G32/><T118/><D118/><U111/><E134/><N who="0" m="51817" /><D94/><U91/><E125/><V104/><F104/><W30/><G30/><T86/><D86/><U26/><E26/><N who="2" m="18679" /><F135/><W64/><G64/><T50/><D50/><U58/><E111/><V42/><F42/><W23/><G99/><T128/><D128/><U77/><REACH who="1" step="1"/><E103/><REACH who="1" ten="123,203,463,201" step="2"/><V25/><F25/><W105/><G105/><T102/><D102/><U80/><E80/><V88/><F89/><W100/><G100/><T45/><D45/><AGARI ba="0,1" hai="9,12,16,45,49,54,81,87,88,113,115" m="18679" machi="45" ten="30,7700,0" yaku="25,1,52,1,54,2" doraHai="10" who="2" fromWho="0" sc="123,-77,203,0,463,87,201,0" /><INIT seed="4,0,0,0,1,132" ten="46,203,550,201" oya="0" hai0="109,4,128,7,129,120,94,87,31,91,133,93,50" hai1="134,76,17,135,39,104,41,60,106,51,95,53,96" hai2="73,18,63,61,122,0,121,114,124,80,14,35,44" hai3="36,71,99,49,115,2,110,75,21,105,83,72,89"/><T66/><D120/><U131/><E76/><V26/><F0/><W78/><G36/><T1/><D133/><N who="1" m="50699" /><E60/><V102/><F102/><W10/><G71/><T25/><D109/><U79/><E79/><V24/><F114/><W111/><G75/><T9/><D7/><U67/><E67/><V11/><F73/><W47/><G115/><T22/><D66/><U113/><E131/><V85/><F124/><W5/><G21/><T117/><D117/><U97/><E97/><V32/><F32/><W74/><G74/><T69/><D69/><U43/><E17/><V29/><F61/><W42/><REACH who="3" step="1"/><G89/><REACH who="3" ten="46,203,550,191" step="2"/><T88/><REACH who="0" step="1"/><D50/><REACH who="0" ten="36,203,550,191" step="2"/><U127/><E113/><V70/><F70/><W56/><G56/><T8/><D8/><U48/><E48/><V40/><F11/><W54/><G54/><T118/><D118/><U81/><E53/><V37/><F37/><W62/><G62/><T16/><D16/><U68/><E51/><V20/><F18/><W126/><G126/><T107/><D107/><U58/><E58/><V130/><F63/><W6/><G6/><T59/><D59/><U82/><E68/><V77/><F122/><W123/><G123/><T33/><D33/><U84/><E127/><V28/><F35/><W100/><AGARI ba="0,2" hai="2,5,10,42,47,49,72,78,83,99,100,105,110,111" machi="100" ten="30,4000,0" yaku="1,1,0,1,53,1" doraHai="132" doraHaiUra="45" who="3" fromWho="3" sc="36,-20,203,-10,550,-10,191,60" /><INIT seed="5,0,0,1,2,80" ten="16,193,540,251" oya="1" hai0="25,85,131,95,75,117,4,123,96,45,113,100,26" hai1="34,120,88,67,111,57,41,121,109,5,7,29,39" hai2="73,35,78,89,76,135,115,20,50,54,108,12,81" hai3="114,84,15,105,44,10,128,98,59,13,2,60,112"/><U1/><E41/><V51/><F108/><N who="1" m="41545" /><E39/><V83/><F35/><W71/><G71/><T134/><D75/><U28/><E57/><V30/><F135/><W82/><G128/><T102/><D117/><U107/><E67/><V72/><F115/><N who="3" m="44075" /><G44/><T24/><D113/><U14/><E107/><V122/><F122/><N who="1" m="47209" /><E34/><V93/><F54/><N who="3" m="33911" /><G2/><T68/><D68/><U38/><E38/><V47/><F47/><W49/><G49/><T3/><D134/><U42/><E42/><V132/><F132/><W55/><G55/><T9/><D131/><U79/><E79/><V97/><F50/><W110/><G10/><T77/><D123/><U125/><E125/><V129/><F51/><W101/><G110/><T21/><D45/><U6/><E1/><V8/><F129/><W91/><AGARI ba="0,0" hai="13,15,82,84,91,98,101,105" m="33911,44075" machi="91" ten="30,2000,0" yaku="15,1,52,1" doraHai="80" who="3" fromWho="3" sc="16,-5,193,-10,540,-5,251,20" /><INIT seed="6,0,0,2,4,20" ten="11,183,535,271" oya="2" hai0="31,12,46,84,127,42,128,132,24,18,19,17,44" hai1="134,85,64,33,4,7,78,106,133,74,75,68,30" hai2="61,2,16,1,103,62,48,53,56,112,77,108,80" hai3="63,32,119,102,82,70,130,117,26,73,129,104,55"/><V125/><F112/><W37/><G37/><T14/><D128/><N who="3" m="49257" /><G73/><T69/><D69/><U15/><E106/><V131/><F131/><W50/><G82/><T35/><D132/><U34/><E85/><V9/><F125/><W88/><G88/><T114/><D114/><U122/><E30/><V95/><F108/><W97/><G63/><T5/><D127/><U110/><E110/><V29/><F29/><N who="3" m="19511" /><G70/><T98/><D98/><U105/><E68/><V52/><F61/><W54/><G54/><T21/><D84/><U100/><E64/><V76/><F80/><W116/><G116/><T71/><D71/><U43/><E43/><V123/><F77/><W107/><G107/><T10/><REACH who="0" step="1"/><D46/><AGARI ba="0,0" hai="46,50,55,97,102,104,117,119" m="19511,49257" machi="46" ten="30,2000,0" yaku="19,1,52,1" doraHai="20" who="3" fromWho="0" sc="11,-20,183,0,535,0,271,20" owari="-9,-50.9,183,-21.7,535,63.5,291,9.1" /></mjloggm>