<mjloggm ver="2.3"><GO type="169" lobby="0"/><UN n0="%E3%81%A1%E3%82%83%E3%81%B0%E3%82%8A%E3%83%BC%E3%82%84" n1="%71%75%65%79%69%6D%65%6E" n2="%E3%82%88%E3%81%86%E3%81%B8%E3%83%BC%58" n3="%4A%4B%E3%81%97%E3%82%8D%E3%81%BE%E3%82%8B" dan="16,16,17,16" rate="2113.36,2121.15,2237.35,2136.91" sx="M,M,M,F"/><TAIKYOKU oya="0"/><INIT seed="0,0,0,1,1,17" ten="250,250,250,250" oya="0" hai0="133,107,42,96,26,126,106,70,91,23,36,100,111" hai1="134,114,52,4,94,80,0,35,132,118,63,20,98" hai2="14,28,99,32,120,58,31,122,115,7,1,50,101" hai3="123,97,87,66,3,53,124,90,2,37,60,113,47"/><T13/><D126/><U127/><E35/><V21/><F115/><W61/><G113/><T103/><D133/><N who="1" m="51307" /><E114/><V54/><F1/><W8/><G123/><T135/><D135/><U45/><E118/><V40/><F32/><W85/><G124/><T78/><D70/><U33/><E33/><V95/><F40/><W92/><G61/><T19/><D111/><U131/><E127/><V105/><F105/><W112/><G112/><T108/><D108/><U38/><E80/><V29/><REACH who="2" step="1"/><F7/><REACH who="2" ten="250,250,240,250" step="2"/><W93/><G2/><T57/><D42/><N who="1" m="22743" /><E4/><V27/><F27/><W79/><G3/><T83/><D26/><U102/><E0/><V5/><F5/><W125/><G125/><T11/><D36/><U128/><E128/><V10/><F10/><W130/><G8/><T74/><D11/><U65/><E131/><V89/><F89/><W77/><G90/><T44/><D106/><U22/><E52/><V39/><F39/><W73/><G53/><T43/><D107/><U71/><AGARI ba="0,1" hai="20,22,63,65,71,94,98,102" m="22743,51307" machi="71" ten="30,4000,0" yaku="20,1,52,2" doraHai="17" who="1" fromWho="1" sc="250,-20,250,50,240,-10,250,-10" /><INIT seed="1,0,0,5,2,14" ten="230,300,230,240" oya="1" hai0="53,23,71,123,95,31,34,17,32,84,2,104,82" hai1="42,105,98,78,110,96,99,56,85,15,119,16,45" hai2="10,1,40,118,44,7,113,109,11,13,111,55,63" hai3="94,121,89,24,62,92,26,49,112,43,132,9,101"/><U67/><E119/><V59/><F118/><W91/><G121/><T66/><D104/><U115/><E115/><V124/><F124/><W0/><G101/><T52/><D123/><U39/><E110/><V97/><F97/><W6/><G132/><T76/><D2/><U114/><E114/><V18/><REACH who="2" step="1"/><F113/><REACH who="2" ten="230,300,220,240" step="2"/><W46/><G112/><T4/><D32/><U29/><E105/><V72/><F72/><W12/><G0/><T27/><D4/><U129/><E129/><V8/><F8/><W81/><G6/><T86/><D86/><U35/><E85/><V65/><F65/><W33/><G9/><T30/><D34/><U25/><E78/><V107/><F107/><W21/><G33/><T64/><D64/><U88/><E67/><V54/><F54/><N who="0" m="21098" /><D66/><U48/><E56/><V126/><F126/><W100/><G43/><T87/><D71/><U80/><E80/><V130/><F130/><W51/><G81/><N who="0" m="47143" /><D95/><U133/><E133/><V117/><F117/><W3/><G94/><T83/><D83/><U102/><E102/><V106/><F106/><W22/><G100/><T73/><D73/><U57/><E57/><V77/><F77/><AGARI ba="0,1" hai="17,23,27,30,31,77,82,87" m="47143,21098" machi="77" ten="30,3900,0" yaku="8,1,52,1,54,1" doraHai="14" who="0" fromWho="2" sc="230,49,300,0,220,-39,240,0" /><INIT seed="2,0,0,1,2,95" ten="279,300,181,240" oya="2" hai0="27,31,30,107,135,126,87,33,71,58,81,32,88" hai1="83,134,38,100,128,52,97,113,48,8,89,65,66" hai2="17,37,25,47,120,39,1,54,96,49,85,26,62" hai3="3,20,16,28,64,50,22,57,127,105,90,40,51"/><V82/><F120/><W124/><G3/><T59/><D126/><U109/><E38/><V41/><F1/><W19/><G28/><T2/><D135/><U114/><E134/><V43/><F62/><N who="3" m="37967" /><G105/><T21/><D71/><U6/><E109/><V67/><F67/><W93/><G40/><N who="2" m="15433" /><F39/><W36/><G36/><T119/><D119/><U70/><E128/><V108/><F37/><W42/><G127/><T34/><D2/><U99/><E70/><V118/><F118/><W102/><G102/><T98/><D107/><U104/><E114/><V116/><F116/><W75/><G75/><T56/><REACH who="0" step="1"/><D98/><REACH who="0" ten="269,300,181,240" step="2"/><U45/><E113/><V0/><F0/><W60/><G124/><T68/><D68/><U9/><E99/><V106/><F106/><W117/><G117/><T94/><D94/><U129/><E129/><V63/><F108/><W131/><G93/><T12/><D12/><U5/><E83/><V29/><F96/><W80/><G131/><T10/><D10/><U122/><E8/><V133/><F133/><W53/><G80/><T4/><D4/><U15/><E6/><V130/><F130/><W44/><G19/><AGARI ba="0,1" hai="19,21,27,30,31,32,33,34,56,58,59,81,87,88" machi="19" ten="50,3200,0" yaku="1,1,54,1,53,0" doraHai="95" doraHaiUra="121" who="0" fromWho="3" sc="269,42,300,0,181,0,240,-32" /><INIT seed="3,0,0,3,1,78" ten="311,300,181,208" oya="3" hai0="62,80,128,79,6,58,133,110,126,28,118,119,129" hai1="93,75,66,76,71,23,131,121,90,36,18,30,86" hai2="73,14,47,130,3,91,55,64,100,4,25,46,32" hai3="113,104,63,117,61,26,82,88,12,38,10,132,67"/><W54/><G113/><T9/><D110/><U39/><E121/><V74/><F64/><W87/><G117/><T48/><D126/><U111/><E30/><V52/><F100/><W135/><G104/><T53/><D133/><N who="3" m="51273" /><G38/><T56/><D28/><U98/><E111/><V7/><F3/><W124/><G124/><T50/><D9/><U27/><E131/><N who="0" m="50249" /><D6/><U22/><E75/><V72/><F130/><W31/><G54/><N who="0" m="34071" /><D48/><U42/><E66/><V114/><F114/><W109/><G109/><T97/><D97/><U123/><E71/><V2/><F2/><W60/><G67/><T101/><D101/><U49/><E123/><V5/><F14/><W65/><G65/><T59/><D59/><U120/><E120/><V33/><F25/><W95/><G12/><T20/><D20/><U96/><E23/><V103/><F103/><W40/><G10/><T94/><D94/><U81/><REACH who="1" step="1"/><E98/><REACH who="1" ten="311,290,181,208" step="2"/><V34/><REACH who="2" step="1"/><F91/><REACH who="2" ten="311,290,171,208" step="2"/><W115/><G115/><T69/><D69/><U8/><E8/><V134/><F134/><W89/><G89/><T1/><D1/><U51/><E51/><V127/><F127/><W116/><G88/><T13/><D13/><U24/><E24/><V68/><F68/><W99/><G26/><T17/><D119/><U16/><E16/><V43/><F43/><W108/><G40/><T92/><D118/><U35/><E35/><V15/><F15/><W57/><G116/><T70/><D70/><U44/><AGARI ba="0,2" hai="18,22,27,36,39,42,44,49,76,81,86,90,93,96" machi="44" ten="30,4000,0" yaku="1,1,0,1,52,1,53,0" doraHai="78" doraHaiUra="102" who="1" fromWho="1" sc="311,-10,290,60,171,-10,208,-20" /><INIT seed="4,0,0,3,3,79" ten="301,350,161,188" oya="0" hai0="66,110,70,23,127,130,14,5,83,97,6,28,52" hai1="113,131,30,18,4,116,133,78,31,117,15,61,3" hai2="51,21,104,33,10,34,25,71,121,98,100,87,99" hai3="2,88,115,114,56,26,32,90,105,47,8,94,29"/><T85/><D127/><U58/><E133/><V135/><F135/><W27/><G105/><T43/><D130/><U62/><E131/><V81/><F121/><W122/><G122/><T134/><D134/><U60/><E58/><V84/><F71/><W74/><G74/><T57/><D110/><U108/><E108/><V80/><F10/><W17/><G47/><T89/><D43/><U41/><E41/><V13/><F51/><W11/><G56/><T49/><D97/><U126/><E4/><V101/><F13/><W82/><G17/><T20/><D20/><U68/><E3/><V72/><F72/><W125/><G125/><T120/><D120/><U118/><E126/><V123/><F123/><W92/><G82/><T19/><REACH who="0" step="1"/><D28/><REACH who="0" ten="291,350,161,188" step="2"/><U55/><E31/><V103/><F21/><W39/><G29/><T16/><D16/><U75/><E30/><V59/><F104/><W53/><G39/><T40/><D40/><U107/><E118/><V35/><F25/><W7/><G27/><T46/><D46/><U38/><E38/><V54/><F54/><W44/><G44/><T132/><D132/><U48/><E117/><V67/><F67/><W119/><G26/><T9/><D9/><U36/><E36/><V109/><F109/><W128/><G53/><T106/><D106/><U73/><E107/><V86/><REACH who="2" step="1"/><F59/><REACH who="2" ten="291,350,151,188" step="2"/><W69/><G11/><T102/><D102/><U37/><E37/><V76/><F76/><W95/><G8/><T1/><D1/><U124/><E78/><V12/><F12/><W112/><G2/><T96/><D96/><AGARI ba="0,2" hai="33,34,35,80,81,84,86,87,96,98,99,100,101,103" machi="96" ten="50,12000,2" yaku="1,1,29,2,28,2,52,2,53,0" doraHai="79" doraHaiUra="65" who="2" fromWho="0" sc="291,-120,350,0,151,140,188,0" /><INIT seed="5,0,0,4,1,93" ten="171,350,291,188" oya="1" hai0="94,41,134,26,72,22,17,115,117,65,33,127,130" hai1="15,58,40,47,7,31,92,70,61,30,86,67,0" hai2="50,24,118,110,2,82,124,95,84,28,16,43,131" hai3="44,88,6,4,32,52,97,12,83,135,111,76,81"/><U73/><E73/><V123/><F2/><W103/><G32/><T116/><D72/><U129/><E0/><V59/><F110/><W113/><G111/><T35/><D41/><U122/><E122/><V3/><F3/><W133/><G113/><T125/><D65/><U112/><E112/><V80/><F123/><W38/><G38/><T105/><D105/><U74/><E74/><V18/><F131/><W75/><G12/><T54/><D115/><U46/><E129/><V53/><F124/><N who="0" m="47690" /><D130/><U89/><E70/><V62/><F118/><N who="0" m="45674" /><D54/><U1/><E1/><V29/><F43/><W37/><G37/><T119/><N who="0" m="45682" /><T9/><DORA hai="109" /><D94/><U64/><E64/><V107/><F107/><W48/><G135/><T8/><D134/><U96/><E86/><V11/><F95/><W36/><G36/><T10/><AGARI ba="0,0" hai="8,9,10,17,22,26,33,35" m="45682,47690" machi="10" ten="50,6400,0" yaku="18,1,34,2" doraHai="93,109" who="0" fromWho="0" sc="171,64,350,-32,291,-16,188,-16" /><INIT seed="6,0,0,0,3,7" ten="235,318,275,172" oya="2" hai0="44,31,49,77,1,87,34,110,85,13,28,17,92" hai1="90,59,78,26,81,120,135,132,53,126,129,37,14" hai2="104,111,30,23,6,99,114,22,55,84,42,116,65" hai3="61,83,62,95,79,112,94,97,2,131,123,133,18"/><V98/><F116/><W75/><G123/><T82/><D110/><U36/><E120/><V102/><F114/><W33/><G112/><T41/><D1/><U117/><E117/><V57/><F65/><W21/><G33/><T66/><D34/><U51/><E90/><V73/><F73/><W60/><G131/><T70/><D70/><U105/><E105/><V128/><F42/><W109/><G109/><T91/><REACH who="0" step="1"/><D66/><REACH who="0" ten="225,318,275,172" step="2"/><U118/><E118/><V43/><F111/><W19/><G2/><T54/><D54/><U96/><E53/><V76/><F55/><W24/><G133/><T115/><D115/><U67/><E67/><V27/><F128/><W88/><REACH who="3" step="1"/><G95/><REACH who="3" ten="225,318,275,162" step="2"/><T71/><D71/><U101/><E135/><V68/><F68/><W64/><G64/><T15/><D15/><U119/><E14/><V108/><F108/><W124/><G124/><T86/><D86/><U5/><E132/><V125/><F84/><W12/><G12/><T121/><D121/><U134/><E126/><V9/><F125/><W113/><G113/><T122/><D122/><U103/><E134/><V32/><F32/><W93/><G93/><T40/><D40/><U8/><E129/><V80/><F43/><W130/><G130/><T20/><AGARI ba="0,2" hai="13,17,20,28,31,41,44,49,77,82,85,87,91,92" machi="20" ten="20,5200,0" yaku="1,1,0,1,7,1,8,1,53,0" doraHai="7" doraHaiUra="56" who="0" fromWho="0" sc="225,72,318,-13,275,-26,162,-13" /><INIT seed="7,0,0,4,5,43" ten="297,305,249,149" oya="3" hai0="1,44,55,87,107,122,53,24,98,132,54,10,12" hai1="75,51,108,82,25,34,70,11,23,38,94,123,22" hai2="99,33,95,45,4,135,115,76,0,32,92,79,40" hai3="27,2,128,49,130,21,74,42,101,121,93,26,57"/><W8/><G74/><T56/><D122/><U88/><E108/><V131/><F115/><W50/><G121/><T67/><D1/><U18/><E38/><V13/><F135/><W30/><G27/><T19/><D132/><U66/><E34/><V105/><F0/><W9/><G57/><T29/><D107/><U16/><E11/><V63/><F105/><W64/><G64/><T109/><D109/><U68/><E66/><V116/><F116/><W39/><G39/><T90/><D98/><U46/><E123/><V85/><F63/><W5/><G9/><T91/><D44/><U83/><E75/><V124/><F124/><W110/><G110/><T104/><D104/><U14/><E70/><V31/><F131/><N who="3" m="50219" /><G42/><T127/><D127/><U118/><E68/><V113/><F113/><W47/><G47/><T3/><D3/><U41/><E118/><V37/><F31/><W6/><G6/><T61/><REACH who="0" step="1"/><D87/><AGARI ba="0,0" hai="14,16,18,22,23,25,41,46,51,82,83,87,88,94" machi="87" ten="30,8000,1" yaku="7,1,8,1,52,1,54,2" doraHai="43" who="1" fromWho="0" sc="297,-80,305,80,249,0,149,0" owari="217,-18.3,385,48.5,249,4.9,149,-35.1" /></mjloggm>