<mjloggm ver="2.3"><GO type="169" lobby="0"/><UN n0="%E3%82%A2%E3%83%B3%E3%81%95%E3%82%93" n1="%E7%8A%B6%E6%85%8B%E9%BA%BB%E9%9B%80" n2="%68%69%68%69%68%69%6A%69" n3="%E3%81%82%E3%81%95%E3%81%B4%E3%82%93%EF%BC%A0%EF%BD%8D%EF%BD%8A" dan="18,17,16,18" rate="2211.13,2205.90,2172.52,2227.63" sx="M,M,M,M"/><TAIKYOKU oya="0"/><INIT seed="0,0,0,5,4,101" ten="250,250,250,250" oya="0" hai0="82,37,21,72,12,115,71,92,7,99,130,89,2" hai1="110,112,102,86,19,64,124,38,48,46,123,0,88" hai2="52,113,75,91,20,13,119,77,97,61,31,78,25" hai3="45,5,111,116,66,118,122,93,135,81,56,42,67"/><T84/><D115/><U73/><E123/><V3/><F113/><W23/><G5/><T24/><D130/><U18/><E112/><V68/><F3/><W30/><G81/><T105/><D71/><U35/><E110/><V22/><F119/><N who="3" m="45611" /><G93/><T53/><D37/><U16/><E124/><V59/><F68/><W33/><G23/><T134/><D134/><U11/><E73/><V103/><F91/><W104/><G30/><T127/><D127/><U96/><E38/><V63/><F63/><W49/><G33/><T121/><D121/><U65/><E35/><V44/><F44/><W90/><G90/><T41/><D41/><U39/><E39/><V128/><F128/><W29/><G29/><T27/><D53/><U43/><E11/><V8/><F22/><W34/><G104/><T6/><D12/><U94/><REACH who="1" step="1"/><E0/><REACH who="1" ten="250,240,250,250" step="2"/><V117/><F75/><W40/><G34/><T98/><D2/><U69/><E69/><V108/><F108/><W36/><G111/><T50/><D72/><U4/><E4/><V109/><F109/><W106/><G122/><T125/><D125/><U87/><E87/><V15/><F117/><W60/><G135/><T114/><D114/><U107/><AGARI ba="0,1" hai="16,18,19,43,46,48,64,65,86,88,94,96,102,107" machi="107" ten="30,8000,1" yaku="1,1,0,1,52,1,54,2,53,0" doraHai="101" doraHaiUra="54" who="1" fromWho="1" sc="250,-40,240,90,250,-20,250,-20" /><INIT seed="1,0,0,2,0,88" ten="210,330,230,230" oya="1" hai0="17,79,3,1,97,9,122,110,71,27,86,111,125" hai1="29,102,77,36,39,62,64,87,78,107,59,61,123" hai2="45,91,14,41,7,22,99,96,117,106,103,100,82" hai3="47,20,80,53,90,51,93,98,89,30,135,109,5"/><U34/><E123/><V108/><F117/><W16/><G109/><T68/><D122/><U38/><E87/><V10/><F108/><W81/><G135/><T92/><D125/><U85/><E85/><V119/><F119/><W21/><G5/><T127/><D127/><U105/><E62/><V69/><F69/><W25/><REACH who="3" step="1"/><G90/><REACH who="3" ten="210,330,230,220" step="2"/><T52/><D110/><U129/><E129/><V8/><F91/><W83/><G83/><T76/><D111/><U57/><E78/><V58/><F82/><W130/><G130/><T73/><D79/><U13/><E77/><V114/><F114/><W18/><G18/><T50/><D73/><U2/><E29/><V37/><F7/><W26/><AGARI ba="0,1" hai="16,20,21,25,26,30,47,51,53,80,81,89,93,98" machi="26" ten="20,12000,2" yaku="1,1,0,1,7,1,8,1,52,1,54,1,53,1" doraHai="88" doraHaiUra="84" who="3" fromWho="3" sc="210,-30,330,-60,230,-30,220,130" /><INIT seed="2,0,0,0,2,131" ten="180,270,200,350" oya="2" hai0="88,46,116,33,35,31,1,45,18,86,101,72,9" hai1="75,69,4,112,37,20,77,114,100,62,85,99,125" hai2="83,5,122,71,59,96,29,48,13,87,6,91,90" hai3="133,65,94,55,64,51,56,74,54,60,123,11,25"/><V117/><F117/><W26/><G74/><T15/><D116/><U70/><E75/><V121/><F71/><W126/><G123/><T110/><D110/><U79/><E37/><V32/><F32/><W23/><G126/><T102/><D72/><U109/><E125/><V38/><F38/><W124/><G124/><T41/><D1/><U44/><E109/><V89/><F29/><W67/><G11/><T19/><D19/><U76/><E4/><V115/><F115/><W78/><G78/><T92/><D45/><U105/><E44/><V10/><F6/><W40/><G40/><T119/><D119/><U16/><E85/><V50/><F96/><W3/><G3/><T49/><REACH who="0" step="1"/><D35/><REACH who="0" ten="170,270,200,350" step="2"/><U93/><E114/><V95/><F122/><W42/><G42/><T28/><D28/><U21/><E112/><V61/><F121/><W130/><G130/><T128/><D128/><U106/><E21/><V2/><F2/><W97/><G23/><T43/><D43/><U63/><E20/><V118/><F118/><W81/><G25/><AGARI ba="0,1" hai="9,15,18,25,31,33,41,46,49,86,88,92,101,102" machi="25" ten="40,8000,1" yaku="1,1,54,1,53,2" doraHai="131" doraHaiUra="98" who="0" fromWho="3" sc="170,90,270,0,200,0,350,-80" /><INIT seed="3,0,0,5,5,65" ten="260,270,200,270" oya="3" hai0="67,21,43,62,92,116,39,13,83,125,3,57,22" hai1="106,55,0,5,44,51,16,98,93,38,47,6,89" hai2="27,101,79,61,108,76,72,94,99,78,37,129,70" hai3="96,119,40,53,24,30,56,109,25,46,115,28,84"/><W69/><G115/><T128/><D125/><U135/><E135/><V63/><F37/><W42/><G119/><T107/><D107/><U100/><E0/><V50/><F108/><W23/><G109/><T74/><D3/><U71/><E71/><V11/><F129/><W113/><G113/><T95/><D116/><U81/><E81/><V126/><F72/><W134/><G134/><T112/><D112/><U64/><E64/><V2/><F126/><W32/><G69/><T85/><D74/><U48/><E38/><V120/><F120/><W80/><G96/><T58/><D43/><U7/><E16/><V41/><F27/><W105/><G46/><T66/><D39/><U20/><E20/><N who="0" m="7785" /><D13/><U26/><E26/><V127/><F127/><W34/><G105/><T33/><D33/><U82/><E82/><V45/><F70/><W90/><REACH who="3" step="1"/><G23/><REACH who="3" ten="260,270,200,260" step="2"/><T104/><D104/><U60/><E106/><V118/><F118/><W73/><G73/><T91/><D128/><U8/><E47/><V49/><F45/><W52/><G52/><T97/><D97/><U77/><E44/><V117/><F117/><W9/><G9/><T1/><D1/><U124/><E124/><V36/><F2/><W131/><G131/><T59/><D66/><U111/><E111/><V86/><F11/><W14/><G14/><T4/><D4/><U132/><E8/><V54/><F36/><W18/><G18/><T35/><D35/><U103/><E132/><V19/><F19/><W114/><G114/><T75/><D75/><U68/><E7/><V87/><F54/><W29/><G29/><RYUUKYOKU ba="0,1" sc="260,15,270,-15,200,-15,260,15" hai0="57,58,59,62,67,83,85,91,92,95" hai3="24,25,28,30,32,34,40,42,53,56,80,84,90" /><INIT seed="3,1,1,3,5,97" ten="275,255,185,275" oya="3" hai0="63,100,38,72,120,24,43,30,132,9,83,134,52" hai1="10,49,61,16,76,126,123,47,89,135,109,56,91" hai2="117,119,111,19,64,54,22,58,39,2,79,124,106" hai3="7,87,96,5,59,127,128,44,46,103,55,40,71"/><W102/><G71/><T121/><D120/><U118/><E123/><V131/><F2/><W3/><G3/><T130/><D130/><U48/><E109/><V4/><F4/><N who="3" m="1611" /><G128/><T73/><D121/><U50/><E126/><V37/><F131/><W0/><G0/><T34/><D9/><U21/><E135/><N who="0" m="51753" /><D83/><U36/><E10/><V51/><F106/><W53/><G127/><T41/><D100/><N who="3" m="38441" /><G96/><T95/><D95/><U57/><E118/><V13/><F124/><W15/><G40/><N who="0" m="15435" /><D38/><U68/><E36/><V81/><F39/><W94/><G15/><T80/><D80/><U122/><E122/><V101/><F37/><W33/><G33/><T31/><D31/><U85/><E68/><V26/><F13/><W28/><G28/><T133/><N who="0" m="51761" /><T99/><DORA hai="66" /><D99/><U69/><E69/><V112/><F119/><W98/><G87/><T11/><D11/><U42/><E85/><V17/><F117/><W32/><G32/><T8/><D8/><U6/><E6/><V110/><F110/><W75/><G75/><T88/><D73/><U35/><E35/><V93/><F111/><W77/><G77/><T62/><D72/><U105/><E76/><V65/><F79/><W129/><G129/><T25/><D30/><U23/><E105/><V29/><F29/><W108/><G108/><T45/><D34/><U82/><E23/><V92/><F22/><W12/><G12/><T14/><D14/><U107/><E107/><V114/><F17/><W125/><G125/><T116/><D116/><U74/><E16/><V67/><F19/><W70/><G98/><RYUUKYOKU ba="1,1" sc="275,0,255,0,185,0,275,0" /><INIT seed="4,2,1,1,3,0" ten="275,255,185,275" oya="0" hai0="132,16,66,5,113,71,127,34,93,121,102,81,88" hai1="131,68,14,48,134,74,6,25,104,52,67,103,75" hai2="96,21,56,23,55,7,64,72,12,101,26,85,135" hai3="31,60,110,128,58,133,39,37,15,47,115,9,125"/><T50/><D121/><U98/><E131/><V106/><F72/><W105/><G110/><T124/><D34/><U43/><E134/><V70/><F135/><W22/><G105/><T41/><D132/><U82/><E43/><V109/><F109/><W73/><G73/><T69/><D113/><U32/><E82/><V17/><F85/><W18/><G133/><T46/><D5/><U27/><E27/><V87/><F87/><W120/><G115/><T38/><D102/><U111/><E111/><V77/><F77/><W129/><G120/><T76/><D16/><U8/><E67/><V117/><F117/><W40/><G39/><T24/><D24/><U33/><E68/><V59/><F55/><W13/><G125/><N who="0" m="48203" /><D66/><U89/><E89/><V92/><F106/><W126/><G126/><T54/><D81/><U108/><E33/><V51/><F51/><W20/><G31/><T1/><D1/><U99/><E99/><V63/><REACH who="2" step="1"/><F7/><REACH who="2" ten="275,255,175,275" step="2"/><W97/><G128/><T123/><D76/><U2/><E108/><V4/><F4/><W30/><G129/><T95/><D123/><U122/><E122/><V53/><F53/><W130/><G130/><T112/><D112/><U36/><E2/><V49/><F49/><W86/><G86/><N who="0" m="52375" /><D95/><U29/><REACH who="1" step="1"/><E36/><REACH who="1" ten="275,245,175,275" step="2"/><V45/><F45/><AGARI ba="2,3" hai="38,41,45,46,50,54,69,71" m="52375,48203" machi="45" ten="30,2900,0" yaku="18,1,54,1" doraHai="0" who="0" fromWho="2" sc="275,65,245,0,175,-35,275,0" /><AGARI ba="2,0" hai="6,8,14,25,29,32,45,48,52,74,75,98,103,104" machi="45" ten="30,12000,2" yaku="1,1,2,1,7,1,52,1,54,1,53,1" doraHai="0" doraHaiUra="11" who="1" fromWho="2" sc="340,0,245,120,140,-120,275,0" /><INIT seed="4,3,0,3,5,95" ten="340,365,20,275" oya="0" hai0="116,67,37,4,78,83,3,73,108,90,100,9,0" hai1="34,74,17,52,106,12,133,79,6,117,20,43,84" hai2="31,61,47,40,105,107,118,33,32,68,16,110,27" hai3="24,104,36,120,39,55,127,89,119,29,8,14,134"/><T54/><D116/><U2/><E117/><V94/><F110/><W111/><G119/><T15/><D108/><U11/><E133/><V103/><F118/><W109/><G104/><T19/><D37/><U70/><E70/><V57/><F33/><W66/><G66/><T92/><D67/><U60/><E74/><V102/><F68/><W113/><G134/><T71/><D71/><U81/><E106/><V1/><F1/><W96/><G39/><T98/><D54/><U93/><E43/><V77/><F77/><W128/><G36/><T58/><D58/><U48/><E60/><V129/><F129/><W135/><G135/><T88/><D0/><U114/><E114/><V131/><F131/><W25/><G113/><T30/><D30/><U10/><E34/><V23/><F102/><W45/><G128/><T130/><D130/><U46/><E93/><V132/><F132/><W115/><G115/><T97/><D97/><U123/><REACH who="1" step="1"/><E11/><AGARI ba="3,0" hai="3,4,9,11,15,19,73,78,83,88,90,92,98,100" machi="11" ten="30,5800,0" yaku="7,1,52,1,54,1" doraHai="95" who="0" fromWho="1" sc="340,67,365,-67,20,0,275,0" /><INIT seed="4,4,0,2,5,132" ten="407,298,20,275" oya="0" hai0="100,8,119,84,77,126,128,11,98,76,72,21,7" hai1="38,51,20,29,105,129,127,10,59,109,113,87,130" hai2="43,26,94,125,131,56,93,49,17,42,91,115,46" hai3="65,106,6,108,117,41,35,123,90,50,47,75,68"/><T2/><D119/><U114/><E38/><V24/><F115/><N who="1" m="44041" /><E105/><V44/><F131/><N who="1" m="50185" /><E109/><V34/><F34/><W36/><G106/><T135/><D135/><U12/><E87/><V134/><F134/><W70/><G75/><T37/><D37/><U16/><E59/><V101/><F56/><W107/><G107/><T116/><D116/><U3/><E51/><V28/><F17/><W89/><G117/><T48/><D48/><U81/><E81/><V86/><F28/><W88/><G108/><T69/><D72/><U124/><E29/><V74/><F74/><W33/><G36/><T97/><D84/><U27/><E3/><V64/><F64/><W63/><G68/><T53/><D69/><U40/><E40/><V71/><F71/><W79/><G79/><T111/><D111/><U133/><E133/><V18/><F18/><W4/><REACH who="3" step="1"/><G123/><REACH who="3" ten="407,298,20,265" step="2"/><T80/><D77/><U103/><E103/><V62/><F62/><W73/><G73/><T54/><D100/><U19/><AGARI ba="4,1" hai="10,12,16,19,20,27,124,127" m="50185,44041" machi="19" ten="40,16000,3" yaku="15,1,11,1,19,1,34,2,52,2,54,1" doraHai="132" who="1" fromWho="1" sc="407,-84,298,182,20,-44,265,-44" owari="323,12.3,480,58.0,-24,-52.4,221,-17.9" /></mjloggm>