<mjloggm ver="2.3"><GO type="169" lobby="0"/><UN n0="%E6%89%8B%E6%8A%BC%E3%81%97%E8%BB%8A" n1="%E3%83%A9%E3%83%B3%E3%82%B0%E3%83%A9" n2="%E9%A2%A8%E3%81%A7%E9%B3%B4%E3%81%8F" n3="%44%61%6C%69" dan="16,16,16,17" rate="2087.68,2081.92,2145.74,2185.39" sx="M,M,M,M"/><TAIKYOKU oya="0"/><INIT seed="0,0,0,4,0,107" ten="250,250,250,250" oya="0" hai0="84,14,59,33,16,7,11,46,70,82,22,74,3" hai1="1,108,37,17,9,94,75,91,109,83,48,78,132" hai2="100,112,68,110,40,90,131,71,20,77,64,96,4" hai3="52,89,39,113,32,122,35,116,114,43,103,36,120"/><T86/><D70/><U61/><E37/><V93/><F112/><W41/><G103/><T38/><D59/><U101/><E132/><V80/><F110/><N who="1" m="42601" /><E101/><V8/><F131/><W88/><REACH who="3" step="1"/><G52/><REACH who="3" ten="250,250,250,240" step="2"/><T118/><D118/><AGARI ba="0,1" hai="32,35,36,39,41,43,88,89,113,114,116,118,120,122" machi="118" ten="25,8000,1" yaku="1,1,2,1,22,2,54,1,53,0" doraHai="107" doraHaiUra="126" who="3" fromWho="0" sc="250,-80,250,0,250,0,240,90" /><INIT seed="1,0,0,5,2,1" ten="170,250,250,330" oya="1" hai0="72,54,123,130,19,25,16,124,57,110,22,30,4" hai1="0,107,52,7,38,82,14,33,27,15,116,43,37" hai2="94,122,12,13,20,90,48,115,84,66,50,125,76" hai3="113,88,79,108,86,114,61,73,70,3,34,28,128"/><U103/><E116/><V2/><F2/><W26/><G108/><T135/><D72/><U126/><E126/><V21/><F122/><W96/><G3/><T71/><D71/><U120/><E120/><V62/><F125/><W5/><G128/><T64/><D64/><U6/><E0/><V118/><F118/><W85/><G73/><T111/><D124/><U87/><E107/><V39/><F39/><W101/><G85/><T102/><D123/><U121/><E121/><V98/><F115/><W18/><G18/><T83/><D102/><U99/><E33/><V65/><F13/><W8/><G79/><T77/><D130/><U134/><E37/><V92/><F76/><W11/><G11/><T29/><D19/><U91/><E134/><V112/><F65/><N who="3" m="41263" /><G8/><T133/><D4/><U127/><E127/><V17/><F21/><W23/><G23/><T60/><D30/><U24/><E52/><V41/><F41/><W93/><G5/><N who="1" m="1546" /><E43/><V100/><REACH who="2" step="1"/><F112/><REACH who="2" ten="170,250,240,330" step="2"/><W81/><G113/><T53/><D53/><U74/><E38/><V69/><AGARI ba="0,1" hai="12,17,20,48,50,62,66,69,84,90,92,94,98,100" machi="69" ten="20,8000,1" yaku="1,1,2,1,0,1,7,1,53,1" doraHai="1" doraHaiUra="58" who="2" fromWho="2" sc="170,-20,250,-40,240,90,330,-20" /><INIT seed="2,0,0,2,0,79" ten="150,210,330,310" oya="2" hai0="22,110,36,113,40,48,112,68,99,49,12,28,33" hai1="39,73,88,64,101,81,95,69,72,94,118,43,3" hai2="2,47,84,55,124,106,82,86,109,93,76,26,41" hai3="91,92,10,126,119,129,5,103,120,66,115,30,61"/><V89/><F2/><W65/><G119/><T75/><D33/><U29/><E118/><V116/><F116/><W35/><G120/><T7/><D68/><U90/><E3/><V111/><F106/><W21/><G129/><T27/><D36/><U102/><E29/><V34/><F55/><W24/><G126/><T127/><D127/><U14/><E39/><V60/><F60/><W18/><G103/><N who="1" m="39434" /><E14/><V57/><F57/><W125/><G125/><T131/><D99/><N who="1" m="57799" /><E43/><V1/><F1/><W67/><G115/><T54/><D75/><N who="1" m="28747" /><E64/><V122/><F124/><W83/><G35/><T0/><D0/><U130/><E69/><V25/><F122/><W44/><G44/><T37/><D37/><U32/><E32/><V87/><F34/><W70/><G30/><T56/><D131/><U108/><E130/><V53/><F53/><W71/><G71/><T16/><D7/><U4/><E4/><V17/><F17/><W63/><G70/><T78/><D78/><U96/><E108/><N who="2" m="41547" /><F47/><W45/><G45/><N who="0" m="25639" /><D110/><U107/><E107/><V59/><F59/><W58/><G63/><T51/><D113/><U80/><AGARI ba="0,0" hai="80,81,90,95,96" m="28747,57799,39434" machi="80" ten="30,16000,3" yaku="35,5,52,2,54,1" doraHai="79" who="1" fromWho="1" sc="150,-40,210,160,330,-80,310,-40" /><INIT seed="3,0,0,4,1,110" ten="110,370,250,270" oya="3" hai0="97,124,34,72,9,86,134,27,91,60,24,83,12" hai1="59,113,3,95,122,58,114,108,47,13,18,100,84" hai2="45,94,128,23,51,35,63,119,105,1,14,111,25" hai3="7,103,123,118,89,96,2,16,22,56,50,76,53"/><W21/><G118/><T57/><D72/><U85/><E3/><V39/><F105/><W38/><G123/><T30/><D134/><U74/><E74/><V116/><F39/><W80/><G38/><T66/><D124/><U36/><E122/><V90/><F1/><W81/><G2/><T71/><D71/><U10/><E108/><V99/><F111/><W15/><G7/><T44/><D97/><U79/><E79/><V33/><F128/><W26/><G89/><T129/><D129/><U55/><E59/><V127/><F127/><W54/><G54/><T87/><D87/><U130/><E130/><V65/><F14/><W115/><G115/><T98/><D98/><U70/><E70/><V104/><F104/><W37/><G37/><T64/><D64/><U40/><E85/><V67/><F67/><W69/><G69/><T11/><D27/><U4/><E4/><V107/><F107/><W125/><G125/><T49/><REACH who="0" step="1"/><D12/><REACH who="0" ten="100,370,250,270" step="2"/><U106/><E106/><V68/><F119/><W8/><G26/><T32/><D32/><U109/><E109/><V19/><F116/><W131/><G131/><T101/><D101/><U135/><E135/><V82/><F35/><W62/><G96/><T17/><D17/><U41/><E100/><V5/><F33/><W29/><G103/><T93/><D93/><U77/><E95/><V28/><F19/><W88/><G16/><T132/><D132/><U121/><E84/><V117/><F117/><W75/><G15/><T42/><AGARI ba="0,1" hai="9,11,24,30,34,42,44,49,57,60,66,83,86,91" machi="42" ten="20,2700,0" yaku="1,1,0,1,7,1,53,0" doraHai="110" doraHaiUra="126" who="0" fromWho="0" sc="100,37,370,-7,250,-7,270,-13" /><INIT seed="4,0,0,2,4,87" ten="137,363,243,257" oya="0" hai0="83,33,16,128,46,122,18,111,72,54,22,3,23" hai1="132,99,88,120,61,119,41,2,116,91,113,92,12" hai2="94,37,20,81,117,60,123,14,84,127,8,126,108" hai3="21,56,133,125,44,51,32,39,75,55,69,43,74"/><T97/><D122/><U130/><E2/><V118/><F37/><W0/><G0/><T115/><D3/><U10/><E120/><V102/><F108/><W109/><G32/><T105/><D33/><U29/><E132/><V121/><F60/><W36/><G109/><T71/><D71/><U6/><E130/><V76/><F20/><W49/><G133/><T34/><D34/><U31/><E41/><V62/><F62/><W110/><G110/><T77/><D128/><U42/><E42/><V85/><F121/><W129/><G74/><T25/><D111/><U104/><E104/><V101/><F123/><W11/><G75/><T112/><D46/><U89/><E113/><N who="0" m="43593" /><D54/><U79/><E79/><V26/><F26/><W17/><G69/><T40/><D40/><U82/><E82/><V106/><F106/><W66/><G129/><T96/><D105/><U4/><E4/><V1/><F1/><W35/><G35/><T5/><D5/><U30/><REACH who="1" step="1"/><E61/><REACH who="1" ten="137,353,243,257" step="2"/><V95/><F81/><W57/><G39/><T80/><D83/><U45/><E45/><V63/><F63/><W48/><G36/><T38/><D38/><U90/><AGARI ba="0,1" hai="6,10,12,29,30,31,88,89,90,91,92,99,116,119" machi="90" ten="30,12000,2" yaku="1,1,0,1,52,4,54,1,53,0" doraHai="87" doraHaiUra="67" who="1" fromWho="1" sc="137,-60,353,130,243,-30,257,-30" /><INIT seed="5,0,0,3,2,14" ten="77,483,213,227" oya="1" hai0="69,57,89,116,76,132,29,94,91,125,120,83,133" hai1="80,95,55,59,26,131,31,70,112,114,52,64,40" hai2="74,126,101,113,68,35,134,62,1,11,78,8,73" hai3="103,63,79,86,106,44,127,2,77,93,36,53,25"/><U20/><E131/><V10/><F35/><W28/><G2/><T124/><D69/><U97/><E40/><V88/><F101/><W118/><G106/><T102/><D29/><U7/><E7/><V92/><F1/><W115/><G115/><N who="1" m="44074" /><E70/><V33/><F33/><W128/><G128/><T21/><D21/><U49/><E80/><V15/><F113/><W109/><G109/><T108/><D57/><U9/><E9/><V81/><F74/><W135/><G127/><N who="0" m="48715" /><D108/><U90/><E55/><V3/><F3/><W51/><G135/><N who="0" m="51787" /><D116/><U104/><E104/><V41/><F134/><W27/><G118/><T38/><D38/><U67/><AGARI ba="0,0" hai="20,26,31,49,52,59,64,67,90,95,97" m="44074" machi="67" ten="30,3000,0" yaku="15,1,54,1" doraHai="14" who="1" fromWho="1" sc="77,-10,483,30,213,-10,227,-10" /><INIT seed="5,1,0,0,3,86" ten="67,513,203,217" oya="1" hai0="7,122,127,5,77,97,25,13,100,43,66,133,104" hai1="30,105,81,36,120,91,34,45,130,60,92,63,123" hai2="38,125,48,71,134,111,108,109,74,12,58,23,14" hai3="28,94,116,98,35,31,67,49,85,53,128,76,18"/><U29/><E105/><V47/><F74/><W55/><G128/><T80/><D122/><U1/><E1/><V83/><F71/><W73/><G73/><T61/><D133/><U112/><E130/><V51/><F134/><W102/><G35/><T126/><D43/><U96/><E112/><V78/><F125/><W41/><G67/><T103/><D100/><U90/><E36/><V11/><F23/><W95/><G41/><T8/><D126/><U117/><E117/><V119/><F119/><W69/><G69/><T50/><D50/><U84/><E34/><V27/><F27/><W79/><G53/><T44/><D44/><U46/><E123/><V3/><F3/><W93/><G18/><T32/><D127/><U16/><E120/><V4/><F14/><W129/><G116/><T75/><D13/><U40/><E16/><V107/><F107/><W101/><G101/><T99/><D97/><U57/><E60/><V87/><F58/><W56/><G129/><T6/><D8/><U52/><E40/><N who="2" m="24679" /><F51/><W15/><G15/><T72/><D75/><U135/><E135/><V24/><F24/><W89/><REACH who="3" step="1"/><G95/><REACH who="3" ten="67,513,203,207" step="2"/><T121/><D121/><U132/><E132/><V10/><F38/><W39/><G39/><T19/><D19/><U124/><E124/><V26/><F26/><W0/><G0/><T17/><D17/><U33/><E33/><V88/><F11/><W131/><G131/><T37/><D37/><U9/><E9/><V20/><F20/><W21/><G21/><T115/><D32/><U62/><E29/><AGARI ba="1,1" hai="28,29,31,49,55,56,76,79,85,89,93,94,98,102" machi="29" ten="40,5200,0" yaku="1,1,8,1,52,1,53,0" doraHai="86" doraHaiUra="65" who="3" fromWho="1" sc="67,0,513,-55,203,0,207,65" /><INIT seed="6,0,0,4,5,20" ten="67,458,203,272" oya="2" hai0="16,5,110,101,47,71,4,48,8,98,65,115,83" hai1="135,75,26,81,114,85,64,106,13,49,31,19,93" hai2="6,120,25,36,72,67,91,88,39,128,33,55,34" hai3="32,46,24,78,43,56,84,87,69,105,117,54,104"/><V27/><F6/><W76/><G69/><T41/><D110/><U70/><E106/><V2/><F2/><W44/><G117/><T119/><D119/><U113/><E75/><V132/><F55/><W35/><G56/><T57/><D115/><U53/><E93/><V74/><F128/><W37/><G54/><T59/><D59/><U123/><E135/><V3/><F3/><W21/><G21/><T121/><D121/><U118/><E118/><V127/><F127/><W23/><G23/><T29/><D29/><U134/><E134/><V90/><F132/><W15/><G15/><T61/><D83/><U130/><E130/><V68/><F68/><W94/><G94/><T50/><D50/><U60/><E123/><V108/><F120/><W116/><G116/><T131/><D131/><U58/><E19/><V99/><F99/><W96/><G37/><N who="2" m="14409" /><F67/><W22/><G22/><T80/><D80/><U100/><E13/><V129/><F108/><W7/><G7/><T103/><D71/><U79/><E100/><V111/><F111/><W45/><G96/><T9/><D98/><U124/><E124/><V109/><F109/><W40/><G46/><T28/><D28/><U86/><E86/><V82/><F82/><W97/><G97/><T133/><D133/><U12/><E12/><V89/><N who="2" m="22528" /><DORA hai="51" /><V0/><F0/><W52/><G52/><T17/><D8/><U18/><E31/><V14/><F14/><W126/><G126/><T73/><D73/><N who="2" m="28266" /><F129/><W112/><G112/><T1/><D4/><U125/><E125/><V62/><F62/><W30/><G30/><RYUUKYOKU ba="0,0" sc="67,0,458,0,203,0,272,0" hai0="1,5,9,16,17,41,47,48,57,61,65,101,103" hai1="18,26,49,53,58,60,64,70,79,81,85,113,114" hai2="25,27,33,34" hai3="24,32,35,40,43,44,45,76,78,84,87,104,105" /><INIT seed="6,1,0,4,0,12" ten="67,458,203,272" oya="2" hai0="129,27,71,22,32,14,86,134,68,91,31,66,9" hai1="98,95,93,17,70,20,41,101,45,43,74,25,97" hai2="59,114,73,53,33,16,75,102,76,11,108,42,124" hai3="36,112,39,48,92,131,52,122,57,61,103,135,47"/><V19/><F33/><W18/><G122/><T67/><D134/><U4/><E74/><V77/><F114/><W100/><G135/><T3/><D129/><U54/><E70/><V64/><F64/><W94/><G131/><T83/><D68/><U117/><E117/><V72/><F124/><W118/><G118/><T128/><D128/><U65/><E65/><V127/><F127/><W78/><G78/><T69/><D69/><U123/><E123/><V13/><F108/><W40/><G112/><T58/><D71/><U104/><E4/><V28/><F28/><W113/><G113/><T35/><D35/><U87/><E87/><V105/><F42/><W106/><G39/><T44/><D58/><U7/><E7/><V21/><F102/><N who="3" m="38955" /><G18/><T24/><D44/><U34/><E34/><V121/><F105/><W2/><G36/><T38/><D38/><U99/><E104/><V56/><F56/><W82/><G2/><T49/><D49/><N who="1" m="28975" /><E98/><V96/><F96/><W6/><G6/><T15/><D15/><U115/><E115/><V133/><F133/><W120/><G120/><T50/><D50/><U110/><E110/><V51/><REACH who="2" step="1"/><F121/><REACH who="2" ten="67,458,193,272" step="2"/><W89/><G106/><T29/><REACH who="0" step="1"/><D3/><REACH who="0" ten="57,458,193,272" step="2"/><U79/><E43/><V119/><F119/><W80/><G40/><T60/><D60/><U111/><E41/><V81/><F81/><W84/><G82/><T125/><D125/><U62/><E62/><V90/><F90/><W8/><G61/><T116/><D116/><U107/><E111/><V1/><F1/><W30/><G57/><T126/><D126/><U37/><E37/><RYUUKYOKU ba="1,2" sc="57,15,458,-15,193,15,272,-15" hai0="9,14,22,24,27,29,31,32,66,67,83,86,91" hai2="11,13,16,19,21,51,53,59,72,73,75,76,77" /><INIT seed="6,2,2,4,3,63" ten="72,443,208,257" oya="2" hai0="28,54,71,11,125,93,40,13,107,123,122,77,49" hai1="4,2,95,121,98,43,69,58,9,108,70,10,101" hai2="31,55,78,102,6,51,16,80,124,25,133,26,22" hai3="103,57,56,50,128,76,97,94,5,83,117,1,34"/><V106/><F124/><W60/><G117/><T18/><D107/><U92/><E108/><V119/><F119/><W21/><G34/><T39/><D125/><U20/><E121/><V42/><F133/><W111/><G128/><T112/><D112/><U127/><E127/><V110/><F110/><W91/><G111/><T35/><D39/><U113/><E113/><V100/><F42/><W85/><G1/><T75/><D40/><U14/><E43/><V67/><F67/><W48/><G5/><T118/><D118/><U19/><E58/><V126/><F6/><W12/><G57/><T134/><D134/><U65/><E65/><V62/><F62/><W81/><G21/><T3/><D71/><U7/><E92/><V52/><F126/><W105/><G12/><AGARI ba="2,2" hai="2,4,7,9,10,12,14,19,20,69,70,95,98,101" machi="12" ten="30,1000,0" yaku="7,1" doraHai="63" who="1" fromWho="3" sc="72,0,443,36,208,0,257,-16" /><INIT seed="7,0,0,0,2,91" ten="72,479,208,241" oya="3" hai0="50,18,112,95,41,67,53,135,94,51,65,103,125" hai1="71,73,32,9,20,16,132,89,118,90,48,21,8" hai2="88,2,10,75,26,124,134,19,109,33,4,123,31" hai3="44,59,54,34,82,25,106,27,40,64,127,7,29"/><W110/><G106/><T70/><D70/><U86/><E32/><V42/><F109/><W96/><G127/><T76/><D125/><U28/><E73/><V133/><F124/><W17/><G7/><T100/><D135/><N who="2" m="51722" /><F42/><W11/><G64/><T56/><D76/><U47/><E89/><V84/><F75/><W24/><G110/><T66/><D112/><U122/><E21/><V72/><F72/><W111/><G111/><T35/><D35/><U36/><E71/><V15/><F123/><W97/><G82/><T52/><D41/><U101/><E36/><V37/><F37/><W128/><G128/><T58/><D18/><U93/><E28/><V83/><F19/><W81/><G81/><T62/><D62/><U129/><E122/><V1/><AGARI ba="0,0" hai="1,2,4,10,15,26,31,33,83,84,88" m="51722" machi="1" ten="30,2000,0" yaku="20,1,54,1" doraHai="91" who="2" fromWho="2" sc="72,-5,479,-5,208,20,241,-10" owari="67,-43.3,474,57.4,228,-17.2,231,3.1" /></mjloggm>