<mjloggm ver="2.3"><GO type="169" lobby="0"/><UN n0="%62%61%6B%75%72%61%30%38" n1="%E8%B5%A4%E5%BA%A7%E3%81%82%E3%81%8B%E3%82%8A%45%58" n2="%6D%6F%75%77" n3="%E6%95%97%E5%8C%97%E8%80%85%E3%81%AD%E3%82%8B" dan="17,16,16,17" rate="2181.80,2160.76,2088.06,2180.01" sx="M,M,M,F"/><TAIKYOKU oya="0"/><INIT seed="0,0,0,4,0,87" ten="250,250,250,250" oya="0" hai0="3,122,21,37,124,32,102,47,12,15,130,132,23" hai1="62,10,14,110,80,107,40,97,6,79,75,84,120" hai2="24,121,35,105,22,135,115,93,41,111,34,31,83" hai3="91,82,27,17,9,117,67,66,125,131,90,61,72"/><T74/><D74/><U52/><E120/><V7/><F105/><W8/><G117/><T113/><D102/><U114/><E110/><V25/><F115/><W85/><G131/><T33/><D47/><U94/><E114/><V119/><F41/><W68/><G72/><T38/><D113/><U123/><E123/><V103/><F135/><W127/><G67/><T2/><D122/><U0/><E40/><V16/><F111/><W77/><G27/><T100/><D100/><U76/><E0/><V95/><F121/><W88/><REACH who="3" step="1"/><G17/><REACH who="3" ten="250,250,250,240" step="2"/><T129/><REACH who="0" step="1"/><D124/><AGARI ba="0,1" hai="8,9,61,66,68,77,82,85,88,90,91,124,125,127" machi="124" ten="40,16000,3" yaku="1,1,2,1,18,1,52,3,54,1,53,1" doraHai="87" doraHaiUra="81" who="3" fromWho="0" sc="250,-160,250,0,250,0,240,170" /><INIT seed="1,0,0,0,4,85" ten="90,250,250,410" oya="1" hai0="75,91,110,31,119,8,102,94,125,63,43,58,81" hai1="86,135,105,10,89,25,111,109,32,2,11,126,83" hai2="42,38,12,124,35,74,30,65,50,39,128,70,88" hai3="133,16,73,28,46,45,9,96,98,103,77,48,66"/><U132/><E105/><V6/><F74/><W90/><G133/><N who="1" m="51274" /><E2/><V117/><F35/><W129/><G129/><T134/><D134/><U17/><E126/><V34/><F34/><W122/><G122/><T72/><D125/><U120/><E120/><V107/><F30/><W40/><G73/><T56/><D119/><U52/><E52/><V20/><F107/><W23/><G77/><T76/><D110/><N who="1" m="41995" /><E17/><V100/><F117/><W37/><G16/><T61/><D43/><U18/><E18/><V97/><F42/><W33/><G40/><T67/><D8/><U116/><E116/><V59/><F6/><W27/><G45/><T115/><D115/><U57/><E57/><V14/><F59/><W69/><G46/><T49/><D58/><U71/><E71/><V26/><F70/><W87/><G69/><T82/><D56/><U41/><E41/><V130/><F124/><W101/><G66/><T51/><D51/><U21/><E21/><V92/><F50/><W62/><G48/><T3/><D49/><U114/><E114/><V112/><F65/><W131/><G37/><N who="2" m="13833" /><F112/><W99/><G62/><T19/><D67/><U55/><E55/><V127/><F127/><W15/><G33/><T13/><D61/><U93/><E83/><V7/><F20/><W78/><G131/><T79/><D63/><U121/><E121/><V95/><F7/><W123/><G123/><T22/><D3/><U60/><E60/><V0/><F0/><W53/><G53/><T1/><D1/><U64/><E64/><V106/><F130/><W84/><G23/><T80/><D22/><RYUUKYOKU ba="0,0" sc="90,-10,250,30,250,-10,410,-10" hai1="10,11,25,32,86,89,93" /><INIT seed="1,1,0,3,3,18" ten="80,280,240,400" oya="1" hai0="10,6,43,40,0,32,27,111,41,135,127,63,9" hai1="53,31,80,2,79,34,44,125,15,57,98,87,104" hai2="39,3,97,62,71,110,107,106,120,124,65,56,99" hai3="108,19,115,133,100,11,112,55,14,134,17,8,51"/><U36/><E2/><V13/><F3/><W22/><G100/><T102/><D127/><U74/><E125/><V60/><F120/><W30/><G51/><T70/><D111/><U85/><E34/><V129/><F39/><W35/><G55/><T75/><D135/><N who="3" m="51721" /><G108/><T33/><D75/><U54/><E31/><V116/><F116/><W46/><G46/><T38/><D38/><U29/><E29/><V58/><F71/><W86/><G86/><T23/><D10/><N who="3" m="3625" /><G17/><T126/><D102/><U59/><E104/><V26/><F124/><W122/><G122/><T91/><D91/><U88/><E98/><V96/><F96/><W82/><G82/><T89/><D89/><U109/><E109/><V50/><F50/><W132/><G132/><T76/><D76/><U117/><E74/><V95/><F95/><W45/><G45/><T47/><D47/><U77/><E36/><V49/><F49/><W123/><G123/><T48/><D48/><U28/><E44/><V16/><F110/><W67/><G67/><T92/><D92/><U20/><E87/><V90/><F99/><W94/><G94/><T113/><D126/><U93/><E93/><V78/><F97/><W68/><G68/><T131/><D63/><N who="1" m="36271" /><E79/><V83/><F78/><W12/><G12/><T69/><D70/><U105/><E105/><V24/><F106/><W1/><G1/><T7/><D69/><U114/><E77/><V52/><F107/><W64/><G64/><T21/><D0/><U118/><E15/><V5/><F13/><W101/><G101/><T103/><D103/><U84/><E84/><RYUUKYOKU ba="1,0" sc="80,-10,280,-10,240,-10,400,30" hai3="14,19,22,30,35,112,115" /><INIT seed="2,2,0,1,2,30" ten="70,270,230,430" oya="2" hai0="55,59,41,34,38,0,62,107,14,49,53,76,110" hai1="58,57,9,12,73,50,135,105,45,134,24,70,83" hai2="98,89,100,20,46,78,65,43,16,4,86,52,63" hai3="68,127,10,37,132,114,42,6,29,36,47,19,85"/><V90/><F4/><W133/><G68/><T74/><D0/><U84/><E73/><V82/><F65/><W104/><G104/><T95/><D107/><U54/><E105/><V81/><F100/><W128/><G114/><T126/><D110/><U15/><E70/><V117/><F117/><W32/><G128/><T11/><D126/><U97/><E97/><V66/><F98/><W18/><G36/><T103/><D103/><U102/><E102/><V7/><F7/><W61/><G61/><T94/><D41/><U119/><E119/><V115/><F115/><W121/><G121/><T51/><D38/><U71/><E71/><V130/><F66/><W33/><G85/><T123/><D34/><N who="3" m="13417" /><G29/><T113/><D123/><U44/><E84/><V31/><F31/><W91/><G91/><T26/><D26/><U28/><E24/><N who="2" m="14343" /><F82/><W109/><G109/><T22/><D113/><U67/><E83/><V87/><F87/><W79/><G79/><T99/><D76/><U77/><E77/><V72/><F72/><W40/><G40/><T69/><D74/><U2/><E28/><V60/><F130/><W124/><G18/><T17/><D99/><U25/><E67/><V116/><F116/><W13/><G19/><T56/><D69/><U48/><E48/><N who="2" m="28695" /><F43/><W118/><G118/><T125/><D49/><U101/><E50/><V35/><F35/><W106/><G106/><T112/><D112/><U8/><E101/><V75/><F75/><W27/><G27/><T92/><D22/><U122/><E122/><V80/><F80/><W3/><G3/><T1/><D1/><RYUUKYOKU ba="2,0" sc="70,10,270,-30,230,10,430,10" hai0="11,14,17,51,53,55,56,59,62,92,94,95,125" hai2="60,63,78,81,86,89,90" hai3="6,10,13,37,42,47,124,127,132,133" /><INIT seed="2,3,0,0,3,27" ten="80,240,240,440" oya="2" hai0="52,134,101,10,56,112,85,71,5,28,3,64,7" hai1="97,90,29,111,124,59,53,21,72,84,114,31,55" hai2="102,15,82,66,17,4,119,16,128,83,86,96,118" hai3="18,60,54,91,100,30,74,39,2,65,40,113,41"/><V125/><F125/><W26/><G74/><T123/><D123/><U37/><E114/><V133/><F128/><W77/><G2/><T47/><D112/><U78/><E37/><V115/><F133/><W103/><G77/><T76/><D134/><U121/><E124/><V25/><F115/><W34/><G113/><T23/><D101/><U35/><E35/><V38/><F38/><W99/><G54/><T22/><D7/><U48/><E121/><V107/><F4/><W13/><G91/><T117/><D117/><U11/><E72/><V110/><F110/><W58/><G39/><T108/><D47/><U44/><E21/><V89/><F66/><W12/><G103/><T104/><D104/><U92/><E11/><V106/><F106/><W50/><G12/><T73/><D73/><U46/><E111/><V127/><F127/><W132/><G50/><T129/><D129/><U63/><E46/><V24/><F83/><AGARI ba="3,0" hai="29,31,44,48,53,55,59,63,78,83,84,90,92,97" machi="83" ten="40,5200,0" yaku="8,1,52,2" doraHai="27" who="1" fromWho="2" sc="80,0,240,61,240,-61,440,0" /><INIT seed="3,0,0,0,2,31" ten="80,301,179,440" oya="3" hai0="46,13,21,24,126,14,98,116,53,45,62,23,49" hai1="42,125,41,97,100,130,110,16,61,81,2,132,88" hai2="85,59,92,103,6,101,79,99,75,40,83,112,69" hai3="25,135,37,35,102,119,107,106,39,5,36,74,63"/><W77/><G119/><T54/><D126/><U11/><E125/><V32/><F69/><W55/><G135/><T48/><D116/><U93/><E132/><V10/><F112/><W133/><G133/><T64/><D98/><U72/><E110/><V76/><F40/><W7/><G7/><T71/><REACH who="0" step="1"/><D23/><REACH who="0" ten="70,301,179,440" step="2"/><U38/><E97/><V1/><F99/><W56/><G102/><T120/><D120/><U121/><E100/><V34/><F103/><W96/><G96/><T134/><D134/><U117/><E117/><V44/><F101/><W114/><G114/><T17/><AGARI ba="0,1" hai="13,14,17,21,24,45,46,48,49,53,54,62,64,71" machi="17" ten="20,5200,0" yaku="1,1,0,1,7,1,9,1,53,0" doraHai="31" doraHaiUra="0" who="0" fromWho="0" sc="70,62,301,-13,179,-13,440,-26" /><INIT seed="4,0,0,0,1,20" ten="132,288,166,414" oya="0" hai0="118,107,67,63,72,40,30,133,15,108,56,112,50" hai1="27,106,69,74,43,79,13,84,4,34,11,61,49" hai2="128,62,92,82,113,109,0,16,134,22,9,98,86" hai3="100,26,47,90,131,64,31,96,76,8,119,35,135"/><T19/><D118/><U18/><E106/><V123/><F109/><W36/><G119/><T111/><D72/><U54/><E74/><V58/><F123/><W103/><G131/><T14/><D107/><U65/><E43/><V23/><F113/><W99/><G135/><T5/><D112/><U124/><E124/><V51/><F128/><W24/><G76/><T94/><D133/><U42/><E42/><V105/><F105/><W6/><G64/><T44/><D30/><U120/><E120/><V77/><F51/><W32/><G47/><T88/><D5/><U38/><E38/><V21/><F9/><W114/><G36/><T59/><D59/><U48/><E54/><N who="2" m="34135" /><F0/><W28/><G114/><T45/><D45/><U37/><E37/><V116/><F134/><W73/><G73/><T126/><D126/><U110/><E110/><N who="0" m="42025" /><D19/><U60/><E60/><V97/><F97/><AGARI ba="0,0" hai="14,15,40,44,50,56,63,67,88,94,97" m="42025" machi="97" ten="30,2900,0" yaku="10,1,54,1" doraHai="20" who="0" fromWho="2" sc="132,29,288,0,166,-29,414,0" /><INIT seed="4,1,0,3,1,48" ten="161,288,137,414" oya="0" hai0="47,102,28,111,117,128,130,12,80,38,20,84,59" hai1="78,13,60,81,99,61,69,101,115,109,132,18,63" hai2="133,29,106,74,79,32,0,73,19,10,71,90,23" hai3="43,119,54,93,31,3,56,122,64,49,14,17,16"/><T96/><D117/><U39/><E109/><V36/><F106/><W9/><G119/><T94/><D111/><U46/><E132/><V120/><F71/><W24/><G3/><T30/><D59/><U134/><E134/><V25/><F120/><W8/><G122/><T11/><D47/><U92/><E115/><V123/><F123/><W91/><G64/><T104/><D38/><U98/><E98/><V50/><F36/><W83/><G83/><T65/><D65/><U35/><E35/><V105/><F105/><W42/><G17/><T118/><D20/><U27/><E27/><V40/><F79/><W75/><G75/><T1/><D1/><U86/><E69/><V45/><F90/><W131/><G8/><T62/><D62/><U4/><E4/><V53/><F40/><W55/><G55/><T121/><D104/><U126/><E126/><V103/><F103/><W33/><G131/><N who="0" m="50219" /><D118/><U15/><E39/><V5/><REACH who="2" step="1"/><F133/><REACH who="2" ten="161,288,127,414" step="2"/><W113/><G113/><T114/><D114/><U58/><E78/><V41/><F41/><W129/><G129/><T110/><D121/><U125/><E101/><V127/><F127/><W34/><G34/><T70/><D70/><U89/><E125/><V22/><F22/><W57/><G57/><T107/><D107/><U67/><E58/><V77/><F77/><W68/><G68/><T51/><D110/><U44/><E44/><V85/><F85/><AGARI ba="1,1" hai="9,14,16,24,31,33,42,43,49,54,56,85,91,93" machi="85" ten="30,3900,0" yaku="7,1,52,1,54,1" doraHai="48" who="3" fromWho="2" sc="161,0,288,0,127,-42,414,52" /><INIT seed="5,0,0,4,4,86" ten="161,288,85,466" oya="1" hai0="6,58,71,81,25,108,126,34,73,88,32,38,51" hai1="65,122,27,95,21,135,133,60,54,20,39,3,35" hai2="29,47,19,44,115,23,41,12,96,99,125,18,17" hai3="53,131,48,134,78,113,42,24,118,68,66,64,31"/><U26/><E39/><V106/><F125/><W130/><G113/><T77/><D108/><U117/><E117/><V82/><F115/><W7/><G118/><T102/><D71/><U101/><E3/><V116/><F116/><W120/><G120/><T8/><D38/><U100/><E35/><V98/><F106/><W14/><G134/><N who="1" m="51210" /><E54/><V84/><F29/><W127/><G42/><T13/><D102/><N who="1" m="39531" /><E122/><V67/><F67/><W15/><G127/><T16/><D126/><U5/><E5/><V104/><F104/><W30/><G78/><T37/><D37/><U91/><E26/><V33/><F33/><W4/><G68/><T28/><D34/><U114/><E27/><V49/><REACH who="2" step="1"/><F47/><REACH who="2" ten="161,288,75,466" step="2"/><W9/><G30/><T61/><D32/><U72/><E114/><V80/><F80/><W111/><G66/><T93/><D28/><U46/><E46/><V119/><F119/><W40/><G64/><T110/><D81/><U92/><E92/><V132/><F132/><W87/><G31/><T128/><D93/><U129/><E129/><V83/><F83/><W52/><G131/><T107/><D128/><U1/><E95/><V103/><F103/><W11/><G130/><T74/><D107/><U97/><E65/><V85/><F85/><W89/><G87/><T10/><D73/><U76/><E72/><V22/><F22/><W69/><G69/><T56/><D74/><U0/><E21/><V55/><F55/><W63/><G52/><T112/><D112/><U75/><E20/><V90/><AGARI ba="0,1" hai="12,17,18,19,23,41,44,49,82,84,90,96,98,99" machi="90" ten="30,7900,0" yaku="1,1,0,1,8,1,52,1,53,0" doraHai="86" doraHaiUra="2" who="2" fromWho="2" sc="161,-20,288,-39,75,89,466,-20" /><INIT seed="6,0,0,4,1,131" ten="141,249,164,446" oya="2" hai0="120,90,51,12,16,36,106,52,115,15,130,35,97" hai1="18,31,77,114,81,56,20,55,28,30,21,87,135" hai2="63,9,0,91,133,49,62,26,10,126,73,121,123" hai3="127,45,105,64,53,5,24,96,104,124,93,70,78"/><V3/><F73/><W66/><G78/><T13/><D120/><U118/><E135/><V107/><F107/><W14/><G24/><T94/><D36/><U46/><E118/><V116/><F49/><N who="3" m="28847" /><G5/><T111/><D111/><U29/><E114/><V48/><F48/><W41/><G14/><T80/><D130/><U69/><E69/><V25/><F126/><N who="3" m="48171" /><G41/><T72/><D35/><U67/><E31/><V113/><F113/><W1/><G1/><T85/><D115/><U122/><E30/><V6/><F91/><N who="3" m="55359" /><G70/><T8/><D106/><AGARI ba="0,0" hai="64,66,104,105,106" m="55359,48171,28847" machi="106" ten="30,1000,0" yaku="18,1" doraHai="131" who="3" fromWho="0" sc="141,-10,249,0,164,0,446,10" /><INIT seed="7,0,0,0,2,36" ten="131,249,164,456" oya="3" hai0="40,2,62,89,90,107,91,38,115,99,18,26,124" hai1="73,28,80,87,1,119,123,54,110,11,19,130,63" hai2="96,84,131,74,5,82,111,35,117,48,59,71,105" hai3="43,76,14,98,42,13,4,129,94,100,41,0,61"/><W118/><G129/><T77/><D2/><U112/><E73/><V108/><F71/><W27/><G118/><T101/><D124/><U39/><E39/><V78/><F35/><W116/><G116/><T60/><D115/><U31/><E110/><V97/><F5/><W104/><G76/><T25/><D77/><U83/><E83/><N who="2" m="45527" /><F48/><W33/><G104/><T21/><REACH who="0" step="1"/><D26/><REACH who="0" ten="121,249,164,456" step="2"/><U70/><E1/><V92/><F117/><W95/><G27/><T135/><D135/><U53/><E112/><V45/><F131/><W64/><G33/><T132/><D132/><U7/><E130/><V23/><F108/><W49/><G0/><T58/><D58/><U122/><E119/><V133/><F111/><W125/><G125/><T51/><D51/><U50/><E50/><V120/><F133/><W72/><G49/><T68/><D68/><U67/><E70/><V75/><F59/><N who="3" m="36927" /><G72/><T24/><D24/><U20/><E122/><V32/><F75/><W106/><G106/><T69/><D69/><U79/><E123/><V44/><F105/><W6/><G95/><T55/><D55/><U47/><E54/><V34/><F32/><W15/><AGARI ba="0,1" hai="4,6,13,14,15,41,42,43,94,98,100" m="36927" machi="15" ten="30,11700,0" yaku="8,1,52,3" doraHai="36" who="3" fromWho="3" sc="121,-39,249,-39,164,-39,456,127" owari="82,-41.8,210,1.0,125,-27.5,583,68.3" /></mjloggm>