<mjloggm ver="2.3"><GO type="169" lobby="0"/><UN n0="%E3%83%9F%E3%83%84%E3%83%8F%E3%82%B7%E3%82%A2%E3%82%B9%E3%83%9E" n1="%E3%82%84%E3%82%89%E3%82%8C%E5%BD%B9" n2="%E6%99%82%E8%A8%88%E5%9D%82%E9%9B%B6" n3="%E2%97%8E%E3%82%88%E3%81%97%E2%97%8E" dan="16,17,16,17" rate="2040.96,2142.86,2159.50,2185.46" sx="M,M,M,M"/><TAIKYOKU oya="0"/><INIT seed="0,0,0,1,4,73" ten="250,250,250,250" oya="0" hai0="53,25,19,106,56,72,21,4,91,26,131,98,29" hai1="126,119,118,115,11,122,123,60,108,34,121,17,36" hai2="13,47,33,133,45,54,24,57,15,101,104,12,129" hai3="64,71,66,102,116,94,18,124,120,28,3,31,65"/><T58/><D131/><U49/><E36/><V113/><F113/><W76/><G116/><T20/><D72/><U41/><E34/><V134/><F129/><W81/><G124/><T39/><D39/><U16/><E60/><V97/><F33/><W80/><G71/><T75/><D4/><U96/><E96/><V74/><F74/><W128/><G3/><T95/><D75/><U89/><E89/><V70/><F24/><W38/><G38/><T9/><D106/><U83/><E83/><V111/><F111/><W0/><G0/><T5/><REACH who="0" step="1"/><D53/><REACH who="0" ten="240,250,250,250" step="2"/><U46/><E119/><V86/><F54/><W62/><G128/><T99/><D99/><U117/><E117/><V10/><F97/><W135/><G120/><T14/><AGARI ba="0,1" hai="5,9,14,19,20,21,25,26,29,56,58,91,95,98" machi="14" ten="20,12000,1" yaku="1,1,0,1,7,1,8,1,53,1" doraHai="73" doraHaiUra="6" who="0" fromWho="0" sc="240,130,250,-40,250,-40,250,-40" /><INIT seed="0,1,0,5,2,7" ten="370,210,210,210" oya="0" hai0="123,92,16,69,34,99,62,133,59,48,114,26,14" hai1="56,76,97,101,55,67,82,104,29,5,9,15,130" hai2="24,33,129,100,4,27,21,40,57,89,131,32,95" hai3="81,19,64,25,1,77,128,72,30,50,112,44,126"/><T38/><D114/><U51/><E29/><V80/><F100/><W98/><G112/><T2/><D38/><U125/><E67/><V115/><F80/><W46/><G126/><T42/><D2/><U73/><REACH who="1" step="1"/><E130/><REACH who="1" ten="370,200,210,210" step="2"/><V110/><F129/><W83/><G64/><T18/><D123/><U86/><E86/><V90/><F131/><W88/><G30/><T119/><D119/><U8/><E8/><V17/><F115/><W102/><G128/><T61/><D133/><U84/><E84/><V11/><F11/><W20/><G72/><T58/><D69/><U0/><E0/><V12/><F33/><W87/><G1/><T22/><D34/><U116/><E116/><V127/><F32/><W118/><G118/><T103/><D62/><U47/><E47/><V106/><F57/><W134/><G134/><T111/><D111/><U70/><E70/><V39/><F110/><W3/><G3/><T108/><D108/><U71/><E71/><V68/><F68/><W28/><G28/><T117/><D117/><U74/><E74/><V91/><F127/><AGARI ba="1,1" hai="5,9,15,51,55,56,73,76,82,97,101,104,125,127" machi="127" ten="40,2600,0" yaku="1,1,52,1,53,0" doraHai="7" doraHaiUra="109" who="1" fromWho="2" sc="370,0,200,39,210,-29,210,0" /><INIT seed="1,0,0,5,5,68" ten="370,239,181,210" oya="1" hai0="56,58,129,13,95,102,77,67,5,1,94,15,27" hai1="100,37,109,60,81,114,115,85,62,72,127,18,118" hai2="14,2,41,105,103,9,7,20,70,99,110,96,61" hai3="116,21,24,39,117,128,73,43,12,98,16,89,51"/><U3/><E118/><N who="3" m="45674" /><G73/><T10/><D129/><U44/><E3/><V50/><F110/><W65/><G128/><T76/><D27/><U4/><E4/><V34/><F34/><W112/><G112/><T97/><D1/><U135/><E72/><V133/><F133/><W57/><G65/><T54/><D15/><U104/><E135/><V134/><F134/><W0/><G0/><T91/><D67/><U106/><E18/><V8/><F20/><N who="3" m="11271" /><G57/><T84/><REACH who="0" step="1"/><D58/><REACH who="0" ten="360,239,181,210" step="2"/><U87/><E114/><V63/><F70/><W92/><G51/><AGARI ba="0,1" hai="5,10,13,51,54,56,76,77,84,91,94,95,97,102" machi="51" ten="30,12000,2" yaku="1,1,2,1,7,1,8,1,53,2" doraHai="68" doraHaiUra="88" who="0" fromWho="3" sc="360,130,239,0,181,0,210,-120" /><INIT seed="2,0,0,4,4,120" ten="490,239,181,90" oya="2" hai0="84,39,72,115,119,100,56,77,29,93,46,65,68" hai1="21,99,86,126,3,83,107,112,30,62,64,15,51" hai2="42,8,26,102,9,47,52,82,11,33,25,75,92" hai3="127,58,113,55,73,131,63,35,2,41,16,5,14"/><V67/><F67/><W7/><G73/><T1/><D1/><U95/><E3/><V50/><F33/><W49/><G35/><T128/><D115/><U38/><E38/><V109/><F109/><W87/><G113/><T108/><D108/><U122/><E112/><V129/><F129/><W121/><G2/><T71/><D72/><U90/><E126/><V85/><F75/><W134/><G134/><T53/><D29/><U103/><E122/><V13/><F13/><W125/><G121/><T130/><D119/><U24/><E51/><V106/><F106/><W61/><G131/><T123/><D123/><U17/><E107/><V101/><F42/><W88/><G41/><T18/><D18/><U0/><E0/><V4/><F4/><N who="3" m="1611" /><G127/><T66/><D68/><U80/><E80/><V59/><F47/><W40/><G40/><T36/><D46/><U70/><REACH who="1" step="1"/><E15/><REACH who="1" ten="490,229,181,90" step="2"/><V44/><F92/><N who="3" m="54303" /><G125/><T57/><D39/><U19/><AGARI ba="0,1" hai="17,19,21,24,30,62,64,70,83,86,90,95,99,103" machi="19" ten="30,2000,0" yaku="1,1,0,1,53,0" doraHai="120" doraHaiUra="133" who="1" fromWho="1" sc="490,-5,229,30,181,-10,90,-5" /><INIT seed="3,0,0,1,1,11" ten="485,259,171,85" oya="3" hai0="117,39,35,56,16,52,80,19,49,127,106,132,61" hai1="92,55,73,91,72,124,53,18,129,125,2,34,3" hai2="130,82,67,112,107,15,135,57,46,10,70,26,45" hai3="86,96,121,119,133,21,122,126,131,74,102,37,99"/><W42/><G42/><T95/><D106/><U109/><E34/><V65/><F70/><W104/><G37/><T78/><D117/><U105/><E105/><V69/><F69/><W43/><G43/><T83/><D39/><U113/><E113/><V93/><F107/><N who="3" m="63943" /><G21/><T29/><D127/><N who="1" m="48715" /><E109/><V51/><F26/><W0/><G0/><N who="1" m="42" /><E129/><V60/><F130/><W50/><G131/><T44/><D95/><U28/><E28/><V41/><F112/><W84/><G50/><T7/><D132/><U100/><E100/><V23/><F135/><W110/><G133/><T62/><D62/><U115/><E115/><V58/><F23/><W90/><G126/><T101/><D101/><U4/><E4/><V77/><F46/><W123/><G119/><T85/><D83/><U97/><E18/><V8/><F8/><W13/><G13/><T120/><D7/><U14/><E14/><V38/><F38/><W63/><G63/><T88/><D29/><U27/><E27/><V25/><F25/><W22/><G22/><T103/><D35/><U81/><E81/><V89/><F15/><W9/><G9/><T59/><D61/><U98/><E98/><N who="2" m="57647" /><F10/><W20/><G20/><T24/><D24/><U116/><E116/><V94/><F60/><W48/><G104/><T33/><D33/><U71/><E71/><V68/><F68/><W17/><G17/><T31/><D31/><U87/><E55/><V134/><F134/><W114/><G114/><T36/><D52/><U54/><E54/><V75/><F65/><W12/><G12/><T76/><D19/><U1/><E1/><RYUUKYOKU ba="0,0" sc="485,0,259,0,171,0,85,0" /><INIT seed="4,1,0,4,4,108" ten="485,259,171,85" oya="0" hai0="55,69,52,37,38,83,126,115,2,61,110,99,63" hai1="11,107,53,120,0,109,91,33,98,25,76,65,47" hai2="97,49,6,22,117,134,46,85,96,12,116,20,42" hai3="70,125,58,27,81,100,17,48,1,88,9,30,62"/><T112/><D110/><U103/><E120/><V87/><F134/><W24/><G125/><T44/><D2/><U21/><E76/><V54/><F117/><W66/><G100/><T71/><D99/><U8/><E0/><V60/><F116/><W77/><G17/><T113/><D126/><U10/><E33/><V84/><F6/><W31/><G1/><T57/><D83/><U51/><E65/><V13/><F60/><W104/><G9/><T73/><D73/><U118/><E118/><V93/><F42/><W41/><G104/><T106/><D106/><U39/><E39/><N who="0" m="14857" /><D44/><U79/><E79/><V36/><F36/><W7/><G7/><T82/><D82/><U16/><E109/><V111/><F111/><W86/><G77/><T15/><D15/><N who="2" m="5706" /><F96/><W127/><G127/><T132/><D132/><U5/><E5/><V59/><F46/><W114/><G41/><T95/><D95/><N who="1" m="56703" /><E107/><V124/><F124/><W119/><G119/><T40/><D40/><U64/><E103/><AGARI ba="1,0" hai="20,22,49,54,59,84,85,87,93,97,103" m="5706" machi="103" ten="30,1000,0" yaku="8,1" doraHai="108" who="2" fromWho="1" sc="485,0,259,-13,171,13,85,0" /><INIT seed="5,0,0,3,2,10" ten="485,246,184,85" oya="1" hai0="4,116,18,7,108,96,99,5,84,97,52,37,40" hai1="76,45,113,101,29,112,102,36,35,65,19,83,98" hai2="17,47,25,6,22,122,80,77,106,70,13,110,8" hai3="20,53,16,63,58,39,48,104,134,33,42,131,89"/><U24/><E65/><V132/><F110/><W23/><G131/><T0/><D108/><U69/><E69/><V95/><F122/><W82/><G134/><T2/><D116/><U54/><E19/><V28/><F106/><W135/><G135/><T118/><D118/><U117/><E117/><V114/><F70/><W31/><G104/><T46/><D84/><U93/><E102/><V21/><F132/><W90/><G33/><T30/><D30/><U12/><E12/><V72/><F114/><N who="1" m="44137" /><E54/><V85/><F47/><N who="3" m="25719" /><G39/><T121/><D121/><U107/><E93/><V73/><REACH who="2" step="1"/><F95/><REACH who="2" ten="485,246,174,85" step="2"/><W49/><G82/><T81/><D81/><U67/><E45/><V50/><F50/><W124/><G49/><T94/><D94/><U126/><E36/><V3/><AGARI ba="0,1" hai="3,6,8,13,17,21,22,25,28,72,73,77,80,85" machi="3" ten="20,5200,0" yaku="1,1,0,1,7,1,52,1,53,0" doraHai="10" doraHaiUra="56" who="2" fromWho="2" sc="485,-13,246,-26,174,62,85,-13" /><INIT seed="6,0,0,5,1,99" ten="472,220,236,72" oya="2" hai0="111,16,83,63,117,116,57,124,128,9,135,102,114" hai1="13,50,36,55,109,20,45,34,131,87,43,41,74" hai2="49,121,76,84,125,30,120,118,51,5,22,23,110" hai3="39,130,26,126,78,106,66,27,4,68,31,8,95"/><V86/><F118/><W17/><G39/><T81/><D111/><U47/><E109/><V103/><F5/><W53/><G126/><T91/><D124/><U104/><E34/><V69/><F125/><W119/><G130/><T65/><D128/><U35/><E35/><V7/><F7/><W59/><G119/><T73/><D114/><U100/><E74/><V94/><F110/><W129/><G129/><T75/><D135/><U113/><E131/><V2/><F69/><W37/><G37/><T18/><D102/><U67/><E67/><V90/><F2/><W10/><G106/><T42/><D42/><U134/><E113/><V14/><F14/><W56/><G68/><T28/><D28/><U1/><E87/><V112/><F112/><W64/><G78/><T133/><D133/><U54/><E1/><V88/><F94/><W6/><G95/><T97/><D97/><U19/><E134/><V98/><F98/><W60/><G17/><T32/><D32/><U123/><E123/><V58/><F58/><W70/><G70/><T61/><D57/><U107/><E107/><V40/><F40/><W52/><REACH who="3" step="1"/><G60/><REACH who="3" ten="472,220,236,62" step="2"/><T24/><D63/><U96/><AGARI ba="0,1" hai="13,19,20,36,41,43,45,47,50,54,55,96,100,104" machi="96" ten="30,2000,0" yaku="0,1,52,1" doraHai="99" who="1" fromWho="1" sc="472,-5,220,30,236,-10,62,-5" /><INIT seed="7,0,0,5,4,80" ten="467,250,226,57" oya="3" hai0="92,106,133,120,76,82,111,45,7,128,59,11,116" hai1="67,102,75,22,66,27,95,109,25,24,107,1,86" hai2="37,51,34,61,134,63,26,49,123,104,89,33,122" hai3="46,93,0,74,30,64,115,132,105,71,85,23,127"/><W17/><G105/><T42/><D106/><U100/><E75/><V58/><F104/><W125/><G74/><T20/><D111/><U78/><E1/><V40/><F37/><W10/><G115/><T52/><D116/><U103/><E109/><V101/><F101/><W119/><G119/><T96/><D120/><N who="2" m="46122" /><F134/><W4/><G132/><T3/><D128/><U9/><E9/><V73/><F73/><W16/><G46/><T19/><D92/><U129/><E129/><V94/><F63/><N who="3" m="40351" /><G30/><T91/><D91/><N who="1" m="53751" /><E78/><V32/><F26/><N who="1" m="10345" /><E107/><V70/><F40/><W38/><G38/><T21/><D45/><U31/><AGARI ba="0,0" hai="22,27,31,66,67,100,102,103" m="10345,53751" machi="31" ten="30,2000,0" yaku="8,1,52,1" doraHai="80" who="1" fromWho="1" sc="467,-5,250,20,226,-5,57,-10" owari="462,56.2,270,7.0,221,-17.9,47,-45.3" /></mjloggm>