<mjloggm ver="2.3"><GO type="169" lobby="0"/><UN n0="%E5%A7%9C" n1="%E4%B8%83%E7%94%9F%E5%A4%95" n2="%4B%4F%52%41%49%40%40%40" n3="%E3%82%A2%E3%83%B3%E3%83%88%E3%83%AC%E3%83%BC%E3%82%B9" dan="16,16,16,16" rate="2145.44,2096.05,2137.04,2079.53" sx="M,M,M,M"/><TAIKYOKU oya="0"/><INIT seed="0,0,0,0,3,66" ten="250,250,250,250" oya="0" hai0="80,73,21,53,6,59,104,77,50,110,4,23,76" hai1="106,83,95,60,51,113,131,69,47,134,111,87,1" hai2="20,39,85,32,125,64,18,105,103,112,101,31,37" hai3="96,57,107,78,84,40,27,24,19,68,48,52,88"/><T62/><D104/><U132/><E106/><V30/><F112/><W119/><G119/><T26/><D77/><U16/><E1/><V44/><F125/><W34/><G68/><T3/><D3/><U46/><E95/><V63/><F85/><W36/><G34/><T56/><D110/><U67/><E111/><V89/><F89/><W5/><G5/><T74/><D23/><U123/><E123/><V121/><F121/><W108/><G108/><T97/><D97/><U58/><E113/><V129/><F129/><W11/><G40/><T14/><D14/><U91/><E131/><V28/><F44/><W124/><G36/><T93/><D93/><U79/><E79/><V41/><F41/><W118/><G124/><T86/><D74/><U100/><E100/><V10/><F10/><W130/><G118/><T90/><D73/><U99/><E99/><V54/><F54/><W33/><G33/><T12/><D12/><U120/><E120/><V7/><F7/><W15/><G78/><T126/><D76/><U13/><E58/><V82/><F82/><W128/><G130/><T116/><D116/><U2/><E2/><V65/><F32/><W92/><REACH who="3" step="1"/><G128/><REACH who="3" ten="250,250,250,240" step="2"/><T42/><D126/><U117/><E117/><V61/><F39/><W115/><G115/><T127/><D127/><U94/><E83/><V55/><F37/><W0/><G0/><T102/><D42/><U45/><REACH who="1" step="1"/><E51/><REACH who="1" ten="250,240,250,240" step="2"/><V70/><F61/><W122/><G122/><T133/><D50/><U25/><E25/><V35/><F63/><W81/><G81/><N who="0" m="49487" /><D62/><U72/><E72/><V75/><F75/><RYUUKYOKU ba="0,2" sc="250,-15,240,15,250,-15,240,15" hai1="13,16,45,46,47,60,67,69,87,91,94,132,134" hai3="11,15,19,24,27,48,52,57,84,88,92,96,107" /><INIT seed="1,1,2,2,4,107" ten="235,255,235,255" oya="1" hai0="63,67,89,65,15,125,95,85,37,42,39,28,34" hai1="58,20,104,48,27,41,103,25,109,84,118,98,57" hai2="96,24,31,54,45,82,100,132,19,81,69,50,55" hai3="43,5,56,53,52,116,113,11,61,130,78,8,70"/><U32/><E118/><V92/><F132/><W6/><G113/><T117/><D117/><U18/><E109/><V26/><F69/><W91/><G116/><T35/><D125/><U80/><E32/><V134/><F134/><W29/><G70/><T112/><D112/><U124/><E124/><V111/><F111/><W59/><G130/><T44/><D39/><U36/><E36/><V131/><F131/><W21/><G78/><T76/><D67/><U49/><E27/><V2/><F2/><W77/><G77/><T87/><D28/><U3/><E3/><V86/><F19/><W127/><G43/><T102/><D102/><U38/><E38/><V97/><F97/><W0/><G127/><T51/><D37/><U1/><E1/><V23/><F26/><N who="3" m="16591" /><G91/><T129/><D129/><U88/><REACH who="1" step="1"/><E48/><REACH who="1" ten="235,245,235,255" step="2"/><N who="2" m="28943" /><F86/><W101/><G0/><T71/><D15/><U4/><E4/><N who="3" m="1642" /><G101/><T108/><D108/><U90/><E90/><V121/><F121/><W74/><G74/><T126/><D126/><U72/><E72/><V40/><F40/><W46/><G46/><AGARI ba="1,3" hai="18,20,25,41,46,49,57,58,80,84,88,98,103,104" machi="46" ten="40,3900,0" yaku="1,1,54,1,53,0" doraHai="107" doraHaiUra="105" who="1" fromWho="3" sc="235,0,245,72,235,0,255,-42" /><AGARI ba="1,0" hai="23,24,31,46,50,55,81,82,92,96,100" m="28943" machi="46" ten="30,1000,0" yaku="8,1" doraHai="107" who="2" fromWho="3" sc="235,0,317,0,235,10,213,-10" /><INIT seed="1,2,0,0,3,87" ten="235,317,245,203" oya="1" hai0="65,6,55,123,23,112,33,56,50,19,121,13,119" hai1="89,109,21,61,85,102,100,3,93,67,128,38,79" hai2="12,118,129,116,94,97,8,5,25,74,115,63,44" hai3="57,126,48,135,2,22,41,103,53,52,99,46,92"/><U98/><E38/><V70/><F74/><W90/><G135/><T45/><D119/><U76/><E3/><V124/><F129/><W59/><G126/><T24/><D112/><U11/><E128/><V72/><F72/><W36/><G2/><T120/><D33/><U34/><E34/><V104/><F124/><W75/><G75/><T107/><D107/><U64/><E109/><V106/><F115/><W26/><G103/><T132/><D132/><U28/><E11/><V83/><F83/><W114/><G114/><T95/><D95/><N who="1" m="58463" /><E102/><V68/><F68/><W0/><G0/><T77/><D77/><N who="1" m="29771" /><E61/><V30/><F63/><W27/><REACH who="3" step="1"/><G22/><REACH who="3" ten="235,317,245,193" step="2"/><T18/><D121/><U40/><E40/><V37/><F116/><W73/><G73/><T47/><D123/><U105/><E105/><V49/><F118/><W122/><G122/><T134/><D134/><U31/><E21/><V54/><F106/><W127/><G127/><T4/><D120/><U51/><E51/><AGARI ba="2,1" hai="26,27,36,41,46,48,51,52,53,57,59,90,92,99" machi="51" ten="30,12000,2" yaku="1,1,7,1,9,1,52,1,54,1,53,1" doraHai="87" doraHaiUra="69" who="3" fromWho="1" sc="235,0,317,-126,245,0,193,136" /><INIT seed="2,0,0,2,5,74" ten="235,191,245,329" oya="2" hai0="132,124,91,130,116,97,57,33,121,101,58,21,3" hai1="117,96,7,69,64,65,66,82,120,106,40,127,128" hai2="113,90,22,87,0,51,28,108,125,25,56,110,15" hai3="47,115,93,107,111,77,43,46,63,99,119,61,75"/><V103/><F0/><W89/><G119/><T84/><D121/><U37/><E117/><V16/><F113/><W73/><G111/><N who="2" m="42537" /><F103/><W80/><G75/><T35/><D116/><U42/><E7/><V122/><F122/><W72/><G73/><T62/><D3/><U31/><E120/><V94/><F125/><W109/><G115/><T27/><D130/><U53/><E128/><V23/><F51/><W60/><G109/><T49/><D58/><AGARI ba="0,0" hai="15,16,22,23,25,28,56,58,87,90,94" m="42537" machi="58" ten="30,5800,0" yaku="14,1,10,1,54,1" doraHai="74" who="2" fromWho="0" sc="235,-58,191,0,245,58,329,0" /><INIT seed="2,1,0,4,1,7" ten="177,191,303,329" oya="2" hai0="86,123,45,52,60,63,122,31,14,33,75,41,118" hai1="36,43,19,68,28,24,105,92,95,130,29,107,115" hai2="25,90,51,39,50,48,101,94,99,32,5,53,83" hai3="127,69,109,93,55,18,27,104,79,117,0,6,81"/><V121/><F39/><W82/><G104/><T91/><D75/><U1/><E68/><V13/><F121/><W42/><G117/><T67/><D118/><U87/><E1/><V77/><F32/><W125/><G69/><T116/><D116/><U98/><E36/><V37/><F37/><W59/><G109/><T3/><D3/><U12/><E43/><V54/><F25/><W110/><G110/><T46/><D31/><U65/><E65/><V111/><F111/><W34/><G42/><T74/><D74/><U30/><E130/><V64/><F64/><W102/><G102/><T70/><D33/><U108/><E115/><V89/><F5/><W100/><G93/><T16/><D41/><U17/><E108/><V135/><F13/><W112/><G100/><T47/><D63/><U57/><E57/><V114/><F135/><W106/><G106/><T76/><D76/><U103/><E19/><V40/><F40/><W10/><G112/><T21/><REACH who="0" step="1"/><D52/><REACH who="0" ten="167,191,303,329" step="2"/><N who="2" m="20074" /><F114/><W88/><G79/><T11/><D11/><U134/><E134/><V113/><F113/><W22/><G34/><T26/><D26/><U73/><E24/><V62/><F62/><N who="3" m="36223" /><G127/><T58/><D58/><U80/><E73/><V66/><F66/><W4/><G125/><T84/><D84/><AGARI ba="1,1" hai="48,50,51,77,83,84,89,90,94,99,101" m="20074" machi="84" ten="30,2900,0" yaku="8,1,54,1" doraHai="7" who="2" fromWho="0" sc="167,-32,191,0,303,42,329,0" /><INIT seed="2,2,0,2,0,63" ten="135,191,345,329" oya="2" hai0="106,65,61,3,74,130,45,110,30,104,120,80,38" hai1="115,129,12,116,75,78,22,33,44,20,0,54,89" hai2="100,2,94,1,72,57,49,119,92,10,117,88,131" hai3="4,46,128,21,108,60,84,123,118,135,112,23,132"/><V93/><F72/><W133/><G118/><T83/><D120/><U39/><E0/><V71/><F71/><W99/><G123/><T114/><D114/><U25/><E33/><V17/><F131/><W27/><G108/><T8/><D30/><U70/><E115/><V111/><F111/><W113/><G128/><T48/><D110/><U73/><E116/><V68/><F68/><W125/><G125/><T86/><D83/><U7/><E70/><V96/><F94/><W19/><G99/><T79/><D86/><U69/><E69/><V6/><F2/><W37/><G84/><T105/><D130/><U95/><E78/><V53/><REACH who="2" step="1"/><F17/><REACH who="2" ten="135,191,335,329" step="2"/><N who="3" m="12719" /><G112/><T50/><D3/><U18/><E75/><V81/><F81/><W67/><G113/><T5/><D106/><U101/><E73/><V124/><F124/><W134/><G132/><T103/><D105/><U43/><E129/><V42/><F42/><W121/><G121/><T97/><D80/><U98/><E101/><V66/><F66/><W15/><G67/><T40/><D74/><U82/><E82/><V51/><F51/><W58/><G37/><T102/><D102/><U31/><E54/><V26/><F26/><W28/><G133/><T52/><D52/><U55/><E55/><V127/><F127/><W11/><G134/><T41/><D41/><U85/><E43/><V109/><F109/><W36/><G36/><T47/><D38/><U9/><E39/><V29/><F29/><W122/><G122/><T62/><D65/><U64/><E64/><V90/><F90/><W107/><G135/><T56/><D103/><RYUUKYOKU ba="2,1" sc="135,-10,191,-10,335,30,329,-10" hai2="1,6,10,49,53,57,88,92,93,96,100,117,119" /><INIT seed="2,3,1,1,1,42" ten="125,181,365,319" oya="2" hai0="49,85,0,113,123,87,98,102,55,129,17,83,50" hai1="130,29,115,6,111,36,80,25,95,120,57,100,78" hai2="53,51,107,64,12,56,22,20,9,82,77,125,70" hai3="112,134,133,52,44,94,114,121,66,88,104,132,61"/><V62/><F125/><W1/><G104/><T26/><D113/><N who="3" m="43625" /><G1/><T79/><D123/><U32/><E115/><V103/><F103/><W108/><G108/><T99/><D0/><U124/><E111/><V126/><F107/><W27/><G121/><T68/><D68/><U60/><E120/><V30/><F30/><W122/><G122/><T34/><D129/><U72/><E130/><V41/><F41/><W74/><G74/><T39/><D39/><U117/><E36/><V18/><REACH who="2" step="1"/><F126/><REACH who="2" ten="125,181,355,319" step="2"/><W59/><G27/><T96/><D102/><U37/><E124/><V84/><AGARI ba="3,2" hai="9,12,18,20,22,51,53,56,62,64,70,77,82,84" machi="84" ten="20,7800,0" yaku="1,1,2,1,0,1,7,1,53,0" doraHai="42" doraHaiUra="31" who="2" fromWho="2" sc="125,-29,181,-29,355,107,319,-29" /><INIT seed="2,4,0,3,3,26" ten="96,152,462,290" oya="2" hai0="103,52,41,11,76,106,33,60,58,42,23,32,69" hai1="22,4,113,9,25,79,118,112,92,7,30,46,125" hai2="82,111,80,101,29,44,121,50,124,130,15,18,77" hai3="48,5,99,88,8,120,129,127,14,100,39,93,110"/><V126/><F121/><W70/><G120/><T116/><D116/><U123/><E118/><V13/><F101/><W31/><G39/><T62/><D76/><U67/><E123/><V84/><F130/><W35/><G70/><T109/><D109/><U105/><E105/><V117/><F117/><W63/><G110/><T43/><D11/><U98/><E125/><V0/><F0/><W21/><G35/><T1/><D1/><U40/><E79/><V83/><F111/><W57/><G127/><N who="2" m="48681" /><F29/><W17/><G48/><T131/><D131/><U27/><E27/><V89/><F77/><W59/><G57/><T47/><D47/><U53/><E53/><N who="2" m="29895" /><F15/><N who="3" m="9407" /><G31/><T49/><D103/><U51/><E67/><V90/><F90/><W45/><G45/><T24/><D106/><U3/><REACH who="1" step="1"/><E7/><REACH who="1" ten="96,142,462,290" step="2"/><V132/><F132/><W38/><G129/><T6/><D6/><U16/><E16/><V34/><F34/><W64/><G38/><T133/><D133/><U2/><E2/><V115/><F115/><W12/><G12/><T65/><REACH who="0" step="1"/><D62/><REACH who="0" ten="86,142,462,290" step="2"/><U108/><E108/><V81/><F18/><AGARI ba="4,2" hai="18,23,24,32,33,41,42,43,49,52,58,60,65,69" machi="18" ten="40,8000,1" yaku="1,1,2,1,54,1,53,1" doraHai="26" doraHaiUra="55" who="0" fromWho="2" sc="86,112,142,0,462,-92,290,0" /><INIT seed="3,0,0,5,0,107" ten="198,142,370,290" oya="3" hai0="23,80,58,24,122,111,98,64,32,15,91,19,18" hai1="74,5,131,73,130,67,96,20,120,54,42,41,81" hai2="8,90,112,85,1,113,28,29,102,134,6,106,44" hai3="47,13,10,95,94,46,117,133,52,121,109,78,124"/><W60/><G117/><T22/><D122/><U48/><E120/><V69/><F69/><W97/><G121/><T36/><D111/><U79/><E67/><V92/><F134/><W50/><G133/><T114/><D114/><U108/><E108/><V103/><F44/><W26/><G109/><T45/><D32/><U7/><E96/><V55/><F55/><W0/><G0/><T82/><D45/><U2/><E20/><V27/><F28/><W101/><G124/><T128/><D36/><U71/><E71/><V16/><F16/><N who="3" m="8247" /><G78/><T72/><D72/><N who="1" m="43239" /><E41/><V105/><F105/><W11/><G94/><N who="0" m="56671" /><D128/><N who="1" m="49195" /><E42/><V37/><F37/><W77/><G77/><T51/><D51/><U126/><E126/><V33/><F106/><W62/><G46/><T100/><D100/><U89/><E89/><V30/><F112/><W43/><G43/><T12/><D24/><U61/><E61/><AGARI ba="0,0" hai="12,15,18,19,22,23,58,61,64,80,82" m="56671" machi="61" ten="30,1000,0" yaku="8,1" doraHai="107" who="0" fromWho="1" sc="198,10,142,-10,370,0,290,0" /><INIT seed="4,0,0,5,0,59" ten="208,132,370,290" oya="0" hai0="74,105,31,110,1,83,93,128,126,107,118,70,57" hai1="84,91,99,121,64,52,3,51,19,35,44,0,78" hai2="122,65,98,133,30,17,79,90,63,22,86,66,72" hai3="87,116,10,106,49,14,96,54,40,77,28,39,75"/><T62/><D118/><U129/><E121/><V85/><F122/><W18/><G75/><T60/><D1/><U92/><E129/><V120/><F120/><W134/><G116/><T119/><D119/><U58/><E35/><V2/><F2/><W46/><G134/><T117/><D117/><U9/><E19/><V16/><F133/><W73/><G73/><T4/><D4/><U27/><E27/><V29/><F72/><W102/><G77/><T130/><D126/><U114/><E114/><V23/><F79/><W61/><G28/><T56/><D70/><U45/><E9/><V13/><F98/><W11/><G87/><T48/><D31/><U104/><E45/><V124/><F124/><W125/><G125/><T71/><D71/><U69/><E69/><V53/><F53/><W12/><G61/><N who="0" m="23659" /><D93/><U55/><E64/><V132/><F132/><W24/><G39/><T81/><D110/><U36/><E36/><V43/><F66/><W80/><G80/><N who="0" m="30795" /><D48/><U41/><E78/><V108/><F108/><W113/><G113/><T76/><D76/><U109/><E109/><V33/><F33/><W89/><G49/><T101/><D74/><U15/><E3/><V50/><F50/><W42/><G106/><N who="0" m="40459" /><D101/><N who="1" m="62527" /><E0/><V67/><F67/><W8/><G102/><T6/><D6/><U5/><E58/><AGARI ba="0,0" hai="56,57,58,128,130" m="40459,30795,23659" machi="58" ten="40,12000,1" yaku="28,2,52,3" doraHai="59" who="0" fromWho="1" sc="208,120,132,-120,370,0,290,0" /><INIT seed="4,1,0,5,5,51" ten="328,12,370,290" oya="0" hai0="72,29,17,79,78,92,65,107,69,56,89,39,11" hai1="128,76,52,47,1,24,73,101,85,75,7,115,133" hai2="98,119,49,41,44,13,35,120,130,6,31,28,46" hai3="53,55,126,88,30,8,9,25,84,18,62,4,81"/><T121/><D121/><U116/><E116/><V129/><F120/><W48/><G126/><T57/><D107/><U64/><E64/><V117/><F98/><W38/><G38/><T68/><D39/><U19/><E101/><V74/><F74/><W109/><G109/><T59/><D29/><N who="2" m="11338" /><F35/><W108/><G108/><T91/><D91/><U33/><E128/><N who="2" m="49259" /><F6/><W99/><G18/><T87/><D72/><U123/><E123/><V77/><F77/><W122/><G122/><T37/><D37/><U23/><E33/><V67/><F67/><W86/><G99/><T90/><D90/><U100/><E100/><V36/><F13/><W27/><G4/><T105/><D105/><U34/><E34/><V111/><F111/><W16/><G30/><T26/><D65/><U127/><E127/><V82/><F82/><W20/><G27/><T103/><D103/><U63/><E133/><V12/><F12/><W10/><G62/><T60/><D60/><U40/><E115/><V124/><F124/><W97/><G48/><T42/><D11/><U66/><E66/><V21/><F21/><W95/><REACH who="3" step="1"/><G84/><REACH who="3" ten="328,12,370,280" step="2"/><T83/><D26/><U2/><E7/><V15/><F15/><W54/><G54/><AGARI ba="1,1" hai="36,41,44,46,49,54,117,119" m="49259,11338" machi="54" ten="30,2000,0" yaku="19,1,52,1" doraHai="51" who="2" fromWho="3" sc="328,0,12,0,370,33,280,-23" /><INIT seed="5,0,0,3,2,70" ten="328,12,403,257" oya="1" hai0="132,82,44,24,76,68,42,97,86,16,77,109,103" hai1="37,91,1,30,49,115,67,26,83,57,47,52,20" hai2="123,25,53,96,51,92,55,3,79,122,129,72,95" hai3="21,10,39,126,105,66,4,28,111,27,22,107,41"/><U61/><E115/><V6/><F3/><W65/><G111/><T128/><D128/><U117/><E1/><V31/><F6/><W101/><G126/><T34/><D132/><U121/><E121/><V104/><F104/><W58/><G21/><T43/><D68/><U106/><E106/><V38/><F129/><W29/><G28/><T13/><D109/><U118/><REACH who="1" step="1"/><E37/><REACH who="1" ten="328,2,403,257" step="2"/><V130/><F31/><W32/><G105/><T116/><D116/><U120/><E120/><V94/><F38/><W102/><G107/><T17/><D34/><U63/><E63/><V135/><F130/><W124/><G39/><T11/><D77/><U33/><E33/><V19/><F79/><W59/><G32/><T69/><D76/><U108/><E108/><V35/><F35/><W5/><G124/><T98/><D69/><U8/><E8/><V74/><F122/><W73/><G10/><T112/><D11/><U110/><E110/><V36/><F123/><W87/><G22/><T62/><D62/><U56/><E56/><V50/><F36/><W60/><G58/><T84/><D112/><U15/><E15/><V88/><F135/><W75/><G59/><T45/><D13/><U113/><E113/><V64/><F50/><W71/><G60/><T46/><D45/><U54/><E54/><V81/><F51/><W9/><G9/><T114/><D114/><U85/><AGARI ba="0,1" hai="20,26,30,47,49,52,57,61,67,83,85,91,117,118" machi="85" ten="30,6000,0" yaku="1,1,0,1,54,1,53,0" doraHai="70" doraHaiUra="125" who="1" fromWho="1" sc="328,-20,2,70,403,-20,257,-20" /><INIT seed="5,1,0,3,5,40" ten="308,72,383,237" oya="1" hai0="52,20,124,68,41,117,125,134,27,87,25,95,8" hai1="29,131,34,14,62,42,19,130,97,104,99,64,22" hai2="110,12,90,32,39,108,7,18,54,101,24,60,98" hai3="10,23,50,123,114,36,66,133,89,61,6,44,109"/><U111/><E111/><V11/><F39/><W37/><G123/><T93/><D117/><U74/><E74/><V9/><F90/><W17/><G109/><T65/><D41/><U57/><E42/><V59/><F32/><W119/><G114/><T122/><D134/><U72/><E72/><V113/><F113/><W84/><G133/><T45/><D8/><U88/><E104/><V91/><F91/><W120/><G120/><T0/><D0/><U115/><E115/><V75/><F75/><W26/><G61/><N who="0" m="39983" /><D27/><U15/><E15/><V16/><F18/><W5/><G66/><T33/><D33/><U55/><E64/><V129/><F129/><N who="1" m="49161" /><E88/><V112/><F112/><W49/><G36/><T43/><D87/><U86/><E86/><V106/><REACH who="2" step="1"/><F24/><AGARI ba="1,0" hai="14,19,22,24,29,34,55,57,62,97,99" m="49161" machi="24" ten="30,1500,0" yaku="19,1" doraHai="40" who="1" fromWho="2" sc="308,0,72,18,383,-18,237,0" /><INIT seed="5,2,0,4,0,41" ten="308,90,365,237" oya="1" hai0="111,55,119,93,113,90,105,131,8,107,44,73,121" hai1="84,89,24,6,86,64,20,95,34,18,48,99,2" hai2="103,67,79,25,14,132,53,106,7,58,46,87,85" hai3="22,35,134,71,31,54,115,36,45,126,78,17,37"/><U27/><E34/><V38/><F106/><W39/><G71/><T74/><D111/><U10/><E64/><V29/><F103/><W92/><G78/><T104/><D119/><U101/><E48/><V1/><F1/><W123/><G123/><T43/><D113/><U80/><REACH who="1" step="1"/><E86/><REACH who="1" ten="308,80,365,237" step="2"/><V47/><F67/><W128/><G35/><T83/><D121/><U57/><E57/><V91/><F38/><W65/><G36/><T63/><D74/><U11/><E11/><V40/><F87/><W28/><G37/><T21/><D8/><U109/><E109/><V97/><F58/><W108/><G39/><T5/><D73/><U12/><AGARI ba="2,1" hai="2,6,10,12,18,20,24,27,80,84,89,95,99,101" machi="12" ten="20,3900,0" yaku="1,1,0,1,7,1,53,0" doraHai="41" doraHaiUra="116" who="1" fromWho="1" sc="308,-15,80,55,365,-15,237,-15" /><INIT seed="5,3,0,3,0,33" ten="293,135,350,222" oya="1" hai0="86,92,1,98,110,42,129,72,128,107,51,104,70" hai1="118,46,27,94,28,49,19,4,106,122,69,48,93" hai2="21,55,29,89,8,47,100,91,31,99,57,88,68" hai3="126,43,114,76,73,135,108,59,23,3,125,116,117"/><U63/><E118/><N who="3" m="45674" /><G108/><T32/><D32/><U54/><E122/><V5/><F68/><W81/><G43/><T7/><D72/><U134/><E134/><V84/><F47/><W16/><G135/><T50/><D70/><U0/><E106/><N who="0" m="40489" /><D86/><U26/><E49/><V37/><F37/><W67/><G114/><T14/><D14/><U25/><E19/><V96/><F84/><W30/><G30/><T61/><D61/><U66/><REACH who="1" step="1"/><E28/><REACH who="1" ten="293,125,350,222" step="2"/><V82/><F31/><W131/><G125/><T64/><D50/><U62/><E62/><V60/><F29/><W78/><G126/><T58/><D51/><U10/><AGARI ba="3,1" hai="0,4,10,25,26,27,46,48,54,63,66,69,93,94" machi="10" ten="30,6000,0" yaku="1,1,0,1,52,1,53,0" doraHai="33" doraHaiUra="17" who="1" fromWho="1" sc="293,-23,125,79,350,-23,222,-23" /><INIT seed="5,4,0,0,3,109" ten="270,204,327,199" oya="1" hai0="132,113,57,106,82,120,129,58,133,91,89,78,50" hai1="32,28,7,84,111,34,87,92,37,69,70,13,38" hai2="63,93,59,33,16,115,15,18,130,81,74,126,45" hai3="118,42,27,128,108,8,9,97,1,79,20,103,48"/><U54/><E111/><V3/><F3/><W6/><G108/><T19/><D120/><U66/><E54/><V85/><F74/><W122/><G122/><T76/><D106/><U47/><E47/><V101/><F33/><W88/><G128/><T52/><D129/><U119/><E119/><V43/><F126/><W10/><G79/><T107/><D107/><U26/><E34/><V134/><F134/><N who="0" m="51818" /><D113/><U75/><E75/><V51/><F115/><W117/><G88/><N who="0" m="33867" /><D19/><U44/><E92/><V12/><F130/><W68/><G68/><T127/><D127/><U24/><E24/><V17/><F81/><W36/><G36/><T83/><D58/><U116/><E116/><V35/><F35/><W65/><G6/><T121/><D121/><U14/><E7/><V62/><F85/><W125/><G125/><T131/><D131/><U102/><E38/><V60/><REACH who="2" step="1"/><F59/><REACH who="2" ten="270,204,317,199" step="2"/><W64/><G117/><T124/><D124/><U77/><E70/><V21/><F21/><W11/><G20/><T67/><D67/><U112/><E66/><V73/><F73/><W135/><G64/><T100/><D100/><U55/><E69/><V31/><F31/><W0/><G65/><T98/><D98/><AGARI ba="4,1" hai="12,15,16,17,18,43,45,51,60,62,63,93,98,101" machi="98" ten="40,5200,0" yaku="1,1,8,1,54,1,53,0" doraHai="109" doraHaiUra="5" who="2" fromWho="0" sc="270,-64,204,0,317,74,199,0" /><INIT seed="6,0,0,1,1,19" ten="206,204,391,199" oya="2" hai0="115,27,90,101,59,32,14,11,97,7,108,44,5" hai1="29,31,109,2,80,23,4,78,63,38,6,35,110" hai2="64,58,65,132,3,123,89,131,57,48,125,54,102" hai3="87,46,103,121,124,24,28,88,42,104,60,22,34"/><V118/><F3/><W25/><G121/><T127/><D108/><U91/><E38/><V106/><F106/><W21/><G124/><T116/><D115/><U82/><E63/><V43/><F102/><W39/><G60/><T17/><D127/><U126/><E126/><V95/><F43/><W68/><G68/><T12/><D116/><U77/><E2/><V70/><F70/><W15/><G15/><T114/><D114/><U20/><E91/><V76/><F131/><W86/><G86/><T0/><D5/><U37/><E37/><V50/><F132/><W130/><G130/><T134/><D90/><U112/><E112/><V96/><F123/><W71/><G71/><T94/><D134/><U18/><E18/><V73/><F118/><W133/><G133/><T41/><D59/><U85/><E85/><V62/><F48/><W113/><G113/><T98/><D98/><U69/><E69/><V56/><F125/><W9/><G9/><T122/><D122/><U52/><E52/><N who="2" m="31767" /><F73/><W100/><G104/><T79/><D79/><U129/><E129/><V107/><F107/><W75/><G75/><T72/><D72/><U45/><E45/><V93/><F76/><W117/><G117/><T92/><D32/><AGARI ba="0,0" hai="4,6,20,23,29,31,32,35,77,78,80,82,109,110" machi="32" ten="25,6400,0" yaku="22,2,52,2" doraHai="19" who="1" fromWho="0" sc="206,-64,204,64,391,0,199,0" /><INIT seed="7,0,0,3,5,132" ten="142,268,391,199" oya="3" hai0="112,82,66,36,93,110,44,6,78,105,80,26,12" hai1="102,58,127,90,85,53,10,69,52,17,109,2,130" hai2="128,1,76,89,125,40,92,79,51,59,9,101,119" hai3="57,63,67,11,123,21,30,56,68,84,100,133,15"/><W54/><G133/><T115/><D105/><U47/><E69/><V83/><F101/><W87/><G123/><T32/><D110/><U22/><E102/><V134/><F9/><W106/><G100/><T65/><D93/><U122/><E109/><V124/><F1/><W18/><G106/><T116/><D116/><U70/><E70/><V16/><F128/><W46/><G46/><T33/><D36/><U94/><E130/><V120/><F120/><W8/><G68/><T19/><D6/><U49/><E127/><N who="2" m="48715" /><F16/><W64/><G8/><T126/><D44/><U39/><E10/><V77/><F77/><W103/><G103/><T25/><D126/><U34/><E17/><V118/><F59/><W48/><G11/><T135/><D19/><U60/><E58/><V97/><F76/><W55/><G30/><T43/><D78/><U81/><E2/><V3/><F3/><W111/><G111/><T4/><D4/><U131/><E131/><V117/><F134/><W0/><G0/><T20/><D135/><U108/><E122/><V75/><F119/><W96/><G57/><T62/><D12/><U114/><E108/><V37/><F37/><W27/><G15/><T41/><REACH who="0" step="1"/><D20/><REACH who="0" ten="132,268,391,199" step="2"/><U129/><E22/><V29/><F29/><W61/><G18/><T31/><D31/><U5/><E129/><V24/><F24/><W72/><G27/><T13/><D13/><U74/><E39/><V23/><F23/><W121/><G21/><T73/><D73/><U113/><E74/><V99/><F99/><W14/><G72/><T50/><D50/><U104/><E49/><RYUUKYOKU ba="0,1" sc="132,15,268,-15,391,15,199,-15" hai0="25,26,32,33,41,43,62,65,66,80,82,112,115" hai2="40,51,75,79,83,89,92,97,117,118" owari="147,-35.3,253,5.3,416,51.6,184,-21.6" /></mjloggm>