<mjloggm ver="2.3"><GO type="169" lobby="0"/><UN n0="%E6%98%9F%E7%A9%BA%E3%81%AE%E3%83%A1%E3%83%A2%E3%83%AA%E3%82%A2" n1="%E3%82%AD%E3%83%B3%E3%82%B0%E3%83%98%E3%82%A4%E3%83%AD" n2="%E3%82%AB%E3%82%B6%E3%83%A9%E3%82%AD" n3="%4D%4A%E3%81%A1%E3%82%85%E3%82%93%E3%81%97%E3%82%83%E3%83%BC" dan="16,16,17,16" rate="2058.95,2081.91,2215.48,2151.80" sx="F,M,M,M"/><TAIKYOKU oya="0"/><INIT seed="0,0,0,0,1,30" ten="250,250,250,250" oya="0" hai0="15,9,73,50,39,35,96,8,38,133,32,16,61" hai1="91,55,132,34,72,82,23,63,86,59,116,109,42" hai2="28,4,33,77,76,3,111,127,46,112,121,13,75" hai3="128,102,18,24,2,124,84,45,41,106,135,95,126"/><T100/><D73/><U17/><E116/><V54/><F121/><W113/><G113/><T97/><D133/><U134/><E109/><V108/><F13/><W6/><G135/><N who="1" m="51754" /><E72/><V85/><F85/><W90/><G128/><T5/><D50/><U129/><E129/><V122/><F122/><W101/><G6/><T37/><D61/><U98/><E98/><V104/><F104/><W60/><G2/><T119/><D119/><U125/><E125/><N who="3" m="48234" /><G60/><T51/><D51/><U67/><E42/><V114/><F127/><W66/><G66/><T89/><D89/><U74/><E74/><V56/><F4/><W120/><G106/><T48/><D48/><U110/><E110/><N who="2" m="42027" /><F3/><W27/><G120/><T83/><D83/><U14/><E67/><V29/><F75/><W7/><G7/><T62/><D62/><U36/><E36/><V47/><F112/><W99/><G18/><T65/><D65/><U80/><E80/><V123/><F123/><W0/><G0/><T10/><D97/><U93/><E82/><V53/><F114/><W21/><G99/><T118/><D118/><U92/><E92/><V79/><F28/><N who="3" m="17423" /><G27/><T94/><REACH who="0" step="1"/><D5/><REACH who="0" ten="240,250,250,250" step="2"/><U88/><E91/><V64/><F64/><W31/><G90/><T44/><D44/><N who="2" m="16938" /><F56/><W131/><G45/><T12/><D12/><U87/><E87/><V11/><F77/><W57/><G57/><T52/><D52/><U68/><E68/><V71/><F71/><W40/><G84/><T105/><D105/><U81/><E81/><V78/><F78/><W58/><G58/><T22/><AGARI ba="0,1" hai="8,9,10,15,16,22,32,35,37,38,39,94,96,100" machi="22" ten="40,12000,1" yaku="1,1,0,1,52,2,54,1,53,0" doraHai="30" doraHaiUra="49" who="0" fromWho="0" sc="240,130,250,-40,250,-40,250,-40" /><INIT seed="0,1,0,5,2,66" ten="370,210,210,210" oya="0" hai0="13,52,22,48,68,108,32,99,54,135,9,74,53" hai1="39,42,102,18,10,28,34,117,110,70,8,106,26" hai2="71,91,121,111,72,73,127,123,80,45,119,76,37" hai3="49,36,82,69,132,116,93,6,31,30,29,122,112"/><T20/><D32/><U67/><E117/><V107/><F91/><W5/><G116/><T12/><D74/><U7/><E110/><V47/><F119/><W94/><G112/><T21/><D135/><U90/><E90/><V85/><F111/><W113/><G113/><T19/><D108/><U75/><E18/><V63/><F85/><W95/><G132/><T83/><D68/><U87/><E87/><V44/><F73/><W84/><G36/><T92/><D83/><U129/><E129/><V88/><F107/><W105/><G105/><T61/><D61/><N who="1" m="40303" /><E75/><V109/><F37/><W14/><G122/><T130/><D130/><U40/><E39/><V89/><F109/><W43/><G69/><T86/><D86/><U11/><E7/><V2/><F2/><W56/><G14/><N who="0" m="7631" /><D48/><U64/><E64/><V0/><F0/><W41/><G6/><T103/><AGARI ba="1,0" hai="12,13,20,21,22,52,53,54,92,99,103" m="7631" machi="103" ten="30,3000,0" yaku="8,1,54,1" doraHai="66" who="0" fromWho="0" sc="370,33,210,-11,210,-11,210,-11" /><INIT seed="0,2,0,4,1,52" ten="403,199,199,199" oya="0" hai0="34,91,81,31,110,119,75,132,63,65,41,19,93" hai1="18,33,111,94,59,7,101,17,107,64,2,123,131" hai2="74,87,70,32,3,60,126,46,47,125,108,23,28" hai3="5,124,117,50,38,58,95,66,11,35,118,106,83"/><T53/><D119/><U79/><E123/><V68/><F74/><W135/><G106/><T49/><D41/><U96/><E33/><V45/><F3/><W89/><G38/><T103/><D132/><U134/><E134/><V30/><F32/><W9/><G135/><T25/><D110/><U115/><E111/><V36/><F108/><W80/><G35/><T133/><D133/><U127/><E127/><N who="2" m="48651" /><F87/><W54/><G124/><T120/><D120/><U56/><E131/><V104/><F104/><W112/><G112/><T69/><D19/><U37/><E37/><V42/><F23/><W44/><G9/><T40/><D40/><U72/><E64/><N who="2" m="40967" /><F28/><W73/><G73/><T22/><D103/><U16/><E107/><V78/><F78/><W57/><G117/><T8/><D8/><U71/><E71/><V102/><F102/><W48/><G118/><T13/><D13/><U12/><E2/><V113/><F30/><W114/><G114/><T129/><D129/><U99/><E115/><V92/><F92/><W76/><G76/><T14/><D14/><U10/><REACH who="1" step="1"/><E96/><REACH who="1" ten="403,189,199,199" step="2"/><V43/><F113/><W6/><G66/><T1/><D1/><U24/><E24/><V128/><F128/><W15/><G6/><T90/><D34/><U85/><E85/><V105/><F105/><W116/><G116/><T86/><D75/><U51/><E51/><N who="2" m="27063" /><F70/><W82/><G50/><T55/><D49/><U109/><E109/><V39/><F36/><W121/><G121/><T100/><D69/><U97/><E97/><AGARI ba="2,1" hai="5,11,15,44,48,54,57,58,80,82,83,89,95,97" machi="97" ten="40,5200,0" yaku="8,1,52,2" doraHai="52" who="3" fromWho="1" sc="403,0,189,-58,199,0,199,68" /><INIT seed="1,0,0,4,0,93" ten="403,131,199,267" oya="1" hai0="132,50,35,128,4,79,103,65,101,14,46,85,20" hai1="36,98,61,80,84,26,108,13,31,19,57,60,17" hai2="2,29,134,86,1,89,76,38,88,30,69,16,126" hai3="23,106,96,77,125,102,54,105,111,133,97,119,91"/><U129/><E36/><V63/><F38/><W48/><G111/><T120/><D35/><U130/><E108/><V107/><F107/><W71/><G71/><T67/><D128/><U15/><E31/><V32/><F76/><W0/><G0/><T109/><D109/><U62/><E57/><V124/><F134/><W82/><G133/><T42/><D132/><U43/><E43/><V72/><F72/><W83/><G23/><T9/><D120/><U118/><E118/><V27/><F30/><W114/><G114/><T116/><D116/><U115/><E115/><V45/><F45/><W131/><G131/><N who="1" m="50186" /><E98/><N who="3" m="37994" /><G54/><T100/><D20/><N who="1" m="13583" /><E19/><V49/><F16/><W75/><G48/><T70/><D70/><U104/><E104/><N who="3" m="40042" /><G119/><T135/><D135/><U73/><E73/><V127/><F49/><W78/><G125/><T40/><D40/><U68/><E68/><V122/><F122/><W28/><G28/><T55/><D55/><U39/><E39/><V112/><F112/><W52/><G52/><T64/><D64/><U66/><E66/><V47/><F47/><W94/><G102/><T10/><D10/><U123/><E123/><V12/><F69/><W121/><G121/><T7/><D7/><U44/><E44/><V41/><F41/><W59/><G59/><T25/><D25/><U56/><E56/><V87/><F126/><W5/><G5/><T74/><D74/><U24/><E24/><V34/><F27/><W90/><G94/><T6/><D6/><U99/><E99/><V113/><F113/><W37/><G37/><T58/><D58/><U51/><E51/><RYUUKYOKU ba="0,0" sc="403,10,131,10,199,-30,267,10" hai0="4,9,14,42,46,50,65,67,79,85,100,101,103" hai1="13,15,60,61,62,80,84" hai3="75,77,78,82,83,90,91" /><INIT seed="1,1,0,3,1,28" ten="413,141,169,277" oya="1" hai0="91,73,135,44,128,87,22,36,111,11,2,5,94" hai1="56,104,131,61,130,21,25,90,16,93,8,129,49" hai2="52,115,20,41,77,114,50,10,106,1,103,110,19" hai3="58,134,60,59,133,69,18,48,98,66,38,121,30"/><U127/><E104/><V84/><F41/><W102/><G121/><T92/><D73/><U67/><E127/><V55/><F110/><W113/><G113/><N who="2" m="43017" /><F103/><W86/><G38/><T4/><D111/><U39/><E49/><V117/><F106/><W47/><G30/><T112/><D112/><U3/><E39/><V88/><F77/><W32/><G18/><T9/><D128/><U80/><E80/><N who="2" m="49159" /><F117/><W72/><G72/><T123/><D135/><U75/><E75/><V53/><F1/><W83/><G98/><T125/><D125/><U120/><E120/><V31/><F31/><W63/><G102/><T7/><D123/><U62/><E62/><V74/><F10/><W33/><G69/><T13/><D22/><U89/><REACH who="1" step="1"/><E93/><REACH who="1" ten="413,131,169,277" step="2"/><V85/><F74/><W0/><G63/><T100/><D36/><U97/><E97/><V57/><F85/><W68/><G86/><T99/><D44/><U34/><E34/><N who="3" m="13418" /><G83/><T12/><D2/><U118/><E118/><V79/><F79/><W70/><G0/><T51/><D51/><U64/><E64/><V81/><F81/><W54/><G70/><T78/><D78/><U71/><E71/><V122/><F122/><W108/><G108/><T45/><D45/><U35/><E35/><V116/><F116/><W119/><G119/><T96/><D96/><U6/><AGARI ba="1,1" hai="3,6,8,16,21,25,56,61,67,89,90,129,130,131" machi="6" ten="40,12000,1" yaku="1,1,0,1,19,1,54,1,53,0" doraHai="28" doraHaiUra="43" who="1" fromWho="1" sc="413,-41,131,133,169,-41,277,-41" /><INIT seed="1,2,0,4,3,75" ten="372,264,128,236" oya="1" hai0="73,100,86,18,83,42,124,33,66,59,123,118,119" hai1="84,26,134,90,58,39,29,31,45,110,14,97,115" hai2="109,50,70,133,43,7,17,2,107,22,85,65,121" hai3="127,68,91,71,108,11,8,9,103,6,101,28,23"/><U102/><E115/><V47/><F121/><W13/><G108/><T112/><D112/><U53/><E110/><V60/><F109/><W126/><G91/><T111/><D111/><U1/><E1/><V74/><F74/><W104/><G28/><T93/><D33/><U72/><E72/><V95/><F107/><W82/><G82/><T36/><D124/><N who="3" m="47657" /><G104/><T80/><D123/><U129/><E14/><V89/><F133/><W40/><G40/><T10/><D36/><U87/><E134/><V132/><F132/><W44/><G44/><T20/><D42/><U88/><E45/><V32/><F32/><W117/><G117/><T125/><D10/><N who="3" m="4201" /><G23/><T5/><D5/><U94/><E39/><V25/><F7/><W51/><G51/><T54/><D125/><U99/><E129/><V120/><F120/><W135/><G135/><T130/><D130/><U12/><E12/><V113/><F113/><W116/><G116/><T78/><D119/><U46/><E46/><V55/><REACH who="2" step="1"/><F2/><REACH who="2" ten="372,264,118,236" step="2"/><W38/><G38/><T27/><D118/><U67/><E29/><V41/><AGARI ba="2,1" hai="17,22,25,41,43,47,50,55,60,65,70,85,89,95" machi="41" ten="30,4000,0" yaku="1,1,2,1,0,1,53,0" doraHai="75" doraHaiUra="4" who="2" fromWho="2" sc="372,-12,264,-22,118,56,236,-12" /><INIT seed="2,0,0,3,3,54" ten="360,242,174,224" oya="2" hai0="59,51,72,11,111,125,41,119,40,128,43,89,49" hai1="1,13,127,98,76,5,20,93,31,121,100,71,12" hai2="2,74,117,114,126,36,106,96,103,133,18,65,28" hai3="80,35,87,85,46,39,22,23,105,6,29,78,95"/><V91/><F114/><W14/><G105/><T129/><D72/><U57/><E71/><V79/><F117/><W25/><G39/><T34/><D34/><U38/><E38/><V132/><F2/><W60/><G46/><T110/><D125/><U109/><E76/><V63/><F36/><W122/><G122/><T55/><D89/><U131/><E127/><V97/><F126/><W58/><G6/><T30/><D30/><U124/><E124/><V68/><F18/><W108/><G108/><N who="0" m="41515" /><D11/><U134/><E109/><V99/><F91/><W15/><G35/><T27/><D27/><U50/><E121/><V45/><F45/><W64/><G23/><T3/><D3/><U9/><E131/><N who="0" m="50249" /><D119/><U17/><E31/><V53/><F53/><W120/><G120/><T82/><D82/><U32/><E32/><V116/><F116/><W56/><G56/><T130/><N who="0" m="50257" /><T44/><AGARI ba="0,0" hai="40,41,43,44,49,51,55,59" m="50257,41515" machi="44" ten="50,12000,2" yaku="4,1,14,1,19,1,34,2,52,1" doraHai="54" who="0" fromWho="0" sc="360,120,242,-30,174,-60,224,-30" /><INIT seed="3,0,0,3,2,118" ten="480,212,114,194" oya="3" hai0="70,36,21,101,22,91,59,25,47,30,56,108,62" hai1="89,13,102,127,67,120,124,86,135,74,83,116,94" hai2="111,103,54,85,110,104,42,129,32,17,35,113,38" hai3="115,57,12,133,131,125,63,98,51,78,29,39,80"/><W44/><G115/><T121/><D121/><U126/><E67/><V7/><F85/><W15/><G39/><T76/><D76/><N who="1" m="44439" /><E13/><V60/><F17/><W18/><G131/><T5/><D101/><U33/><E33/><V75/><F75/><W58/><G133/><T37/><D5/><U73/><E135/><V119/><F119/><W24/><G125/><T40/><D37/><U71/><E71/><V52/><F7/><W41/><G98/><T1/><D1/><U64/><E64/><V26/><F113/><W4/><G4/><T88/><D70/><U19/><E19/><V9/><F9/><W3/><G3/><T95/><D91/><U100/><E116/><V16/><F129/><W128/><G128/><T81/><D81/><U132/><E132/><V2/><F2/><W90/><G90/><T14/><D62/><U45/><E45/><N who="2" m="23767" /><F103/><N who="1" m="39465" /><E73/><V31/><F35/><W48/><G18/><T46/><D46/><U84/><E84/><V43/><F43/><W109/><G41/><T53/><D53/><U49/><E49/><V134/><F134/><W34/><G48/><T65/><D65/><U107/><E107/><V20/><F104/><W79/><G51/><T69/><D69/><U8/><E8/><V77/><F60/><W122/><G63/><T82/><D14/><U112/><E112/><V50/><F50/><W68/><G68/><T114/><D114/><U23/><E23/><V28/><F28/><W92/><G15/><T11/><D40/><U6/><E6/><V72/><F31/><N who="3" m="19815" /><G12/><T61/><D30/><U87/><E87/><V0/><F72/><RYUUKYOKU ba="0,0" sc="480,-10,212,30,114,-10,194,-10" hai1="86,89,94,120,124,126,127" /><INIT seed="4,1,0,3,3,95" ten="470,242,104,184" oya="0" hai0="15,110,59,6,66,76,82,26,24,13,69,111,44" hai1="132,42,70,91,94,37,38,79,14,106,1,62,52" hai2="104,53,118,36,90,101,19,30,116,65,97,49,87" hai3="46,25,98,7,8,96,109,28,125,64,58,11,47"/><T93/><D69/><U31/><E1/><V85/><F36/><W67/><G109/><T113/><D113/><U72/><E106/><V124/><F124/><W130/><G125/><T71/><D71/><U48/><E31/><V83/><F65/><N who="3" m="25163" /><G130/><T35/><D44/><N who="3" m="16937" /><G58/><T5/><D59/><U129/><E14/><V84/><F30/><W55/><G55/><T127/><D66/><U3/><E52/><V34/><F34/><W134/><G134/><T50/><D35/><U40/><E129/><V32/><F32/><W107/><G107/><T74/><D127/><U45/><E45/><V39/><F39/><W133/><G133/><T77/><D74/><U57/><E132/><V23/><F49/><W131/><G131/><T135/><D50/><U41/><E48/><V27/><REACH who="2" step="1"/><F53/><REACH who="2" ten="470,242,94,184" step="2"/><W103/><G7/><T114/><D135/><U78/><E37/><V108/><F108/><W56/><G56/><T29/><D29/><U99/><E57/><V81/><F81/><W16/><G28/><T128/><D82/><U102/><E38/><V10/><F10/><N who="3" m="3627" /><G103/><T86/><D128/><U0/><E102/><V112/><F112/><W61/><G61/><T100/><D114/><U43/><E62/><V126/><F126/><W60/><G60/><T21/><D100/><U33/><E33/><V2/><F2/><W105/><G105/><T9/><D9/><U92/><E3/><V75/><F75/><W122/><G122/><T115/><D115/><U12/><E72/><V119/><AGARI ba="1,1" hai="19,23,27,83,84,85,87,90,97,101,104,116,118,119" machi="119" ten="30,7900,0" yaku="1,1,0,1,12,1,52,1,53,0" doraHai="95" doraHaiUra="88" who="2" fromWho="2" sc="470,-40,242,-21,94,92,184,-21" /><INIT seed="5,0,0,2,4,117" ten="430,221,186,163" oya="1" hai0="119,39,83,42,93,51,18,105,65,6,106,59,80" hai1="116,85,131,66,74,27,52,25,8,20,133,78,62" hai2="128,45,61,4,49,99,108,94,21,16,112,67,19" hai3="82,114,84,129,31,89,43,113,1,126,23,57,100"/><U24/><E116/><V76/><F108/><W72/><G1/><T26/><D119/><U64/><E74/><V75/><F128/><W33/><G33/><T127/><D6/><U115/><E131/><V12/><F112/><N who="3" m="43115" /><G129/><T15/><D26/><U60/><E115/><V9/><F75/><W35/><G35/><T125/><D93/><U103/><E103/><V101/><F76/><N who="3" m="44295" /><G126/><N who="0" m="48139" /><D39/><U95/><E133/><V79/><F79/><W44/><G100/><T22/><D65/><N who="1" m="25195" /><E8/><V68/><REACH who="2" step="1"/><F21/><REACH who="2" ten="430,221,176,163" step="2"/><W50/><G23/><T2/><D22/><U124/><E124/><V46/><F46/><W53/><G31/><T13/><D2/><U97/><E20/><V36/><F36/><W121/><G121/><T58/><D13/><U48/><E78/><V10/><F10/><W110/><G110/><T107/><D15/><U55/><E24/><V11/><F11/><W87/><G89/><T7/><D7/><U63/><E25/><V28/><F28/><W41/><G41/><AGARI ba="0,1" hai="4,9,12,16,19,41,45,49,61,67,68,94,99,101" machi="41" ten="30,3900,0" yaku="1,1,7,1,54,1,53,0" doraHai="117" doraHaiUra="69" who="2" fromWho="3" sc="430,0,221,0,176,49,163,-39" /><INIT seed="6,0,0,5,0,80" ten="430,221,225,124" oya="2" hai0="123,107,37,46,89,50,79,54,84,11,62,90,116" hai1="76,9,48,78,29,66,115,60,8,18,88,32,40" hai2="2,110,74,114,44,71,72,15,117,98,3,57,43" hai3="112,36,7,45,124,35,41,92,34,16,99,51,91"/><V96/><F71/><W122/><G122/><T49/><D123/><U6/><E18/><V121/><F121/><W28/><G124/><T4/><D107/><U111/><E111/><V19/><F57/><W70/><G70/><T133/><D37/><U63/><E29/><V39/><F117/><W126/><G126/><T106/><D106/><U5/><E32/><V108/><F114/><W53/><G112/><T104/><D104/><U30/><E115/><V83/><F98/><W68/><G68/><T94/><D133/><U102/><E30/><V97/><F96/><W67/><G67/><T131/><D131/><U87/><E102/><V118/><F97/><W125/><G125/><T33/><D33/><U61/><E66/><V17/><F17/><W129/><G129/><T14/><D116/><U132/><E132/><V130/><F130/><W81/><G7/><N who="1" m="2570" /><E48/><V95/><F95/><W120/><G120/><T24/><D24/><U85/><E40/><V23/><F118/><W100/><G28/><T128/><D128/><U82/><E76/><N who="2" m="44423" /><F74/><W25/><G25/><T77/><D62/><U1/><E1/><V65/><F65/><W55/><G55/><N who="0" m="30135" /><D89/><U101/><E101/><V64/><F64/><W10/><G41/><T119/><D119/><U59/><E59/><AGARI ba="0,0" hai="4,11,14,50,54,59,77,79,84,90,94" m="30135" machi="59" ten="30,2000,0" yaku="8,1,52,1" doraHai="80" who="0" fromWho="1" sc="430,20,221,-20,225,0,124,0" /><INIT seed="7,0,0,2,3,104" ten="450,201,225,124" oya="3" hai0="114,57,39,41,132,43,107,96,5,28,99,103,12" hai1="48,82,92,77,91,19,66,74,14,112,83,17,55" hai2="16,37,110,70,117,21,22,109,122,69,125,73,47" hai3="4,8,101,3,29,97,76,61,51,81,31,53,58"/><W113/><G113/><T33/><D33/><U128/><E66/><V56/><F73/><W42/><G42/><T1/><D1/><U94/><E112/><V34/><F34/><W27/><G51/><T59/><D132/><U54/><E128/><V26/><F117/><W105/><REACH who="3" step="1"/><G27/><REACH who="3" ten="450,201,225,114" step="2"/><T65/><D43/><U95/><E48/><V49/><F110/><W119/><G119/><T111/><D41/><U63/><E63/><V11/><F109/><W36/><G36/><T93/><D111/><U80/><E91/><V121/><F37/><W102/><G102/><T9/><D39/><U126/><E126/><V25/><F125/><W18/><G18/><T88/><D114/><U62/><E62/><V32/><F49/><W40/><G40/><T131/><D131/><U38/><E38/><V120/><F120/><W134/><G134/><T30/><D30/><U75/><E77/><V60/><F122/><W133/><G133/><T44/><D28/><U106/><E17/><V135/><F135/><W118/><G118/><T68/><D44/><U85/><E19/><V100/><F47/><W87/><AGARI ba="0,1" hai="3,4,8,29,31,53,58,61,76,81,87,97,101,105" machi="87" ten="20,3900,0" yaku="1,1,0,1,7,1,53,0" doraHai="104" doraHaiUra="86" who="3" fromWho="3" sc="450,-13,201,-13,225,-13,114,49" /><INIT seed="7,1,0,1,5,15" ten="437,188,212,163" oya="3" hai0="122,11,99,121,83,105,41,74,86,128,76,48,31" hai1="28,10,116,51,79,25,91,14,119,18,53,22,34" hai2="129,81,63,134,2,42,64,109,130,4,88,67,46" hai3="36,45,30,69,8,107,1,13,60,66,114,80,6"/><W100/><G114/><T106/><D31/><U5/><E79/><V115/><F109/><W40/><G30/><T118/><D118/><U61/><E61/><V113/><F134/><W56/><G80/><T132/><D11/><U94/><E51/><V44/><F4/><W43/><G43/><T84/><D48/><U126/><E53/><V57/><F2/><W24/><G24/><T127/><D41/><U3/><E126/><V85/><F67/><W26/><G26/><T71/><D71/><U50/><E50/><N who="2" m="26903" /><F46/><W96/><REACH who="3" step="1"/><G1/><REACH who="3" ten="437,188,212,153" step="2"/><T131/><D83/><U20/><E20/><V123/><F123/><W125/><G125/><T102/><D127/><U49/><E49/><V37/><F37/><W65/><G65/><T90/><D122/><U98/><AGARI ba="1,1" hai="3,5,10,14,18,22,25,28,34,91,94,98,116,119" machi="98" ten="30,7900,0" yaku="0,1,24,2,52,1" doraHai="15" who="1" fromWho="1" sc="437,-21,188,92,212,-21,153,-40" owari="416,51.6,280,8.0,191,-20.9,113,-38.7" /></mjloggm>