<mjloggm ver="2.3"><GO type="169" lobby="0"/><UN n0="%E3%81%82%E3%82%8B%E8%A8%BC%E6%98%8E%EF%BF%A1" n1="%2D%E8%B1%8A%E5%8F%A3%E3%82%81%E3%81%90%E3%81%BF%2D" n2="%31%74%61" n3="%41%72%69%61" dan="16,17,17,16" rate="2086.01,2144.72,2226.14,2134.35" sx="M,F,M,F"/><TAIKYOKU oya="0"/><INIT seed="0,0,0,4,3,103" ten="250,250,250,250" oya="0" hai0="38,98,32,79,29,44,18,87,80,15,102,84,49" hai1="35,10,104,9,60,70,61,57,97,91,107,124,134" hai2="0,67,17,63,131,100,39,130,125,31,128,30,78" hai3="132,19,72,88,52,33,27,99,105,123,34,115,53"/><T69/><D69/><U116/><E116/><V51/><F39/><W112/><G72/><T26/><D38/><U114/><E35/><V122/><F122/><W117/><G117/><T77/><D87/><U109/><E70/><V42/><F0/><W74/><G74/><T37/><D37/><U126/><E109/><V3/><F3/><W90/><G123/><T62/><D62/><U108/><E108/><V43/><F125/><N who="1" m="48233" /><E134/><V83/><F100/><W56/><G132/><T22/><D77/><U101/><E61/><V110/><F110/><W20/><G105/><N who="1" m="40522" /><E91/><V85/><F17/><W133/><G133/><T71/><D71/><U41/><E41/><N who="2" m="15371" /><F51/><W82/><G90/><T16/><D49/><U23/><E23/><V73/><F63/><N who="3" m="36231" /><G53/><T55/><D55/><N who="1" m="33855" /><E114/><V64/><F64/><W113/><G82/><T48/><D48/><U50/><E50/><V12/><F67/><W45/><G45/><T40/><D40/><U65/><E65/><V92/><F83/><W59/><G59/><T8/><D44/><U118/><E118/><V96/><F78/><W120/><G120/><T7/><D32/><U4/><E4/><V75/><F130/><W94/><AGARI ba="0,0" hai="19,20,27,33,34,88,94,99,112,113,115" m="36231" machi="94" ten="40,5200,0" yaku="25,1,54,2" doraHai="103" who="3" fromWho="3" sc="250,-26,250,-13,250,-13,250,52" /><INIT seed="1,0,0,0,2,79" ten="224,237,237,302" oya="1" hai0="129,77,24,116,46,133,14,4,111,32,30,132,54" hai1="128,121,98,110,108,11,6,90,131,81,10,70,61" hai2="28,127,53,104,123,55,68,115,117,41,25,122,12" hai3="0,101,87,91,47,35,130,33,29,66,5,119,83"/><U107/><E121/><V105/><F68/><W63/><G130/><N who="1" m="49706" /><E107/><V3/><F3/><W37/><G119/><T18/><D116/><U120/><E120/><V34/><F117/><W76/><G101/><T118/><D118/><U106/><E106/><V71/><F71/><W56/><G29/><T92/><D129/><U109/><E98/><V17/><F127/><W80/><G5/><T134/><D4/><U57/><E70/><V85/><F105/><W59/><G0/><T48/><D92/><U100/><E100/><V62/><F104/><W43/><REACH who="3" step="1"/><G56/><REACH who="3" ten="224,237,237,292" step="2"/><T64/><D132/><U49/><E49/><V20/><F123/><W95/><G95/><T51/><D133/><U52/><E6/><V9/><F122/><W39/><G39/><T82/><D134/><U16/><E16/><V69/><F69/><W36/><G36/><T26/><D30/><U125/><E125/><V124/><F124/><W86/><AGARI ba="0,1" hai="33,35,37,43,47,59,63,66,76,80,83,86,87,91" machi="86" ten="20,8000,1" yaku="1,1,0,1,7,1,52,2,53,0" doraHai="79" doraHaiUra="2" who="3" fromWho="3" sc="224,-20,237,-40,237,-20,292,90" /><INIT seed="2,0,0,0,1,44" ten="204,197,217,382" oya="2" hai0="33,96,26,20,126,56,7,80,119,29,10,67,31" hai1="87,120,19,135,32,54,39,105,66,2,57,124,43" hai2="68,112,63,46,91,9,132,86,1,5,35,131,22" hai3="16,125,108,47,6,102,0,73,95,88,98,61,79"/><V101/><F112/><W21/><G108/><T81/><D119/><U103/><E2/><V60/><F35/><W75/><G125/><T65/><D126/><U74/><E74/><V116/><F116/><W40/><G79/><T4/><D96/><U36/><E32/><V59/><F131/><W34/><G34/><T94/><D94/><U78/><E124/><V71/><F132/><W17/><G17/><T12/><D33/><U30/><E30/><V129/><F129/><W100/><G61/><N who="0" m="38055" /><D31/><U107/><E103/><V52/><F101/><W106/><G102/><T93/><D93/><U70/><E107/><V28/><F46/><W90/><G6/><T27/><D27/><U76/><E105/><V64/><F71/><W8/><G8/><T45/><D67/><U77/><E66/><V13/><F28/><W18/><G18/><T113/><D113/><U53/><E19/><V85/><F22/><W11/><G11/><T127/><D127/><U111/><E87/><V15/><REACH who="2" step="1"/><F85/><REACH who="2" ten="204,197,207,382" step="2"/><W69/><G69/><T122/><D122/><U130/><E70/><V58/><F58/><W38/><G75/><T123/><D123/><U37/><E57/><V48/><F48/><W83/><G73/><T118/><D118/><U89/><E120/><V99/><F99/><W49/><G100/><T114/><D114/><U50/><E50/><V92/><AGARI ba="0,1" hai="1,5,9,13,15,52,59,60,63,64,68,86,91,92" machi="92" ten="20,12000,1" yaku="1,1,0,1,7,1,54,1,53,1" doraHai="44" doraHaiUra="82" who="2" fromWho="2" sc="204,-40,197,-40,207,130,382,-40" /><INIT seed="2,1,0,2,5,70" ten="164,157,337,342" oya="2" hai0="107,36,62,46,129,16,27,45,21,56,82,38,86" hai1="120,31,13,35,43,0,116,20,22,135,130,26,17" hai2="23,48,101,98,127,117,59,68,100,74,15,104,92" hai3="32,106,124,94,66,103,121,134,93,37,64,73,4"/><V105/><F68/><W51/><G32/><T49/><D107/><U118/><E43/><V81/><F117/><W126/><G73/><T41/><D129/><U119/><E130/><V39/><F127/><W77/><G77/><T40/><D49/><U1/><E135/><V28/><F39/><W95/><G51/><T108/><D108/><U133/><E133/><V99/><F15/><W111/><G111/><T12/><D12/><U58/><E58/><V57/><F48/><W9/><G121/><T91/><D56/><U96/><E96/><V110/><F110/><W87/><G87/><T109/><D109/><U85/><E85/><V30/><F92/><W88/><G88/><T67/><D62/><U5/><E120/><V60/><F23/><W131/><G131/><T123/><D67/><U2/><REACH who="1" step="1"/><E22/><REACH who="1" ten="164,147,337,342" step="2"/><V125/><F125/><W24/><G134/><T122/><AGARI ba="1,1" hai="16,21,27,36,38,40,41,45,46,82,86,91,122,123" machi="122" ten="30,8000,1" yaku="0,1,9,1,52,2,54,1" doraHai="70" who="0" fromWho="0" sc="164,93,147,-21,337,-41,342,-21" /><INIT seed="3,0,0,0,1,42" ten="257,126,296,321" oya="3" hai0="7,54,43,71,119,56,35,66,67,53,31,14,6" hai1="10,27,22,106,132,41,65,127,115,117,79,84,114" hai2="121,61,51,83,89,126,74,76,36,87,8,40,44" hai3="95,68,60,122,73,48,90,131,49,102,118,47,81"/><W94/><G122/><T50/><D119/><U39/><E106/><V88/><F121/><W133/><G118/><T28/><D43/><U19/><E117/><V18/><F126/><W58/><G133/><T134/><D134/><U29/><E132/><V1/><F61/><W45/><G68/><T93/><D71/><U38/><E127/><V101/><F101/><W82/><G73/><T24/><D28/><U4/><E65/><V108/><F108/><W33/><G33/><T57/><D93/><U5/><E5/><N who="2" m="1071" /><F87/><W34/><G34/><T2/><D2/><U55/><E29/><V30/><F30/><W124/><G124/><T86/><D86/><U107/><E107/><V63/><F63/><W125/><G125/><T3/><D3/><U12/><E55/><V123/><F123/><W46/><G95/><T72/><D72/><U109/><E109/><V110/><F110/><W100/><G100/><T26/><D26/><U129/><E129/><V32/><F32/><W21/><G102/><T116/><D116/><U69/><E69/><V0/><F0/><W64/><G131/><T25/><D25/><U11/><E11/><V105/><F105/><W62/><G62/><T16/><D67/><U96/><E96/><V112/><F112/><W130/><G130/><T70/><D66/><U52/><E52/><N who="2" m="29799" /><F18/><W120/><G120/><T15/><D70/><U85/><E85/><V98/><F98/><N who="3" m="57687" /><G21/><N who="0" m="11415" /><D15/><U103/><E103/><V111/><F111/><W135/><G135/><T78/><D78/><U99/><E99/><V128/><F128/><W113/><G113/><N who="1" m="43018" /><E41/><V59/><F40/><RYUUKYOKU ba="0,0" sc="257,10,126,10,296,-30,321,10" hai0="6,7,24,31,35,50,53,54,56,57" hai1="4,10,12,19,22,27,38,39,79,84" hai3="45,46,47,48,49,58,60,64,81,82" /><INIT seed="3,1,0,3,5,76" ten="267,136,266,331" oya="3" hai0="109,64,44,53,133,54,113,82,92,112,22,11,70" hai1="125,77,80,52,108,19,42,23,60,96,84,34,35" hai2="18,104,41,20,101,115,17,85,110,29,99,50,75" hai3="107,131,114,48,95,100,126,65,122,3,105,62,45"/><W5/><G114/><N who="0" m="44139" /><D109/><U32/><E108/><V86/><F75/><W16/><G122/><T10/><D133/><U15/><E125/><V91/><F115/><W128/><G3/><T8/><D22/><U2/><E2/><V28/><F110/><W127/><G5/><T63/><D92/><U90/><E42/><V46/><F17/><W130/><G95/><T88/><D44/><U134/><E134/><V83/><REACH who="2" step="1"/><F85/><AGARI ba="1,0" hai="8,10,11,53,54,63,64,70,82,85,88" m="44139" machi="85" ten="30,3900,0" yaku="11,1,52,1,54,1" doraHai="76" who="0" fromWho="2" sc="267,42,136,0,266,-42,331,0" /><INIT seed="4,0,0,5,4,34" ten="309,136,224,331" oya="0" hai0="82,55,107,89,39,92,72,17,60,79,63,45,114" hai1="30,116,111,6,103,73,19,66,26,21,7,93,29" hai2="37,1,44,14,11,48,102,5,8,74,68,87,53" hai3="117,40,23,120,31,22,95,15,2,134,67,58,110"/><T135/><D135/><U126/><E73/><V132/><F68/><W35/><G40/><T84/><D114/><U46/><E111/><V124/><F132/><W61/><G134/><T113/><D113/><U24/><E116/><V71/><F71/><W25/><G110/><T70/><D70/><U123/><E123/><V16/><F74/><W90/><G117/><T81/><D81/><U122/><E122/><V9/><F124/><W47/><G47/><T106/><D63/><U83/><E126/><V129/><F129/><W42/><G42/><T104/><D17/><U119/><E119/><V10/><F37/><W109/><G120/><T100/><D39/><U85/><E66/><V78/><REACH who="2" step="1"/><F102/><REACH who="2" ten="309,136,214,331" step="2"/><W125/><G125/><T127/><D127/><U13/><E103/><V96/><F96/><W97/><G109/><T49/><D60/><U41/><E30/><V121/><F121/><W20/><REACH who="3" step="1"/><G2/><REACH who="3" ten="309,136,214,321" step="2"/><T133/><REACH who="0" step="1"/><D133/><REACH who="0" ten="299,136,214,321" step="2"/><U80/><E29/><V50/><F50/><W12/><AGARI ba="0,3" hai="12,15,20,22,23,25,31,35,58,61,67,90,95,97" machi="12" ten="30,4000,0" yaku="1,1,2,1,0,1,53,0" doraHai="34" doraHaiUra="115" who="3" fromWho="3" sc="299,-20,136,-10,214,-10,321,70" /><INIT seed="5,0,0,0,2,108" ten="279,126,204,391" oya="1" hai0="62,127,86,49,41,42,97,117,40,29,94,30,34" hai1="132,90,85,44,47,68,103,104,55,63,9,88,102" hai2="122,99,16,92,109,38,23,46,101,7,106,15,8" hai3="53,58,100,4,83,32,10,116,74,91,14,126,35"/><U19/><E132/><V70/><F109/><W118/><G126/><T1/><D1/><U135/><E135/><V60/><F122/><W129/><G100/><N who="1" m="38442" /><E68/><V110/><F110/><W61/><G129/><T54/><D127/><U112/><E104/><V84/><F84/><N who="3" m="50591" /><G74/><T131/><D131/><U11/><E112/><V123/><F123/><W20/><G20/><T93/><D117/><AGARI ba="0,0" hai="4,10,14,32,35,53,58,61,116,117,118" m="50591" machi="117" ten="30,1000,0" yaku="12,1" doraHai="108" who="3" fromWho="0" sc="279,-10,126,0,204,0,391,10" /><INIT seed="6,0,0,4,2,36" ten="269,126,204,401" oya="2" hai0="43,58,81,96,5,9,1,108,112,110,113,12,95" hai1="66,102,121,42,50,118,40,52,99,70,51,104,124" hai2="117,8,73,85,119,62,68,22,92,122,77,67,15" hai3="103,60,35,3,132,120,78,64,55,57,115,53,49"/><V109/><F122/><W41/><G3/><T129/><D81/><U26/><E118/><V4/><F109/><W116/><G35/><T54/><D129/><U133/><E121/><V25/><F73/><W48/><G120/><T24/><D24/><U84/><E133/><V56/><F68/><W47/><G78/><T107/><D107/><U88/><E124/><V76/><F119/><W101/><G116/><T28/><D28/><U87/><E51/><V131/><F131/><W106/><G106/><T123/><D123/><U71/><E87/><V69/><F69/><W80/><G80/><T19/><D1/><U93/><E26/><V18/><REACH who="2" step="1"/><F117/><REACH who="2" ten="269,126,194,401" step="2"/><W79/><G132/><T63/><D110/><U65/><E70/><V90/><AGARI ba="0,1" hai="4,8,15,18,22,25,56,62,67,76,77,85,90,92" machi="90" ten="30,11700,0" yaku="1,1,2,1,0,1,8,1,53,0" doraHai="36" doraHaiUra="100" who="2" fromWho="2" sc="269,-39,126,-39,194,127,401,-39" /><INIT seed="6,1,0,0,0,1" ten="230,87,321,362" oya="2" hai0="123,89,36,23,96,21,120,55,132,95,42,33,47" hai1="110,85,100,98,11,111,52,109,129,44,90,82,28" hai2="122,131,117,64,56,9,31,25,4,103,46,125,66" hai3="61,101,74,34,5,43,53,50,77,8,41,58,2"/><V7/><F117/><W102/><G34/><T78/><D33/><U107/><E129/><V99/><F122/><W135/><G135/><T130/><D130/><U0/><E28/><V118/><F118/><W45/><G43/><T37/><D132/><U105/><E105/><V24/><F131/><W67/><G74/><T57/><D78/><U94/><E107/><V12/><F125/><W86/><G77/><T65/><D36/><U68/><E68/><V75/><F75/><W16/><G86/><T83/><D83/><U60/><E60/><V48/><F56/><W26/><G26/><N who="2" m="10345" /><F31/><W91/><G91/><T29/><D65/><N who="2" m="25194" /><F99/><W20/><G20/><T70/><D70/><U15/><E0/><V113/><F113/><W87/><G87/><T40/><D40/><U39/><E39/><V22/><F22/><W93/><G93/><T76/><D29/><U88/><E100/><V104/><F103/><W108/><G16/><T49/><REACH who="0" step="1"/><D76/><REACH who="0" ten="220,87,321,362" step="2"/><U30/><E30/><V3/><F104/><W134/><G134/><T63/><D63/><U106/><E106/><V114/><F114/><W115/><G115/><T69/><D69/><U51/><REACH who="1" step="1"/><E111/><REACH who="1" ten="220,77,321,362" step="2"/><V92/><F48/><W18/><G108/><T116/><D116/><U14/><E14/><V27/><F12/><W62/><G62/><T133/><D133/><U127/><E127/><V81/><F3/><W80/><G67/><T32/><D32/><U79/><E79/><V38/><F38/><W97/><G2/><T73/><D73/><U19/><AGARI ba="1,2" hai="11,15,19,44,51,52,82,85,88,90,94,98,109,110" machi="19" ten="20,12000,2" yaku="1,1,0,1,7,1,25,2,54,2,53,0" doraHai="1" doraHaiUra="124" who="1" fromWho="1" sc="220,-31,77,143,321,-61,362,-31" /><INIT seed="7,0,0,5,3,34" ten="189,220,260,331" oya="3" hai0="4,75,68,82,85,39,42,117,110,50,91,15,86" hai1="113,116,135,121,23,124,99,132,22,53,130,37,77" hai2="59,54,7,104,96,27,19,58,74,102,72,40,112" hai3="109,30,5,52,131,63,115,123,73,16,43,87,25"/><W38/><G73/><T0/><D110/><U97/><E113/><V14/><F40/><W101/><G109/><T64/><D117/><U88/><E121/><V126/><F112/><W33/><G123/><T106/><D106/><U17/><E37/><V114/><F114/><W48/><G131/><T94/><D39/><U133/><E124/><V60/><F126/><W24/><G101/><T61/><D75/><U1/><E130/><V47/><F47/><W32/><G5/><T44/><D15/><U11/><E77/><V89/><F7/><W10/><G63/><T125/><D125/><U67/><E67/><V90/><F27/><W119/><G16/><T8/><REACH who="0" step="1"/><D82/><REACH who="0" ten="179,220,260,331" step="2"/><U41/><E116/><V103/><F74/><W26/><G38/><T51/><D51/><U29/><E135/><V122/><F14/><W93/><G119/><T57/><D57/><U3/><E133/><V79/><F58/><W83/><G83/><T128/><D128/><U78/><E132/><V66/><F59/><W118/><G118/><T20/><D20/><U120/><E22/><V35/><F72/><W9/><G115/><T36/><D36/><U84/><E23/><V108/><F104/><W76/><G48/><T13/><D13/><U127/><E127/><V65/><F108/><W56/><G56/><T81/><D81/><U95/><E120/><V46/><F122/><W28/><G33/><T107/><D107/><U55/><E1/><V12/><F12/><W6/><G32/><T100/><D100/><U45/><E3/><V62/><F35/><N who="3" m="20871" /><G30/><T2/><D2/><U69/><E29/><RYUUKYOKU ba="0,1" sc="179,30,220,-10,260,-10,331,-10" hai0="0,4,8,42,44,50,61,64,68,85,86,91,94" owari="209,-29.1,210,-19.0,250,5.0,331,43.1" /></mjloggm>