<mjloggm ver="2.3"><GO type="169" lobby="0"/><UN n0="%41%72%69%61" n1="%74%6B%34%32" n2="%E3%81%9F%E3%81%8B%E3%81%AA" n3="%6B%61%74%65%72%69%6E%61" dan="16,16,19,16" rate="2167.54,2096.85,2230.94,2115.13" sx="F,M,M,M"/><TAIKYOKU oya="0"/><INIT seed="0,0,0,2,2,81" ten="250,250,250,250" oya="0" hai0="88,6,132,90,80,117,12,94,54,108,1,120,39" hai1="13,50,133,89,130,7,16,109,105,87,24,58,82" hai2="74,76,0,40,118,135,34,43,119,28,64,36,47" hai3="46,126,3,104,131,93,73,66,103,8,27,85,25"/><T26/><D117/><U38/><E109/><V110/><F110/><W53/><G73/><T71/><D108/><U17/><E130/><V5/><F64/><W116/><G116/><T72/><D71/><U55/><E133/><V19/><F19/><W97/><G131/><T2/><D120/><U111/><E111/><V20/><F20/><W42/><G126/><T65/><D39/><U61/><E105/><V96/><F96/><W122/><G122/><T70/><D132/><U51/><E38/><V37/><F135/><W101/><G66/><T91/><D26/><U114/><E114/><V15/><F15/><W84/><G53/><T49/><D70/><U68/><E68/><V45/><F28/><W60/><G60/><T56/><D65/><U31/><E7/><V41/><F34/><W30/><G27/><T106/><D106/><U29/><E17/><V22/><F22/><W18/><G103/><T78/><REACH who="0" step="1"/><D94/><REACH who="0" ten="240,250,250,250" step="2"/><U100/><E100/><V52/><F37/><W124/><G104/><T9/><AGARI ba="0,1" hai="1,2,6,9,12,49,54,56,72,78,80,88,90,91" machi="9" ten="30,11700,0" yaku="1,1,2,1,0,1,54,1,53,0" doraHai="81" doraHaiUra="92" who="0" fromWho="0" sc="240,127,250,-39,250,-39,250,-39" /><INIT seed="0,1,0,2,1,109" ten="367,211,211,211" oya="0" hai0="19,74,39,51,2,24,50,135,48,83,28,38,110" hai1="35,82,42,78,26,116,98,72,21,62,120,114,100" hai2="118,126,15,57,81,37,32,104,63,86,115,33,66" hai3="130,128,119,79,58,52,75,103,1,89,122,43,90"/><T7/><D110/><U96/><E116/><V47/><F104/><W23/><G119/><T77/><D135/><U84/><E120/><V22/><F118/><W129/><G122/><T25/><D19/><U46/><E35/><V20/><F126/><W133/><G133/><T4/><D2/><U93/><E62/><V127/><F127/><W132/><G132/><T16/><D16/><U56/><E56/><V61/><F37/><W107/><G1/><T44/><D24/><U117/><E117/><V92/><F47/><W105/><G43/><T73/><D73/><U54/><E54/><V65/><F92/><W91/><G23/><T8/><D44/><U87/><E96/><V125/><F125/><W85/><G103/><T36/><REACH who="0" step="1"/><D8/><REACH who="0" ten="357,211,211,211" step="2"/><U123/><E123/><V69/><F15/><W80/><REACH who="3" step="1"/><G75/><REACH who="3" ten="357,211,211,201" step="2"/><T6/><D6/><U10/><E10/><V134/><F134/><W124/><G124/><T88/><D88/><U12/><E72/><V113/><F22/><AGARI ba="1,2" hai="4,7,22,25,28,36,38,39,48,50,51,74,77,83" machi="22" ten="50,2400,0" yaku="1,1,53,0" doraHai="109" doraHaiUra="99" who="0" fromWho="2" sc="357,47,211,0,211,-27,201,0" /><INIT seed="0,2,0,4,1,94" ten="404,211,184,201" oya="0" hai0="95,21,26,39,121,43,99,69,75,4,36,132,10" hai1="60,131,80,133,56,62,92,58,18,70,85,117,108" hai2="44,71,76,40,107,89,64,45,5,47,0,22,109" hai3="101,100,48,9,97,87,27,63,46,123,135,106,113"/><T134/><D75/><U31/><E117/><V83/><F109/><W35/><G113/><T126/><D69/><U125/><E108/><V112/><F112/><W57/><G135/><N who="0" m="51755" /><D121/><U91/><E131/><V78/><F107/><W118/><G118/><T122/><D122/><U119/><E119/><V11/><F40/><W74/><G74/><T25/><D43/><U20/><E133/><V17/><F64/><W96/><G123/><T105/><D105/><U16/><E125/><V103/><F103/><W23/><G35/><T86/><D86/><U30/><E70/><V37/><F37/><N who="0" m="14410" /><D21/><U68/><E80/><V15/><F71/><W59/><G9/><T116/><D116/><U128/><E68/><V28/><F28/><W54/><G87/><T34/><D34/><U14/><E18/><V93/><REACH who="2" step="1"/><F83/><REACH who="2" ten="404,211,174,201" step="2"/><W98/><G106/><T81/><D81/><U55/><E128/><V52/><F52/><AGARI ba="2,1" hai="14,16,20,30,31,52,55,56,58,60,62,85,91,92" machi="52" ten="30,8000,1" yaku="7,1,9,1,8,1,54,2" doraHai="94" who="1" fromWho="2" sc="404,0,211,96,174,-86,201,0" /><INIT seed="1,0,0,5,3,38" ten="404,307,88,201" oya="1" hai0="7,68,80,52,108,5,85,14,13,43,75,32,134" hai1="67,28,74,6,94,19,31,11,40,27,51,59,63" hai2="92,41,110,1,61,81,48,33,17,37,8,103,132" hai3="97,91,125,106,120,3,18,16,44,109,130,95,119"/><U76/><E74/><V131/><F33/><W129/><G120/><T66/><D32/><U69/><E76/><V104/><F104/><W57/><G3/><T100/><D75/><U39/><E39/><V118/><F118/><W21/><G109/><T71/><D100/><U30/><E94/><V4/><F131/><N who="3" m="50187" /><G125/><T29/><D29/><U47/><E69/><V65/><F132/><W10/><G119/><T36/><D108/><U23/><REACH who="1" step="1"/><E31/><REACH who="1" ten="404,297,88,201" step="2"/><V117/><F37/><W123/><G106/><T82/><D71/><U87/><E87/><V78/><F110/><W53/><G123/><T2/><D85/><U72/><E72/><V116/><F116/><W77/><G77/><T42/><D36/><U24/><E24/><V128/><F117/><W15/><G97/><T12/><D68/><U62/><E62/><V99/><F128/><W113/><G95/><T46/><D134/><U26/><E26/><V122/><F122/><W105/><G105/><T83/><D2/><AGARI ba="0,1" hai="2,6,11,19,23,27,28,30,40,47,51,59,63,67" machi="2" ten="30,5800,0" yaku="1,1,7,1,52,1,53,0" doraHai="38" doraHaiUra="9" who="1" fromWho="0" sc="404,-58,297,68,88,0,201,0" /><INIT seed="1,1,0,4,0,16" ten="346,365,88,201" oya="1" hai0="123,87,12,91,20,93,126,90,103,129,110,51,65" hai1="70,37,13,121,2,66,26,97,25,11,92,72,30" hai2="77,61,88,4,23,55,85,36,86,117,31,127,67" hai3="9,115,38,15,64,111,75,109,35,89,98,62,0"/><U82/><E121/><V44/><F117/><W125/><G115/><T130/><D123/><U24/><E2/><V135/><F127/><W47/><G125/><T5/><D65/><U14/><E37/><V59/><F135/><W74/><G35/><T71/><D71/><U60/><E30/><V56/><F4/><W43/><G0/><T34/><D34/><U49/><E49/><V48/><F36/><W3/><G3/><T40/><D126/><U84/><E72/><V83/><F31/><W45/><G45/><N who="0" m="26023" /><D110/><N who="3" m="41993" /><G89/><N who="0" m="53439" /><D103/><U101/><REACH who="1" step="1"/><E11/><REACH who="1" ten="346,355,88,201" step="2"/><V41/><F23/><W32/><G74/><T52/><D20/><U68/><E68/><V7/><F7/><W108/><G75/><T18/><D5/><U78/><AGARI ba="1,1" hai="13,14,24,25,26,60,66,70,78,82,84,92,97,101" machi="78" ten="30,6000,0" yaku="1,1,0,1,53,1" doraHai="16" doraHaiUra="81" who="1" fromWho="1" sc="346,-21,355,73,88,-21,201,-21" /><INIT seed="1,2,0,0,1,6" ten="325,428,67,180" oya="1" hai0="69,8,5,23,96,31,114,83,116,121,53,33,38" hai1="109,43,127,106,7,91,101,44,90,10,105,86,30" hai2="49,97,61,67,113,37,82,55,80,68,102,112,93" hai3="118,79,89,26,65,66,123,132,27,119,11,77,122"/><U25/><E127/><V4/><F37/><W92/><G92/><T94/><D69/><U35/><E109/><V54/><F4/><W1/><G89/><T47/><D116/><N who="3" m="44585" /><G11/><T17/><D114/><N who="2" m="44138" /><F55/><W98/><G98/><T126/><D126/><U115/><E115/><V24/><F24/><N who="3" m="9259" /><G1/><T13/><D33/><U40/><E40/><V36/><F36/><W57/><G57/><AGARI ba="2,0" hai="49,54,57,61,67,68,80,82,93,97,102" m="44138" machi="57" ten="30,1000,0" yaku="11,1" doraHai="6" who="2" fromWho="3" sc="325,0,428,0,67,16,180,-16" /><INIT seed="2,0,0,1,1,7" ten="325,428,83,164" oya="2" hai0="44,51,48,98,35,73,114,56,13,8,64,108,132" hai1="85,5,67,72,39,122,26,107,31,103,30,54,110" hai2="118,70,92,78,57,25,15,105,81,134,104,95,77" hai3="130,115,111,55,45,18,41,90,86,87,102,126,113"/><V3/><F70/><W49/><G111/><T121/><D73/><U59/><E72/><V6/><F3/><W125/><G102/><T109/><D35/><U16/><E39/><V47/><F118/><W42/><G18/><T133/><D98/><U17/><E67/><V36/><F25/><W14/><G14/><T91/><D91/><U84/><E110/><N who="0" m="42601" /><D114/><N who="3" m="43529" /><G87/><T79/><D79/><U63/><E5/><V29/><F29/><W65/><G130/><T129/><D121/><U43/><E43/><N who="3" m="16394" /><G65/><T58/><D129/><U9/><E30/><V66/><F15/><W80/><AGARI ba="0,0" hai="45,49,55,80,86,90,125,126" m="16394,43529" machi="80" ten="30,1100,0" yaku="11,1" doraHai="7" who="3" fromWho="3" sc="325,-3,428,-3,83,-5,164,11" /><INIT seed="3,0,0,5,4,19" ten="322,425,78,175" oya="3" hai0="18,10,69,124,135,105,60,81,101,5,96,54,134" hai1="79,56,47,27,34,2,63,44,91,38,86,32,71" hai2="89,53,128,1,52,64,115,118,50,48,112,16,98" hai3="15,120,65,30,82,83,37,8,39,66,68,72,107"/><W84/><G120/><T109/><D109/><U45/><E2/><V111/><F118/><W108/><G108/><T87/><D124/><U58/><E38/><V90/><F111/><W28/><G107/><T13/><D5/><U25/><E79/><V104/><F1/><W78/><G39/><T26/><D26/><U12/><E71/><V92/><F128/><W14/><G37/><T100/><D100/><U43/><E43/><V17/><F104/><W95/><G95/><T33/><D33/><U102/><E102/><V74/><F64/><W0/><G0/><T40/><D40/><U46/><E58/><V42/><F42/><W80/><G80/><T49/><D60/><U57/><E56/><V117/><F74/><W77/><G15/><T11/><D11/><U130/><E46/><V75/><F75/><W113/><G113/><T67/><D67/><U31/><E12/><V93/><REACH who="2" step="1"/><F117/><REACH who="2" ten="322,425,68,175" step="2"/><W76/><G66/><T41/><D41/><U119/><E130/><V29/><F29/><W20/><G30/><T99/><D105/><U94/><E119/><V55/><F55/><W132/><G65/><T126/><D54/><U123/><E123/><V133/><F133/><W122/><G132/><T4/><D135/><U88/><E31/><V70/><F70/><W35/><G68/><T131/><D134/><U114/><E114/><V21/><F21/><W23/><G122/><T22/><D131/><U127/><E34/><V73/><F73/><N who="3" m="43279" /><G28/><T121/><D69/><U24/><E32/><V51/><F51/><W9/><G35/><T7/><D121/><U125/><E91/><RYUUKYOKU ba="0,1" sc="322,-15,425,15,68,15,175,-15" hai1="24,25,27,44,45,47,57,63,86,88,94,125,127" hai2="16,17,48,50,52,53,89,90,92,93,98,112,115" /><INIT seed="4,1,1,1,4,123" ten="307,440,83,160" oya="0" hai0="82,122,5,65,34,86,83,89,0,102,100,4,77" hai1="131,46,108,114,87,80,49,103,33,113,41,25,105" hai2="61,92,127,91,22,50,95,40,115,111,68,64,106" hai3="126,101,118,110,51,121,129,93,63,18,13,48,130"/><T16/><D122/><U79/><E131/><N who="3" m="50186" /><G118/><T31/><D65/><U45/><E105/><V69/><F106/><W109/><G121/><T119/><D119/><U54/><E103/><V116/><F116/><W97/><G63/><T28/><D102/><U94/><E94/><V20/><F115/><N who="1" m="44041" /><E108/><N who="3" m="41578" /><G126/><T56/><D100/><U11/><E11/><AGARI ba="1,1" hai="11,13,18,48,51,93,97,101" m="41578,50186" machi="11" ten="30,7700,0" yaku="19,1,52,3" doraHai="123" who="3" fromWho="1" sc="307,0,440,-80,83,0,160,90" /><INIT seed="5,0,0,4,3,82" ten="307,360,83,250" oya="1" hai0="47,87,124,103,14,25,99,74,48,102,36,122,46" hai1="78,80,110,24,5,37,121,21,44,51,9,60,19" hai2="108,67,134,39,57,8,11,84,42,113,31,26,119" hai3="71,90,94,97,93,2,68,20,115,16,34,65,1"/><U133/><E121/><V75/><F119/><W126/><G34/><T129/><D74/><U92/><E133/><V27/><F108/><W127/><G115/><T62/><D124/><N who="3" m="47657" /><G93/><T63/><D129/><U49/><E110/><V58/><F75/><W38/><G38/><T107/><D103/><U96/><E60/><V3/><F134/><W73/><G73/><T54/><D122/><U95/><E37/><V61/><F39/><W117/><G117/><T120/><D120/><U64/><E64/><V45/><F3/><N who="3" m="1035" /><G65/><T76/><D25/><AGARI ba="0,0" hai="16,20,25,68,71,90,94,97" m="1035,47657" machi="25" ten="30,2000,0" yaku="18,1,54,1" doraHai="82" who="3" fromWho="0" sc="307,-20,360,0,83,0,250,20" /><INIT seed="6,0,0,5,4,69" ten="287,360,83,270" oya="2" hai0="70,39,120,116,88,35,60,117,5,43,96,20,49" hai1="17,13,21,134,97,83,102,38,54,92,71,31,132" hai2="10,76,41,44,80,105,85,110,128,37,46,42,108" hai3="3,107,23,50,51,62,32,47,125,68,58,133,24"/><V87/><F105/><W118/><G118/><N who="0" m="45675" /><D35/><U77/><E71/><V18/><F128/><W135/><G32/><T53/><D5/><U66/><E66/><V28/><F28/><W106/><G68/><T11/><D11/><U119/><E119/><V45/><F85/><W101/><G3/><T93/><D20/><U90/><E38/><V16/><F45/><W94/><G94/><T40/><D120/><U95/><E54/><V1/><F1/><W109/><G109/><N who="2" m="42089" /><F10/><W103/><G125/><T63/><D39/><AGARI ba="0,0" hai="16,18,37,39,41,42,44,46,76,80,87" m="42089" machi="39" ten="30,11600,0" yaku="10,1,52,2,54,1" doraHai="69" who="2" fromWho="0" sc="287,-116,360,0,83,116,270,0" /><INIT seed="6,1,0,3,1,120" ten="171,360,199,270" oya="2" hai0="132,81,95,128,12,80,68,42,48,92,127,67,37" hai1="130,84,94,126,53,59,50,6,8,5,66,27,2" hai2="62,109,60,71,87,54,28,104,115,121,112,73,100" hai3="31,14,41,78,75,32,0,64,56,97,35,16,9"/><V29/><F73/><W11/><G41/><T58/><D132/><U21/><E126/><V116/><F121/><W38/><G38/><T89/><D127/><U77/><E130/><V98/><F116/><W20/><G97/><T90/><D128/><U26/><E66/><N who="2" m="41415" /><F87/><W106/><G106/><T1/><D1/><U99/><E6/><V69/><F69/><W117/><G117/><T49/><D37/><U45/><E59/><N who="2" m="35191" /><F109/><W33/><G78/><T72/><D68/><U65/><E65/><V43/><F43/><W108/><G56/><T118/><D118/><U34/><E34/><N who="3" m="13418" /><G64/><T17/><D72/><U24/><E84/><V124/><F124/><W96/><G96/><T129/><D129/><U107/><E107/><V74/><F74/><W114/><G75/><T15/><D42/><U47/><E47/><V85/><F85/><W131/><G131/><T82/><D67/><U113/><E77/><V22/><F22/><W61/><G61/><T3/><D58/><U122/><E122/><V88/><F88/><N who="0" m="33898" /><D3/><U23/><E113/><AGARI ba="1,0" hai="28,29,98,100,104,112,113,115" m="35191,41415" machi="113" ten="30,1500,0" yaku="15,1" doraHai="120" who="2" fromWho="1" sc="171,0,360,-18,199,18,270,0" /><INIT seed="6,2,0,1,3,88" ten="171,342,217,270" oya="2" hai0="60,103,55,116,80,21,102,109,50,99,46,132,85" hai1="58,124,75,71,48,56,67,127,98,25,81,37,10" hai2="101,1,13,3,106,135,134,70,78,34,23,65,43" hai3="49,120,92,89,77,52,119,29,38,108,4,11,62"/><V61/><F34/><W115/><G119/><T100/><D109/><U87/><E75/><V30/><F78/><W22/><G120/><T28/><D116/><U35/><E37/><V64/><F43/><W111/><G38/><T104/><D132/><N who="2" m="50730" /><F65/><W74/><G115/><T44/><D104/><U20/><E35/><V97/><F13/><W53/><G62/><T91/><D60/><U95/><E10/><V36/><F36/><W73/><G53/><T83/><D83/><U2/><E2/><V59/><F59/><W31/><G108/><T125/><D125/><N who="1" m="48203" /><E48/><V5/><F5/><W40/><G40/><T47/><REACH who="0" step="1"/><D99/><REACH who="0" ten="161,342,217,270" step="2"/><U16/><E71/><V9/><F106/><W32/><G111/><T117/><D117/><U7/><E67/><V0/><F97/><W42/><G74/><T129/><D129/><U27/><E7/><V94/><F61/><W68/><G73/><T66/><D66/><U128/><E128/><V82/><F82/><W39/><G4/><T84/><D84/><U93/><E98/><V41/><F64/><W54/><G68/><T14/><D14/><U112/><E27/><AGARI ba="2,1" hai="21,27,28,44,46,47,50,55,80,85,91,100,102,103" machi="27" ten="40,2600,0" yaku="1,1,8,1,53,0" doraHai="88" doraHaiUra="6" who="0" fromWho="1" sc="161,42,342,-32,217,0,270,0" /><INIT seed="7,0,0,5,3,6" ten="203,310,217,270" oya="3" hai0="130,82,41,50,62,4,78,106,45,0,23,132,114" hai1="80,69,7,107,61,64,27,101,112,94,46,52,117" hai2="29,39,74,63,77,12,1,118,42,22,53,86,123" hai3="13,120,43,131,60,108,99,110,113,96,72,97,98"/><W19/><G120/><T57/><D106/><U11/><E112/><V100/><F1/><W25/><G72/><T109/><D109/><N who="3" m="42089" /><G113/><T81/><D114/><U8/><E107/><V79/><F74/><W91/><G131/><T66/><D130/><U127/><E127/><V48/><F118/><W90/><G43/><T126/><D126/><U54/><E80/><V30/><F39/><W47/><G47/><T102/><D102/><U55/><E27/><V59/><F123/><W14/><G14/><T89/><D132/><U5/><E46/><N who="2" m="25687" /><F100/><W93/><G60/><T70/><D89/><U18/><E18/><N who="2" m="10567" /><F86/><W37/><G25/><T3/><D70/><U129/><E117/><V40/><F40/><W28/><G28/><AGARI ba="0,0" hai="28,29,30,53,59,63,77,79" m="10567,25687" machi="28" ten="30,1000,0" yaku="8,1" doraHai="6" who="2" fromWho="3" sc="203,0,310,0,217,10,270,-10" owari="203,-29.7,310,41.0,227,-17.3,260,6.0" /></mjloggm>