<mjloggm ver="2.3"><GO type="169" lobby="0"/><UN n0="%E4%B8%89%E6%B2%B3%E5%B1%8B%E3%81%AE%E3%82%B5%E3%83%96" n1="%6E%61%74%73%75%6D%65%65" n2="%E3%81%8D%E3%81%B3%E3%81%A0%E3%82%93%E3%81%94%CE%B1" n3="%E9%98%BF%E9%83%A8%E5%AF%9B%EF%BC%A0%E9%B3%B3%E5%8D%93" dan="16,16,17,16" rate="2141.07,2073.95,2132.96,2123.12" sx="M,F,M,F"/><TAIKYOKU oya="0"/><INIT seed="0,0,0,1,2,110" ten="250,250,250,250" oya="0" hai0="128,16,109,105,47,122,108,23,57,39,30,66,53" hai1="35,99,76,27,65,24,117,100,106,55,121,15,114" hai2="82,21,61,6,89,0,60,33,63,118,54,43,130" hai3="26,32,92,51,103,13,101,70,113,62,96,36,95"/><T72/><D122/><U74/><E121/><V104/><F33/><W40/><G36/><T125/><D128/><U91/><E117/><V71/><F104/><W34/><G13/><T37/><D72/><U11/><E65/><V44/><F130/><W84/><G26/><T120/><D120/><U18/><E35/><V42/><F118/><W48/><G84/><T12/><D105/><U111/><E111/><N who="0" m="42569" /><D125/><U10/><E114/><V3/><F3/><W29/><G29/><T127/><D127/><U75/><E10/><V25/><F6/><W1/><G1/><T79/><D79/><U80/><E74/><V102/><F102/><W45/><G113/><T94/><D66/><U8/><E8/><V38/><F71/><W119/><G119/><T98/><D47/><U78/><E78/><V17/><F38/><W97/><G51/><N who="0" m="30911" /><D30/><U68/><E68/><V2/><F2/><W41/><G41/><T31/><D31/><U90/><E55/><V59/><F0/><W81/><G81/><T28/><D28/><U93/><REACH who="1" step="1"/><E91/><AGARI ba="0,0" hai="12,16,23,37,39,91,94,98" m="30911,42569" machi="91" ten="30,5800,0" yaku="14,1,10,1,54,1" doraHai="110" who="0" fromWho="1" sc="250,58,250,-58,250,0,250,0" /><INIT seed="0,1,0,1,3,10" ten="308,192,250,250" oya="0" hai0="15,113,132,3,135,0,95,23,39,68,5,43,71" hai1="116,67,93,84,117,56,1,110,69,72,51,17,9" hai2="49,121,21,96,42,52,109,36,98,38,82,102,101" hai3="99,107,92,80,53,13,87,63,130,123,111,133,14"/><T100/><D113/><U29/><E72/><V83/><F121/><W126/><G123/><T77/><D77/><U118/><E110/><V28/><F109/><W125/><G107/><T106/><D106/><U18/><E69/><N who="0" m="26697" /><D43/><U50/><E29/><V104/><F42/><W7/><G111/><T131/><D39/><U75/><E75/><V54/><F104/><W103/><G130/><T94/><D131/><U129/><E129/><V124/><F28/><W40/><G40/><T78/><D78/><U62/><E1/><N who="0" m="585" /><D100/><U4/><E4/><V105/><F105/><W64/><G53/><T2/><D2/><U30/><E30/><V34/><F21/><W6/><G7/><T31/><D31/><U58/><E58/><V76/><F76/><N who="3" m="46471" /><G6/><T66/><D66/><U89/><REACH who="1" step="1"/><E18/><REACH who="1" ten="308,182,250,250" step="2"/><V12/><F34/><W22/><G125/><T85/><D5/><U20/><E20/><V55/><F124/><W19/><G126/><T8/><D23/><U79/><E79/><V33/><F33/><W119/><G19/><N who="0" m="8679" /><D85/><U59/><E59/><V90/><F98/><W86/><G86/><T128/><D128/><U44/><E44/><V60/><F96/><W11/><G22/><T41/><D41/><U81/><E81/><V120/><F83/><W32/><G32/><T91/><D91/><U88/><E88/><V114/><F82/><W134/><G11/><T26/><D26/><U74/><E74/><V61/><F90/><W25/><G25/><T45/><D45/><U57/><E57/><V47/><F47/><W35/><G35/><T122/><D122/><U97/><E97/><RYUUKYOKU ba="1,1" sc="308,15,182,15,250,-15,250,-15" hai0="94,95,132,135" hai1="9,17,50,51,56,62,67,84,89,93,116,117,118" /><INIT seed="0,2,1,1,0,80" ten="323,197,235,235" oya="0" hai0="17,26,84,62,127,53,20,46,16,74,31,24,115" hai1="1,94,40,99,121,85,131,33,45,48,42,2,97" hai2="59,8,4,95,75,10,104,18,0,6,51,89,83" hai3="76,112,21,64,54,57,50,132,30,19,79,58,92"/><T87/><D74/><U93/><E121/><V126/><F126/><W44/><G132/><T100/><D115/><U25/><E131/><V47/><F104/><W108/><G108/><T5/><D127/><U113/><E113/><V101/><F18/><N who="0" m="7274" /><D100/><U60/><E60/><V65/><F101/><W22/><G112/><T82/><D5/><U129/><E129/><V28/><F28/><W34/><G34/><T41/><D82/><U86/><E33/><V110/><F110/><W23/><G30/><T11/><D11/><U66/><E66/><V61/><F83/><W7/><G7/><T67/><D53/><U123/><E48/><V96/><F75/><W29/><G29/><T68/><D68/><U135/><E25/><V107/><F107/><W37/><G37/><T70/><D70/><U109/><E109/><V43/><F8/><W35/><G35/><T134/><D134/><U98/><E135/><V88/><F89/><W124/><G124/><T133/><D133/><U15/><E123/><V118/><REACH who="2" step="1"/><F6/><REACH who="2" ten="323,197,225,235" step="2"/><W78/><G19/><T39/><D26/><U73/><E94/><V105/><F105/><W13/><G92/><T128/><D128/><U72/><E93/><V114/><F114/><W71/><G78/><T91/><D91/><U90/><E90/><V3/><F3/><W38/><G76/><T102/><D102/><U81/><E81/><V125/><F125/><W56/><G79/><T77/><D77/><U122/><E122/><V32/><F32/><W63/><REACH who="3" step="1"/><G13/><REACH who="3" ten="323,197,225,225" step="2"/><T14/><D14/><U103/><E15/><V120/><F120/><W55/><G55/><RYUUKYOKU ba="2,3" sc="323,10,197,-30,225,10,225,10" hai0="20,24,31,39,41,46,62,67,84,87" hai2="0,4,10,43,47,51,59,61,65,88,95,96,118" hai3="21,22,23,38,44,50,54,56,57,58,63,64,71" /><INIT seed="0,3,3,4,5,98" ten="333,167,235,235" oya="0" hai0="91,2,31,30,18,74,99,70,61,13,134,54,69" hai1="133,63,94,78,93,122,59,20,88,32,132,10,37" hai2="22,82,11,53,117,90,95,121,111,6,101,89,116" hai3="83,15,65,123,64,27,39,86,71,127,129,45,51"/><T84/><D74/><U124/><E122/><V102/><F121/><W110/><G123/><T87/><D2/><U112/><E32/><V125/><F111/><W21/><G110/><T24/><D134/><N who="1" m="51819" /><E124/><V49/><F125/><W108/><G127/><T75/><D75/><U68/><E37/><V85/><F22/><W29/><G108/><T56/><D69/><U16/><E78/><V103/><F90/><W36/><G129/><T5/><D70/><U119/><E119/><N who="2" m="45643" /><F82/><W8/><G71/><T46/><D5/><U118/><E118/><V17/><F17/><N who="3" m="8423" /><G36/><T19/><D19/><U73/><E73/><V79/><F79/><N who="3" m="46463" /><G39/><T107/><D46/><U104/><E68/><V114/><F114/><W52/><AGARI ba="3,3" hai="21,27,29,45,51,52,64,65" m="46463,8423" machi="52" ten="30,2000,0" yaku="8,1,54,1" doraHai="98" who="3" fromWho="3" sc="333,-13,167,-8,235,-8,235,59" /><INIT seed="1,0,0,2,4,24" ten="320,159,227,294" oya="1" hai0="96,80,1,123,42,40,114,118,26,13,110,104,54" hai1="44,74,81,37,12,52,82,58,128,111,109,31,5" hai2="115,72,73,86,66,130,112,57,78,50,67,20,45" hai3="29,56,129,61,100,43,35,23,32,39,132,134,69"/><U135/><E128/><V11/><F130/><W84/><G69/><T88/><D1/><U131/><E131/><V63/><F67/><N who="3" m="39335" /><G129/><T87/><D114/><N who="2" m="43562" /><F11/><W34/><G100/><T16/><D118/><U79/><E135/><N who="3" m="51754" /><G84/><T2/><D2/><U95/><E95/><V55/><F20/><W33/><G33/><T60/><D110/><N who="1" m="41995" /><E82/><AGARI ba="0,0" hai="45,50,55,57,63,66,72,73,78,82,86" m="43562" machi="82" ten="30,1000,0" yaku="11,1" doraHai="24" who="2" fromWho="1" sc="320,0,159,-10,227,10,294,0" /><INIT seed="2,0,0,1,0,45" ten="320,149,237,294" oya="2" hai0="35,56,10,4,23,129,92,76,24,47,86,97,113" hai1="34,80,68,99,43,118,40,52,60,1,110,38,17" hai2="130,9,39,30,41,135,59,0,71,104,6,124,109" hai3="127,96,82,55,65,2,132,36,83,5,102,31,64"/><V115/><RYUUKYOKU type="yao9" ba="0,0" sc="320,0,149,0,237,0,294,0" hai2="0,6,9,30,39,41,59,71,104,109,115,124,130,135" /><INIT seed="2,1,0,4,3,133" ten="320,149,237,294" oya="2" hai0="95,120,50,108,69,134,39,11,45,14,93,89,52" hai1="86,21,42,38,87,2,122,35,73,107,47,33,116" hai2="99,81,32,77,132,3,20,23,16,82,129,85,1" hai3="110,111,114,15,105,19,34,64,98,7,74,128,8"/><V130/><F32/><W55/><G128/><N who="2" m="49257" /><F132/><W26/><G114/><T102/><D134/><U66/><E116/><V9/><F99/><W44/><G74/><T51/><D120/><U78/><E122/><V97/><F97/><W54/><G64/><T31/><D108/><N who="3" m="41513" /><G44/><T61/><D39/><U60/><E87/><N who="2" m="48559" /><F23/><N who="3" m="13695" /><G34/><T53/><D31/><U68/><E86/><V46/><F46/><W91/><G91/><T84/><D102/><AGARI ba="1,0" hai="7,8,15,54,55,98,102,105" m="13695,41513" machi="102" ten="30,1000,0" yaku="14,1" doraHai="133" who="3" fromWho="0" sc="320,-13,149,0,237,0,294,13" /><INIT seed="3,0,0,4,1,133" ten="307,149,237,307" oya="3" hai0="104,75,4,135,69,50,20,124,13,51,79,67,71" hai1="103,101,106,63,108,117,61,28,88,18,94,120,40" hai2="5,54,130,17,93,0,91,7,111,68,128,132,129" hai3="96,62,119,9,23,3,114,109,97,66,45,77,37"/><W74/><G119/><T2/><D104/><U21/><E120/><V24/><F132/><W85/><G85/><T29/><D135/><U82/><E117/><V56/><F68/><N who="3" m="42071" /><G23/><T121/><D121/><U6/><E108/><V39/><F111/><W113/><G109/><T32/><D124/><U134/><E134/><V43/><F0/><W78/><G96/><T80/><D67/><U10/><E106/><V16/><F39/><W92/><G92/><T27/><D69/><U116/><E40/><V30/><F43/><N who="3" m="22767" /><G78/><T47/><D47/><U53/><E28/><V42/><F42/><W73/><G97/><T15/><D71/><U83/><E103/><V49/><F5/><N who="3" m="1215" /><G73/><T35/><D15/><N who="1" m="5591" /><E101/><V81/><F7/><W25/><G25/><T115/><D32/><U86/><E116/><V105/><F105/><W76/><G76/><T107/><D107/><U57/><E63/><V46/><F46/><W122/><G122/><T48/><D2/><U55/><E53/><V123/><F123/><W33/><G33/><T70/><D70/><U95/><E95/><V89/><F93/><W118/><G118/><T98/><D98/><U112/><E112/><V84/><REACH who="2" step="1"/><F91/><REACH who="2" ten="307,149,227,307" step="2"/><W127/><G113/><T11/><D115/><U34/><E34/><AGARI ba="0,1" hai="16,17,24,30,34,49,54,56,81,84,89,128,129,130" machi="34" ten="40,12000,2" yaku="1,1,2,1,19,1,54,1,53,2" doraHai="133" doraHaiUra="12" who="2" fromWho="1" sc="307,0,149,-120,227,130,307,0" /><INIT seed="4,0,0,0,4,92" ten="307,29,357,307" oya="0" hai0="124,97,25,122,16,89,2,134,44,106,113,47,67" hai1="74,105,114,135,31,65,21,126,24,68,130,128,93" hai2="13,53,81,38,46,90,66,58,121,20,132,72,82" hai3="108,112,18,73,9,100,41,107,71,116,3,0,56"/><T15/><D122/><U7/><E105/><V23/><F121/><W125/><G108/><T96/><D2/><U123/><E74/><V102/><F132/><W36/><G56/><T118/><D118/><U103/><E123/><V19/><F102/><W43/><G18/><T57/><D134/><U91/><E135/><V12/><F66/><W63/><G43/><T22/><D113/><U85/><E126/><V37/><F72/><W1/><G116/><T76/><D124/><U55/><E114/><V32/><F32/><W115/><G73/><T60/><D76/><U35/><E7/><V54/><F58/><W80/><G80/><T48/><D106/><U79/><E79/><V62/><F19/><W119/><G9/><N who="0" m="6255" /><D89/><U51/><E103/><V17/><F17/><W11/><G11/><T133/><D133/><U99/><E85/><V6/><F90/><W69/><G119/><T98/><D48/><U4/><E4/><V28/><F6/><W49/><G49/><T8/><D8/><U45/><REACH who="1" step="1"/><E35/><REACH who="1" ten="307,19,357,307" step="2"/><V30/><F82/><W109/><G125/><T101/><D101/><U33/><E33/><V39/><F81/><W64/><G100/><T86/><D86/><U40/><E40/><V75/><F75/><W104/><G112/><T26/><D22/><U50/><E50/><V110/><F38/><W88/><G115/><T78/><D78/><U5/><E5/><V127/><F127/><W87/><G107/><T10/><D10/><U94/><E94/><V131/><F39/><W95/><G104/><T52/><D67/><U117/><E117/><V27/><F37/><RYUUKYOKU ba="0,1" sc="307,15,19,15,357,-15,307,-15" hai0="25,26,44,47,52,57,60,96,97,98" hai1="21,24,31,45,51,55,65,68,91,93,99,128,130" /><INIT seed="4,1,1,5,3,7" ten="322,34,342,292" oya="0" hai0="33,96,30,31,42,50,21,8,86,109,124,89,57" hai1="59,121,53,81,106,125,47,72,11,13,120,130,73" hai2="48,32,129,83,45,64,14,22,67,15,41,16,65" hai3="107,135,5,66,62,9,88,36,37,128,78,131,34"/><T44/><D33/><U84/><E106/><V117/><F32/><W98/><G34/><T76/><D124/><U70/><E70/><V43/><F129/><N who="3" m="49739" /><G78/><T87/><D109/><U46/><E130/><V52/><F117/><W27/><G27/><N who="0" m="16751" /><D31/><U60/><E125/><V56/><F83/><W69/><G135/><T49/><D76/><U71/><E71/><V17/><F45/><W103/><G88/><T82/><D96/><U116/><E116/><V68/><F68/><W18/><G18/><T38/><D38/><U112/><E112/><V123/><F123/><W20/><G20/><AGARI ba="1,1" hai="14,15,16,17,20,22,41,43,48,52,56,64,65,67" machi="20" ten="40,8000,1" yaku="9,1,8,1,54,2" doraHai="7" who="2" fromWho="3" sc="322,0,34,0,342,93,292,-83" /><INIT seed="5,0,0,5,4,99" ten="322,34,435,209" oya="1" hai0="41,130,57,51,36,94,111,117,115,81,90,133,67" hai1="5,113,64,54,122,102,101,73,48,9,29,128,96" hai2="19,103,39,127,60,61,85,3,46,10,109,17,66" hai3="15,65,49,59,131,106,58,52,80,77,79,62,132"/><U83/><E122/><V1/><F109/><W91/><G131/><T74/><D111/><U2/><E128/><V110/><F127/><W78/><G106/><T118/><D130/><U114/><E64/><V89/><F61/><W18/><G132/><T37/><D133/><U82/><E29/><V116/><F103/><N who="1" m="39433" /><E96/><V112/><F66/><W107/><G107/><T23/><D36/><U95/><E95/><V26/><F1/><W70/><G70/><T92/><D37/><U97/><E97/><V33/><F3/><W8/><REACH who="3" step="1"/><G91/><REACH who="3" ten="322,34,435,199" step="2"/><T63/><D90/><U22/><E73/><AGARI ba="0,1" hai="8,15,18,49,52,58,59,62,65,73,77,78,79,80" machi="73" ten="30,7700,0" yaku="1,1,2,1,7,1,54,1,53,0" doraHai="99" doraHaiUra="20" who="3" fromWho="1" sc="322,0,34,-77,435,0,199,87" owari="322,12.2,-43,-54.3,435,53.5,286,-11.4" /></mjloggm>