<mjloggm ver="2.3"><GO type="169" lobby="0"/><UN n0="%41%63%75%6E%61%4A%72" n1="%E4%B8%96%E7%95%8C%E5%B9%B3%E5%92%8C" n2="%E5%B0%8F%E8%B1%86%E6%A2%93" n3="%6F%6B%61%62%65%73%68%69" dan="17,16,17,17" rate="2243.10,2165.62,2196.87,2175.75" sx="M,M,F,M"/><TAIKYOKU oya="0"/><INIT seed="0,0,0,1,3,132" ten="250,250,250,250" oya="0" hai0="105,130,15,94,117,40,82,113,18,86,46,116,89" hai1="61,100,129,76,45,62,32,30,110,34,41,71,38" hai2="67,44,16,69,135,96,73,8,125,37,75,36,115" hai3="114,68,106,19,64,29,128,63,108,35,50,102,11"/><T26/><D113/><U83/><E110/><V101/><F115/><W127/><G114/><T112/><D130/><U48/><E129/><V95/><F135/><W103/><G128/><T134/><D134/><U119/><E119/><V4/><F69/><W47/><G108/><T49/><D105/><U21/><E100/><V84/><F67/><W3/><G106/><T81/><D112/><U27/><E38/><V111/><F111/><W6/><G29/><T80/><REACH who="0" step="1"/><D26/><REACH who="0" ten="240,250,250,250" step="2"/><U109/><E109/><V24/><F24/><W66/><G35/><T7/><D7/><U60/><REACH who="1" step="1"/><E71/><REACH who="1" ten="240,240,250,250" step="2"/><V33/><F4/><W78/><G68/><T120/><D120/><U56/><E56/><V9/><F37/><W122/><G6/><T31/><D31/><U10/><E10/><AGARI ba="0,2" hai="10,15,18,40,46,49,80,81,82,86,89,94,116,117" machi="10" ten="40,2000,0" yaku="1,1,53,0" doraHai="132" doraHaiUra="1" who="0" fromWho="1" sc="240,40,240,-20,250,0,250,0" /><INIT seed="0,1,0,5,1,7" ten="280,220,250,250" oya="0" hai0="85,111,8,115,76,97,113,67,121,3,134,130,101" hai1="21,103,104,129,133,131,123,13,73,20,6,10,116" hai2="72,34,80,49,109,112,126,2,9,92,48,89,44" hai3="12,55,50,77,51,60,52,105,29,65,117,58,122"/><T75/><D121/><U94/><E104/><V46/><F112/><W64/><G122/><T18/><D134/><U40/><E73/><V42/><F34/><W107/><G117/><T5/><D130/><N who="1" m="49675" /><E123/><V69/><F69/><W119/><G119/><T15/><D111/><U54/><E116/><V35/><F35/><W66/><G77/><T93/><D75/><U120/><E120/><V23/><F109/><W79/><G79/><T71/><D71/><U30/><E133/><V14/><F2/><W132/><G132/><T4/><D67/><U110/><E110/><V78/><F126/><W26/><G60/><T27/><D27/><U88/><E103/><V125/><F125/><W17/><G26/><T0/><D0/><U102/><E102/><V74/><F23/><W33/><G29/><T19/><D19/><U61/><E40/><V99/><F74/><W43/><G43/><T68/><D68/><U39/><E39/><V22/><F22/><W70/><G33/><T25/><D25/><U31/><E31/><V87/><F72/><W114/><G114/><T28/><D28/><U36/><E36/><V81/><F81/><W83/><G83/><N who="0" m="47335" /><D3/><U59/><E30/><V91/><F91/><W118/><BYE who="2" /><G70/><T96/><D96/><AGARI ba="1,0" hai="6,10,13,20,21,54,59,61,88,94,96" m="49675" machi="96" ten="30,3900,0" yaku="19,1,52,1,54,1" doraHai="7" who="1" fromWho="0" sc="280,-42,220,42,250,0,250,0" /><UN n2="%E5%B0%8F%E8%B1%86%E6%A2%93" /><INIT seed="1,0,0,0,0,39" ten="238,262,250,250" oya="1" hai0="50,19,119,105,71,25,128,116,54,58,21,120,118" hai1="53,7,26,110,40,46,47,73,56,101,89,12,28" hai2="11,37,114,60,20,131,69,126,86,36,123,13,104" hai3="43,70,135,51,38,133,63,41,84,57,55,76,103"/><U80/><E110/><V129/><F123/><W9/><G103/><T2/><D120/><U92/><E101/><V82/><F104/><W81/><G9/><T15/><D105/><U98/><E7/><V112/><F20/><W91/><G91/><T111/><D71/><U77/><E12/><V59/><F69/><W4/><G4/><T95/><D2/><U32/><REACH who="1" step="1"/><E40/><REACH who="1" ten="238,252,250,250" step="2"/><N who="3" m="15434" /><G38/><T96/><D111/><U5/><E5/><V23/><F37/><W75/><G70/><T106/><D106/><U90/><E90/><V17/><F36/><W125/><G125/><T113/><D113/><N who="2" m="43626" /><F126/><W52/><G75/><T49/><D128/><U68/><E68/><V102/><F102/><W14/><G14/><T16/><D15/><U31/><E31/><V67/><F11/><W74/><G74/><T85/><D19/><U30/><E30/><V45/><F131/><W0/><G0/><T108/><D108/><U97/><E97/><V99/><F99/><W132/><G51/><AGARI ba="0,1" hai="26,28,32,46,47,51,53,56,73,77,80,89,92,98" machi="51" ten="30,2900,0" yaku="1,1,7,1,53,0" doraHai="39" doraHaiUra="117" who="1" fromWho="3" sc="238,0,252,39,250,0,250,-29" /><INIT seed="1,1,0,4,4,2" ten="238,291,250,221" oya="1" hai0="44,83,50,39,122,134,80,91,66,38,58,93,67" hai1="90,117,124,73,22,28,105,99,104,55,120,125,54" hai2="102,71,70,26,41,103,82,27,133,65,87,36,89" hai3="109,37,3,132,52,59,7,60,116,78,34,72,114"/><U0/><E117/><V25/><F133/><W123/><RYUUKYOKU type="yao9" ba="1,0" sc="238,0,291,0,250,0,221,0" hai3="3,7,34,37,52,59,60,72,78,109,114,116,123,132" /><INIT seed="1,2,0,2,4,49" ten="238,291,250,221" oya="1" hai0="112,31,67,125,4,60,29,86,32,98,96,35,53" hai1="44,46,123,79,64,62,9,56,83,59,41,106,39" hai2="10,113,84,95,18,71,109,99,34,122,21,69,2" hai3="66,110,1,33,117,16,14,28,22,65,3,120,82"/><U6/><E106/><V78/><F122/><W118/><G120/><T121/><D112/><U77/><E123/><V94/><F34/><W70/><G70/><T107/><D121/><U130/><E130/><V76/><F113/><W37/><G37/><T38/><D38/><U43/><E59/><V55/><F109/><W116/><G82/><T133/><D4/><U108/><E108/><V15/><F71/><W23/><G110/><T45/><D125/><U103/><E103/><V91/><F69/><W51/><G65/><T24/><D133/><U68/><E68/><V132/><F132/><W20/><G66/><T124/><D124/><U54/><E43/><V63/><F2/><N who="3" m="523" /><G51/><T50/><D107/><U129/><E129/><V11/><F78/><W131/><G131/><T58/><REACH who="0" step="1"/><D86/><REACH who="0" ten="228,291,250,221" step="2"/><U8/><E6/><V12/><F84/><W101/><G101/><T89/><D89/><U102/><E102/><V126/><F126/><W19/><G14/><T42/><D42/><U93/><E41/><V114/><F114/><W48/><G48/><T5/><D5/><U127/><E39/><V90/><F15/><W92/><G92/><T115/><D115/><U81/><E93/><V135/><F135/><W30/><G33/><T72/><D72/><N who="1" m="43175" /><E127/><V61/><F95/><W57/><G57/><T128/><D128/><U75/><E44/><V74/><F91/><W134/><G134/><T25/><AGARI ba="2,1" hai="24,25,29,31,32,35,45,50,53,58,60,67,96,98" machi="25" ten="30,12000,2" yaku="1,1,0,1,9,1,52,1,53,2" doraHai="49" doraHaiUra="26" who="0" fromWho="0" sc="228,136,291,-62,250,-32,221,-32" /><INIT seed="2,0,0,1,1,7" ten="364,229,218,189" oya="2" hai0="54,111,32,36,88,60,4,3,74,43,133,23,33" hai1="105,65,115,48,16,9,95,114,26,72,78,126,21" hai2="57,15,101,96,97,61,58,22,19,51,113,103,64" hai3="45,85,49,62,25,94,44,68,75,71,5,118,86"/><V82/><F113/><W41/><G118/><T27/><D111/><U77/><E105/><V30/><F30/><W73/><G25/><T1/><D74/><U87/><E126/><V52/><REACH who="2" step="1"/><F82/><REACH who="2" ten="364,229,208,189" step="2"/><W132/><G132/><T125/><D133/><U112/><E112/><V106/><F106/><W53/><G71/><T108/><D125/><U14/><E114/><V117/><F117/><W17/><G68/><T39/><D108/><U40/><E115/><V66/><F66/><W47/><G73/><T92/><D33/><U76/><E65/><V90/><F90/><W107/><G75/><T119/><D32/><U122/><E72/><V11/><F11/><W35/><G107/><T12/><D88/><N who="1" m="53663" /><E122/><V13/><F13/><W121/><G35/><T18/><D119/><U70/><E70/><V20/><F20/><W50/><G121/><T56/><D92/><U67/><E67/><V0/><F0/><W130/><G130/><T28/><D1/><U124/><E124/><V110/><F110/><W46/><G94/><T99/><D3/><U29/><E76/><V109/><F109/><W80/><G80/><T100/><D28/><U24/><E24/><V8/><F8/><W34/><G34/><T55/><D27/><U37/><E37/><V84/><F84/><W83/><G83/><T93/><D39/><U123/><E123/><V104/><F104/><W131/><G131/><T116/><D116/><U134/><E134/><V59/><F59/><W102/><G85/><T129/><D129/><U127/><E127/><V2/><F2/><W69/><G86/><T128/><D128/><RYUUKYOKU ba="0,1" sc="364,-15,229,15,208,15,189,-15" hai1="9,14,16,21,26,29,40,48,77,78" hai2="15,19,22,51,52,57,58,61,64,96,97,101,103" /><INIT seed="2,1,1,0,2,62" ten="349,244,223,174" oya="2" hai0="109,16,56,73,36,108,114,83,124,88,96,65,80" hai1="43,119,135,14,75,34,127,93,10,86,92,27,134" hai2="54,13,51,117,30,8,17,100,71,29,72,112,102" hai3="105,11,130,64,15,116,40,6,23,47,111,0,44"/><V123/><F112/><W91/><G116/><T79/><D36/><U118/><E75/><V101/><F117/><N who="1" m="44553" /><E43/><V41/><F123/><W121/><G121/><T32/><D32/><U9/><E86/><V85/><F72/><W46/><G130/><T31/><D31/><N who="1" m="19839" /><E93/><V70/><F41/><W68/><G105/><T45/><D45/><U19/><E92/><V69/><REACH who="2" step="1"/><F85/><REACH who="2" ten="349,244,213,174" step="2"/><W82/><G40/><T87/><D114/><U24/><E127/><V7/><F7/><W22/><G111/><T60/><D124/><U126/><E126/><V48/><F48/><W98/><G82/><T77/><D73/><U26/><E9/><V78/><F78/><W107/><G98/><T5/><D96/><U18/><E18/><V74/><F74/><W99/><G99/><T3/><D16/><U131/><E131/><V38/><F38/><W132/><G107/><T57/><D83/><U110/><E110/><N who="0" m="42601" /><D79/><U67/><E67/><V125/><F125/><W133/><G91/><T63/><D77/><U120/><E120/><V33/><F33/><W97/><G97/><T66/><D80/><U28/><E28/><V59/><AGARI ba="1,2" hai="8,13,17,29,30,51,54,59,69,70,71,100,101,102" machi="59" ten="40,3900,0" yaku="1,1,0,1,53,0" doraHai="62" doraHaiUra="35" who="2" fromWho="2" sc="349,-14,244,-14,213,62,174,-14" /><INIT seed="2,2,0,4,1,117" ten="335,230,275,160" oya="2" hai0="105,84,5,110,69,45,93,34,28,98,66,56,108" hai1="59,65,112,20,48,107,83,81,2,7,61,134,70" hai2="14,101,16,73,88,99,44,91,26,129,9,38,33" hai3="113,95,125,104,17,80,120,127,36,62,55,37,102"/><V126/><F129/><W78/><G104/><T86/><D5/><U123/><E107/><V68/><F68/><W124/><G113/><T109/><D69/><U121/><E112/><V135/><F126/><W1/><G1/><T116/><D105/><U74/><E134/><V119/><F119/><W31/><G31/><T111/><D111/><U11/><E20/><V29/><F135/><W100/><G17/><T18/><D116/><U96/><E96/><V39/><F73/><W60/><G95/><T40/><D18/><U25/><E25/><V12/><F12/><W67/><G55/><T0/><D0/><U51/><E51/><V32/><F32/><W90/><G90/><T47/><D28/><U10/><E10/><V64/><F64/><W118/><G118/><T53/><D66/><U41/><E74/><V131/><F131/><W92/><G92/><T23/><D23/><U57/><E70/><V77/><F77/><W35/><G35/><T79/><D34/><U103/><E103/><N who="3" m="39466" /><G67/><T114/><D114/><U13/><E2/><V30/><F30/><W63/><G120/><N who="1" m="46154" /><E59/><V54/><F39/><N who="3" m="14923" /><G78/><T106/><D106/><U71/><E71/><V122/><F122/><W89/><G80/><T19/><D79/><U87/><E87/><V50/><F38/><W76/><G76/><T128/><D56/><U115/><E115/><V94/><AGARI ba="2,0" hai="9,14,16,26,29,33,44,50,54,88,91,94,99,101" machi="94" ten="20,7800,0" yaku="0,1,7,1,54,2" doraHai="117" who="2" fromWho="2" sc="335,-28,230,-28,275,84,160,-28" /><INIT seed="2,3,0,4,2,41" ten="307,202,359,132" oya="2" hai0="83,36,46,94,21,117,131,1,97,52,3,32,84" hai1="31,2,91,30,19,111,60,45,90,71,66,6,54" hai2="34,130,89,96,135,13,42,92,98,107,11,72,73" hai3="110,105,8,74,133,49,47,85,25,95,102,5,75"/><V58/><F34/><W59/><G133/><T28/><D32/><U93/><E111/><V55/><F135/><W24/><G110/><T18/><D28/><U116/><E116/><V20/><F130/><W39/><G105/><T0/><D131/><U104/><E104/><V48/><F20/><W23/><G39/><T35/><D35/><U128/><E128/><V99/><F42/><W15/><G25/><T81/><D117/><U33/><E33/><V119/><F119/><W100/><G74/><T82/><D36/><U115/><E115/><V79/><F79/><W113/><G75/><T109/><D109/><U103/><E103/><V125/><F125/><W70/><G70/><T26/><D84/><U88/><E93/><V80/><F80/><W44/><G113/><T118/><D118/><U126/><E19/><V50/><F73/><W69/><G69/><T77/><D77/><U57/><E71/><V17/><F72/><W7/><G7/><T37/><D37/><U27/><E27/><V78/><F78/><W129/><G129/><T22/><D22/><U86/><E86/><N who="2" m="52279" /><F107/><W114/><G114/><T40/><D40/><U65/><E126/><V43/><F99/><N who="3" m="59519" /><G102/><T121/><D121/><U10/><REACH who="1" step="1"/><E66/><REACH who="1" ten="307,192,359,132" step="2"/><V53/><F98/><W29/><G85/><T62/><D97/><U68/><E68/><V127/><F127/><W101/><G101/><T61/><REACH who="0" step="1"/><D94/><REACH who="0" ten="297,192,359,132" step="2"/><U124/><E124/><V122/><F96/><W9/><G9/><T64/><D64/><U132/><E132/><V4/><F122/><W106/><G106/><T120/><D120/><U12/><E12/><RYUUKYOKU ba="3,2" sc="297,10,192,10,359,-30,132,10" hai0="0,1,3,18,21,26,46,52,61,62,81,82,83" hai1="2,6,10,30,31,45,54,57,60,65,88,90,91" hai3="5,8,15,23,24,29,44,47,49,59" /><INIT seed="3,4,2,0,3,78" ten="307,202,329,142" oya="3" hai0="117,43,123,41,103,96,22,20,118,134,120,72,95" hai1="29,116,36,69,76,132,88,33,87,112,130,71,64" hai2="3,39,58,126,24,89,52,60,48,102,135,49,79" hai3="115,13,121,93,94,35,4,32,128,106,110,104,77"/><W27/><G121/><T61/><D72/><U14/><E112/><V114/><F114/><W113/><G27/><T70/><D134/><U11/><E36/><V53/><F3/><W5/><G13/><T75/><D75/><U46/><E132/><V15/><F79/><W122/><G77/><T38/><D38/><U37/><E130/><V111/><F135/><W1/><G1/><T57/><D70/><U54/><E64/><V18/><F39/><W68/><G68/><T83/><D83/><U34/><E76/><V9/><F111/><W17/><G17/><T63/><D57/><U62/><E29/><V74/><F74/><W73/><G73/><T56/><D56/><U45/><E69/><V19/><F102/><W44/><G44/><T26/><D95/><U129/><E62/><V42/><F42/><W66/><G66/><T23/><D23/><U81/><E71/><V55/><F126/><W16/><G16/><N who="2" m="6185" /><F89/><W31/><G31/><T108/><D103/><U40/><E129/><V90/><F90/><W131/><G122/><T127/><D26/><U8/><E116/><V105/><F105/><W80/><G110/><T97/><REACH who="0" step="1"/><D108/><REACH who="0" ten="297,202,329,142" step="2"/><U86/><E33/><V0/><F24/><W101/><G101/><T119/><D119/><U7/><E34/><V50/><F0/><W82/><AGARI ba="4,3" hai="4,5,32,35,80,82,93,94,104,106,113,115,128,131" machi="82" ten="25,12000,1" yaku="0,1,22,2,52,2" doraHai="78" who="3" fromWho="3" sc="297,-44,202,-44,329,-44,142,162" /><INIT seed="3,5,0,2,5,32" ten="253,158,285,304" oya="3" hai0="41,120,96,74,25,19,26,130,134,102,117,80,46" hai1="135,17,56,119,128,104,97,5,105,90,6,67,24" hai2="18,70,33,7,57,60,131,28,88,123,8,22,92" hai3="87,10,108,4,13,11,114,126,100,58,81,3,53"/><W69/><G114/><T20/><D117/><U34/><E119/><V94/><F131/><W50/><G69/><T44/><D130/><U68/><E128/><V49/><F123/><W59/><G126/><T83/><D120/><U133/><E68/><V78/><F78/><W1/><G108/><T121/><D121/><U122/><E122/><V0/><F70/><W73/><G73/><T103/><D134/><U111/><E111/><V2/><F49/><W27/><G100/><T54/><D54/><U82/><E34/><V45/><F45/><W77/><G10/><T30/><D46/><U109/><E109/><V129/><F94/><W40/><G40/><T86/><D74/><U35/><E35/><V21/><F21/><W89/><G89/><T48/><D83/><U61/><E105/><V116/><F116/><W115/><G115/><T75/><D75/><U14/><E24/><V99/><F33/><W63/><REACH who="3" step="1"/><G27/><REACH who="3" ten="253,158,285,294" step="2"/><T31/><D26/><U65/><E133/><V132/><F132/><W9/><G9/><T91/><REACH who="0" step="1"/><D102/><REACH who="0" ten="243,158,285,294" step="2"/><U12/><E135/><V72/><F72/><W125/><G125/><T47/><D47/><U71/><E71/><V51/><F129/><W64/><AGARI ba="5,2" hai="1,3,4,11,13,50,53,58,59,63,64,77,81,87" machi="64" ten="20,12000,1" yaku="1,1,0,1,7,1,52,2,53,0" doraHai="32" doraHaiUra="118" who="3" fromWho="3" sc="243,-45,158,-45,285,-45,294,155" /><INIT seed="3,6,0,2,0,82" ten="198,113,240,449" oya="3" hai0="74,118,71,17,87,45,132,63,92,15,23,116,62" hai1="79,53,18,134,113,117,76,1,125,47,80,81,108" hai2="54,25,102,119,72,129,114,37,33,22,58,40,36" hai3="128,61,105,93,110,55,38,97,16,112,3,94,39"/><W90/><G112/><T30/><D74/><U56/><E1/><V69/><F72/><W6/><G105/><T49/><D132/><U41/><E113/><V12/><F114/><W101/><G128/><T64/><D62/><U131/><E108/><V135/><F119/><W130/><G130/><T85/><D30/><U100/><E131/><V57/><F69/><W121/><G121/><T96/><D116/><U133/><E100/><V124/><F37/><W91/><G110/><T95/><D118/><U2/><E2/><V35/><F35/><W68/><G101/><T9/><D23/><U32/><E32/><V52/><F33/><W77/><G77/><T66/><D66/><U111/><E111/><V21/><F102/><W0/><G6/><T75/><D75/><U126/><E18/><V20/><F135/><N who="1" m="51721" /><E80/><V122/><F122/><W103/><G103/><T50/><D50/><N who="1" m="30775" /><E76/><V59/><F129/><W51/><G68/><T127/><D127/><U104/><E104/><V29/><F124/><W24/><G0/><T46/><D46/><U26/><E26/><V4/><F25/><W43/><G3/><T109/><D109/><U5/><E5/><V48/><F29/><W70/><G70/><T10/><D10/><U98/><E98/><V60/><F4/><W88/><G97/><T65/><D65/><U123/><E123/><V8/><F8/><W28/><G28/><T27/><D27/><U13/><E13/><V86/><F12/><W7/><G24/><T120/><D120/><U84/><E117/><V78/><F60/><W14/><G7/><T44/><D96/><RYUUKYOKU ba="6,0" sc="198,-10,113,30,240,-10,449,-10" hai1="41,47,79,81,84,125,126" /><INIT seed="4,7,0,5,3,49" ten="188,143,230,439" oya="0" hai0="100,26,93,46,84,82,131,32,54,34,40,44,2" hai1="55,72,110,128,120,10,105,27,8,70,36,102,95" hai2="94,62,86,17,30,109,65,99,4,74,13,132,23" hai3="81,50,43,47,63,28,90,37,92,41,119,11,76"/><T53/><D2/><U20/><E110/><V64/><F109/><W22/><G119/><T45/><D40/><U3/><E120/><V124/><F74/><W60/><G37/><T29/><D34/><U57/><E70/><V68/><F132/><W58/><G41/><T85/><D131/><U114/><E105/><V127/><F65/><W123/><G123/><T7/><D7/><U51/><E72/><V88/><F4/><W106/><G106/><T79/><REACH who="0" step="1"/><D85/><REACH who="0" ten="178,143,230,439" step="2"/><U97/><E128/><V39/><F39/><W52/><G11/><T19/><D19/><U108/><E36/><V130/><F130/><W87/><G28/><T118/><D118/><U48/><E3/><V1/><F1/><W91/><G22/><T12/><D12/><U121/><E121/><V112/><F30/><W113/><G113/><T16/><D16/><N who="1" m="12679" /><E114/><V5/><F5/><W71/><G71/><T78/><D78/><U42/><E108/><V129/><F129/><W24/><G24/><T33/><D33/><U9/><E42/><V56/><F112/><W61/><REACH who="3" step="1"/><G90/><REACH who="3" ten="178,143,230,429" step="2"/><T89/><D89/><U111/><E111/><V96/><F68/><W104/><G104/><T80/><D80/><U6/><E6/><V31/><F31/><W75/><AGARI ba="7,2" hai="43,47,50,52,58,60,61,63,75,76,81,87,91,92" machi="75" ten="20,8000,1" yaku="1,1,0,1,7,1,52,1,54,1,53,0" doraHai="49" doraHaiUra="115" who="3" fromWho="3" sc="178,-47,143,-27,230,-27,429,121" /><INIT seed="5,0,0,3,0,134" ten="131,116,203,550" oya="1" hai0="13,39,1,96,71,8,75,89,38,37,77,45,93" hai1="0,82,46,78,3,90,43,133,104,72,19,62,118" hai2="51,9,7,127,125,27,50,2,100,55,116,105,59" hai3="15,48,98,99,21,54,26,36,132,101,41,120,16"/><U34/><E118/><V80/><F116/><W25/><G120/><T123/><D123/><U91/><E133/><V85/><F27/><W58/><G132/><T30/><D71/><U49/><E34/><V87/><F87/><W52/><G98/><T35/><D30/><U12/><E104/><V22/><F22/><W17/><G36/><T86/><D35/><U81/><E62/><V69/><F69/><W14/><G41/><T128/><D128/><U129/><E129/><V84/><F84/><W66/><G66/><T110/><D110/><U126/><E126/><N who="2" m="48139" /><F100/><W95/><G54/><T115/><D86/><U135/><E135/><V4/><F4/><W108/><G108/><T56/><D77/><U32/><E32/><V65/><F65/><W6/><G6/><T122/><D122/><U47/><E81/><V11/><F11/><AGARI ba="0,0" hai="11,14,15,16,17,21,25,26,48,52,58,95,99,101" machi="11" ten="30,7700,0" yaku="7,1,8,1,54,2" doraHai="134" who="3" fromWho="2" sc="131,0,116,0,203,-77,550,77" /><INIT seed="6,0,0,3,5,93" ten="131,116,126,627" oya="2" hai0="47,20,77,36,131,95,126,105,106,5,46,76,19" hai1="32,100,104,57,53,85,0,60,56,40,30,129,90" hai2="17,120,98,108,82,34,84,45,54,9,28,22,11" hai3="14,79,64,59,7,73,39,29,67,12,37,78,133"/><V62/><F120/><W101/><G29/><T2/><D126/><U91/><E129/><V80/><F108/><W132/><G59/><T114/><D131/><U58/><E0/><V70/><F82/><W33/><G101/><T26/><D2/><U75/><E75/><V112/><F112/><W110/><G7/><T109/><D109/><U31/><E40/><V61/><F34/><W124/><G110/><T41/><D5/><U16/><E104/><V97/><F70/><W42/><G42/><T123/><D123/><U107/><E107/><V92/><F28/><N who="1" m="10793" /><E100/><V83/><F45/><W66/><G73/><T38/><D105/><U89/><E32/><V55/><F92/><W50/><G50/><T49/><D106/><U68/><E68/><V4/><F4/><W25/><G25/><T111/><D114/><U128/><E128/><V130/><F130/><W125/><G64/><T71/><D71/><U88/><E16/><V6/><F6/><W35/><AGARI ba="0,0" hai="12,14,33,35,37,39,66,67,78,79,124,125,132,133" machi="35" ten="25,3200,0" yaku="0,1,22,2" doraHai="93" who="3" fromWho="3" sc="131,-8,116,-8,126,-16,627,32" /><INIT seed="7,0,0,5,4,133" ten="123,108,110,659" oya="3" hai0="37,96,127,14,46,92,90,94,112,21,131,129,34" hai1="117,48,84,54,103,74,47,122,15,81,53,68,41" hai2="51,93,106,75,63,58,35,29,28,72,82,27,57" hai3="120,102,107,109,2,88,62,49,87,30,100,126,73"/><W134/><G30/><T11/><D127/><U101/><E74/><V121/><F106/><W52/><G120/><T83/><D34/><U123/><E68/><V85/><F121/><W132/><G2/><T1/><D1/><U99/><E117/><V22/><F29/><W64/><G73/><T0/><D0/><U78/><E122/><V105/><F105/><W5/><G5/><T66/><D66/><U110/><E110/><V16/><F93/><W25/><G25/><T118/><D21/><U8/><E123/><V115/><F51/><W31/><G31/><T45/><D112/><U89/><E89/><V56/><F115/><W130/><G107/><T80/><D94/><N who="1" m="58615" /><E103/><V114/><F114/><W12/><G12/><T7/><D118/><U108/><E108/><V76/><REACH who="2" step="1"/><F63/><REACH who="2" ten="123,108,100,659" step="2"/><W60/><G60/><T116/><D116/><U19/><AGARI ba="0,1" hai="8,15,19,41,47,48,53,54,78,81,84" m="58615" machi="19" ten="30,1100,0" yaku="8,1" doraHai="133" who="1" fromWho="1" sc="123,-3,108,21,100,-3,659,-5" owari="120,-28.0,129,-7.1,97,-40.3,654,75.4" /></mjloggm>