<mjloggm ver="2.3"><GO type="169" lobby="0"/><UN n0="%41%2E%53%74%61%72%73" n1="%74%73%75%6B%69%31" n2="%E2%97%8E%E3%82%88%E3%81%97%E2%97%8E" n3="%52%65%61%6C%58" dan="16,16,16,16" rate="2058.51,2151.01,2156.38,2169.96" sx="M,M,M,F"/><TAIKYOKU oya="0"/><INIT seed="0,0,0,0,3,127" ten="250,250,250,250" oya="0" hai0="104,72,5,125,96,36,48,80,14,117,115,8,116" hai1="121,32,91,93,114,103,25,19,75,18,35,87,81" hai2="131,62,74,0,98,31,120,84,83,26,128,61,119" hai3="12,102,11,101,113,130,126,2,1,47,50,97,41"/><T58/><D115/><U51/><E121/><V94/><F120/><W63/><G113/><T70/><D125/><U43/><E114/><V24/><F74/><W66/><G126/><T39/><D70/><U64/><E64/><V132/><F0/><W134/><G134/><T69/><D69/><U28/><E35/><N who="2" m="20967" /><F26/><W108/><G108/><T82/><D36/><U16/><E103/><N who="2" m="60887" /><F132/><W65/><G65/><T118/><D39/><U57/><E57/><V68/><F68/><W30/><G30/><T73/><D73/><U4/><E4/><V124/><F124/><W89/><G89/><T56/><D48/><U55/><E55/><V27/><F27/><W112/><G112/><T67/><D72/><U135/><E135/><V29/><F29/><W15/><G15/><T23/><D23/><U34/><E34/><V46/><F46/><W20/><G20/><T106/><D96/><U77/><REACH who="1" step="1"/><E19/><REACH who="1" ten="250,240,250,250" step="2"/><V99/><F119/><W123/><G123/><T40/><D58/><U7/><E7/><V129/><F99/><W37/><G97/><T33/><D33/><U109/><E109/><V78/><AGARI ba="0,1" hai="61,62,78,83,84,128,129,131" m="60887,20967" machi="78" ten="30,7900,0" yaku="19,1,52,3" doraHai="127" who="2" fromWho="2" sc="250,-39,240,-20,250,89,250,-20" /><INIT seed="1,0,0,4,4,79" ten="211,220,339,230" oya="1" hai0="120,5,36,37,39,111,134,66,73,51,72,69,115" hai1="76,14,19,1,127,64,3,107,129,104,13,60,94" hai2="12,35,117,81,53,103,93,99,130,106,86,50,38" hai3="95,45,29,43,62,17,89,20,128,88,108,135,121"/><U49/><E129/><V96/><F130/><W23/><G121/><T65/><D115/><U2/><E127/><V97/><F117/><W7/><G128/><T133/><D120/><U31/><E31/><V46/><F35/><W55/><G108/><T54/><D5/><U26/><E26/><V22/><F38/><W105/><G105/><T0/><D0/><U28/><E28/><V100/><F106/><W8/><G135/><N who="0" m="51723" /><D111/><U78/><E107/><V33/><F33/><W101/><G101/><T109/><D109/><U119/><E104/><V110/><F110/><W126/><G126/><T80/><D69/><U91/><E49/><V70/><F70/><W57/><G29/><T68/><D68/><U9/><E13/><V32/><F32/><W63/><G63/><T85/><D73/><U44/><E44/><V125/><F103/><W112/><G112/><T25/><D25/><U83/><E119/><V82/><F125/><W123/><G123/><T132/><N who="0" m="51731" /><T6/><DORA hai="92" /><D6/><U58/><REACH who="1" step="1"/><E83/><REACH who="1" ten="211,210,339,230" step="2"/><N who="2" m="31755" /><F86/><AGARI ba="0,1" hai="1,2,3,9,14,19,58,60,64,76,78,86,91,94" machi="86" ten="40,3900,0" yaku="1,1,53,1" doraHai="79,92" doraHaiUra="11,71" who="1" fromWho="2" sc="211,0,210,49,339,-39,230,0" /><INIT seed="1,1,0,1,0,105" ten="211,259,300,230" oya="1" hai0="82,102,76,117,130,18,38,94,43,124,31,29,111" hai1="67,74,50,96,97,132,101,66,69,56,73,3,49" hai2="22,103,70,65,123,30,133,110,23,84,53,87,10" hai3="61,72,71,58,41,90,79,127,88,36,129,126,80"/><U100/><E56/><V75/><F123/><W134/><G71/><T48/><D117/><U0/><REACH who="1" step="1"/><E132/><REACH who="1" ten="211,249,300,230" step="2"/><V40/><F133/><W108/><G134/><T39/><D124/><U106/><E106/><V116/><F70/><AGARI ba="1,1" hai="0,3,49,50,66,67,69,70,73,74,96,97,100,101" machi="70" ten="25,12000,1" yaku="1,1,22,2,52,2,53,0" doraHai="105" doraHaiUra="59" who="1" fromWho="2" sc="211,0,249,133,300,-123,230,0" /><INIT seed="1,2,0,5,0,129" ten="211,382,177,230" oya="1" hai0="102,44,92,30,120,31,66,114,10,134,60,112,12" hai1="28,131,119,6,24,19,58,53,125,111,88,9,41" hai2="91,52,116,65,78,54,115,45,11,61,1,51,8" hai3="107,132,64,124,133,50,109,17,128,72,126,77,127"/><U29/><E119/><V5/><F116/><W26/><G107/><T33/><D120/><U25/><E131/><V32/><F115/><W43/><G109/><T101/><D114/><U69/><E69/><V21/><F32/><W23/><G64/><T87/><D112/><U106/><E106/><V83/><F91/><W56/><G72/><T7/><D33/><U57/><E41/><V13/><F21/><W49/><G77/><T94/><D44/><U63/><E111/><V90/><F90/><W108/><G108/><T130/><D130/><U67/><E125/><V96/><F96/><W123/><G123/><T40/><D40/><U98/><E19/><V20/><F20/><W22/><G22/><T104/><D104/><U47/><E47/><V113/><F113/><W85/><G85/><T35/><D35/><U89/><E25/><V99/><F99/><W75/><G75/><T55/><D55/><U2/><E24/><V46/><F46/><N who="3" m="25823" /><G128/><T68/><D134/><N who="3" m="51817" /><G127/><T3/><D87/><U74/><E74/><V80/><F78/><W97/><G97/><T70/><D66/><U48/><E89/><V39/><F65/><W100/><G100/><T95/><D102/><U118/><E118/><V84/><F84/><W122/><G122/><T110/><D101/><U59/><E98/><V135/><F135/><W117/><G117/><T82/><D110/><U105/><E105/><V42/><F39/><W103/><G103/><T121/><D121/><U81/><E58/><N who="2" m="35015" /><F42/><W16/><G17/><T18/><D18/><U62/><E88/><V15/><F8/><W73/><G73/><RYUUKYOKU ba="2,0" sc="211,-15,382,-15,177,15,230,15" hai2="1,5,11,13,15,45,51,54,80,83" hai3="16,23,26,50,56,124,126" /><INIT seed="2,3,0,4,0,40" ten="196,367,192,245" oya="2" hai0="126,90,94,31,2,64,133,43,80,114,108,70,57" hai1="4,63,45,44,104,26,18,62,88,28,121,105,60" hai2="115,132,54,6,98,131,17,47,3,84,110,71,102" hai3="128,61,99,135,10,97,59,123,19,127,30,134,66"/><V35/><F115/><W32/><G123/><T56/><D114/><U81/><E121/><V39/><F35/><W1/><G128/><T34/><D108/><U42/><E4/><V77/><F71/><W14/><G127/><T112/><D112/><U20/><E105/><V22/><F131/><W122/><G122/><T125/><D2/><U111/><E104/><V69/><F69/><W130/><G130/><T16/><D80/><U93/><E42/><V50/><F39/><W9/><G30/><T7/><D7/><U13/><E81/><V21/><F132/><N who="3" m="50731" /><G32/><T95/><D133/><U120/><E111/><V49/><F110/><W103/><G103/><T86/><D70/><U117/><E117/><V109/><F109/><W79/><G79/><T37/><D31/><U91/><E120/><V51/><F77/><W92/><G92/><T24/><D34/><U58/><E58/><V67/><F84/><W83/><G83/><T85/><D57/><U89/><E93/><V52/><F6/><AGARI ba="3,0" hai="1,6,9,10,14,19,59,61,66,97,99" m="50731" machi="6" ten="30,1000,0" yaku="20,1" doraHai="40" who="3" fromWho="2" sc="196,0,367,0,192,-19,245,19" /><INIT seed="3,0,0,3,4,91" ten="196,367,173,264" oya="3" hai0="46,22,127,17,80,123,36,99,129,71,119,5,81" hai1="120,55,75,57,130,118,90,93,94,64,87,23,8" hai2="77,44,105,106,43,9,29,89,68,96,21,111,85" hai3="37,92,3,11,0,52,30,45,49,108,132,59,100"/><W7/><G100/><T24/><D119/><U60/><E120/><V35/><F35/><W12/><G132/><T78/><D123/><U133/><E133/><V32/><F32/><W109/><G30/><T38/><D71/><U112/><E112/><V28/><F68/><W6/><G6/><T14/><D127/><U20/><E75/><V98/><F77/><W16/><G7/><T48/><D129/><U69/><E118/><V15/><F106/><W51/><G92/><T67/><D67/><U54/><E8/><V41/><F105/><W124/><G37/><T86/><D99/><N who="2" m="37930" /><F44/><W50/><G124/><T82/><D38/><U25/><E130/><V102/><F102/><W56/><G56/><T88/><D36/><U66/><E20/><V79/><F79/><W40/><REACH who="3" step="1"/><G51/><REACH who="3" ten="196,367,173,254" step="2"/><T72/><D72/><U61/><E94/><N who="2" m="54575" /><F29/><AGARI ba="0,1" hai="23,25,29,54,55,57,60,61,64,66,69,87,90,93" machi="29" ten="30,2000,0" yaku="7,1,52,1" doraHai="91" who="1" fromWho="2" sc="196,0,367,30,173,-20,254,0" /><INIT seed="4,0,0,2,3,78" ten="196,397,153,254" oya="0" hai0="125,135,67,32,39,41,8,131,91,57,13,48,5" hai1="105,94,122,101,54,96,100,58,17,98,63,89,35" hai2="36,9,120,103,74,99,115,21,123,126,112,56,117" hai3="25,11,52,73,14,65,50,129,130,19,26,44,81"/><T7/><D125/><U70/><E122/><N who="2" m="46635" /><F36/><W132/><G132/><T28/><D135/><U24/><E70/><V118/><F56/><W83/><G73/><T92/><D131/><N who="3" m="50185" /><G65/><T64/><D39/><U93/><E35/><V121/><N who="2" m="46643" /><V1/><DORA hai="27" /><F21/><N who="3" m="13503" /><G26/><T90/><D32/><U116/><E116/><N who="2" m="44651" /><F9/><W97/><G97/><T49/><D7/><AGARI ba="0,0" hai="7,11,14,44,50,52,81,83" m="13503,50185" machi="7" ten="30,7700,0" yaku="19,1,52,2,54,1" doraHai="78,27" who="3" fromWho="0" sc="196,-77,397,0,153,0,254,77" /><INIT seed="5,0,0,1,4,122" ten="119,397,153,331" oya="1" hai0="80,77,113,107,25,69,124,111,82,55,52,119,86" hai1="53,92,65,51,105,58,87,61,66,90,64,91,16" hai2="101,70,103,134,20,26,127,123,88,125,13,74,114" hai3="135,42,106,131,85,47,59,117,99,5,12,37,112"/><U83/><E105/><V40/><F123/><W50/><G112/><T73/><D119/><U109/><E109/><V81/><F70/><W97/><G131/><T14/><D113/><U60/><REACH who="1" step="1"/><E16/><REACH who="1" ten="119,387,153,331" step="2"/><N who="2" m="12551" /><F114/><W75/><G106/><T133/><D107/><U15/><E15/><V132/><F13/><W93/><G12/><T30/><D14/><U57/><E57/><V7/><F7/><W21/><G5/><T94/><D69/><U32/><E32/><V2/><F2/><W11/><G59/><T71/><D71/><U49/><E49/><V56/><F56/><W78/><G50/><T29/><D111/><U121/><E121/><V67/><F67/><W128/><G21/><T130/><D130/><U8/><E8/><V38/><F38/><W18/><G128/><T35/><D124/><N who="2" m="47690" /><F40/><W43/><G42/><T89/><D133/><N who="2" m="51306" /><F74/><W4/><G75/><T95/><D30/><U22/><E22/><V9/><F9/><W100/><G11/><T10/><D10/><U0/><E0/><V84/><AGARI ba="0,1" hai="81,84,88,101,103" m="51306,47690,12551" machi="84" ten="40,8000,1" yaku="18,1,20,1,54,2" doraHai="122" who="2" fromWho="2" sc="119,-20,387,-40,153,90,331,-20" /><INIT seed="6,0,0,2,2,21" ten="99,347,243,311" oya="2" hai0="61,112,99,106,26,124,24,18,104,13,4,17,52" hai1="101,19,10,58,134,44,62,80,65,64,25,81,107" hai2="89,15,70,30,37,68,122,82,105,42,3,95,125" hai3="8,43,31,53,102,111,110,85,79,76,20,12,129"/><V7/><F122/><W114/><G129/><T0/><D112/><U115/><E115/><V118/><F118/><W77/><G114/><T55/><D124/><U93/><E107/><V86/><F105/><W47/><G102/><T38/><D38/><U130/><E130/><V16/><F30/><W69/><G69/><T126/><D126/><U14/><E134/><V113/><F125/><W132/><G132/><T91/><D0/><U59/><E44/><V97/><F7/><W133/><G133/><T49/><D106/><U36/><E36/><V87/><F87/><W67/><G67/><T84/><D4/><U2/><E2/><V74/><F74/><W98/><G98/><T6/><D6/><U88/><E101/><V108/><F108/><W78/><G53/><T48/><D61/><N who="1" m="37943" /><E25/><N who="0" m="9833" /><D99/><AGARI ba="0,0" hai="10,14,19,59,62,65,80,81,88,93,99" m="37943" machi="99" ten="30,2000,0" yaku="8,1,54,1" doraHai="21" who="1" fromWho="0" sc="99,-20,347,20,243,0,311,0" /><INIT seed="7,0,0,5,5,92" ten="79,367,243,311" oya="3" hai0="51,45,121,70,113,9,64,107,65,118,134,21,5" hai1="75,14,74,88,130,68,111,123,53,108,55,12,11" hai2="86,10,69,58,52,79,22,96,50,17,42,78,62" hai3="23,119,114,46,125,80,38,83,104,41,1,91,43"/><W129/><G119/><T82/><D118/><U97/><E68/><V24/><F69/><W93/><G104/><T31/><D121/><U30/><E123/><V0/><F0/><W116/><G116/><T127/><D127/><U67/><E67/><V106/><F106/><W28/><G125/><T13/><D134/><U60/><E30/><V72/><F72/><W85/><G129/><T112/><D107/><U102/><E88/><V39/><F39/><W124/><G124/><T101/><D101/><U2/><E2/><V20/><F10/><W115/><G43/><T132/><D132/><U49/><E130/><V117/><F117/><W56/><G56/><T135/><D135/><U120/><E120/><V63/><F22/><W35/><G35/><T66/><D70/><U122/><E122/><V84/><F42/><W16/><G28/><T133/><D133/><U26/><E74/><V87/><F96/><N who="3" m="57407" /><G1/><T94/><D113/><N who="3" m="43017" /><G85/><T98/><D112/><U81/><E75/><V109/><REACH who="2" step="1"/><F109/><REACH who="2" ten="79,367,233,311" step="2"/><W18/><G18/><T29/><D21/><U54/><E111/><V27/><F27/><AGARI ba="0,1" hai="16,23,27,38,41,46,80,83" m="43017,57407" machi="27" ten="30,5800,0" yaku="15,1,52,1,54,1" doraHai="92" who="3" fromWho="2" sc="79,0,367,0,233,-58,311,68" owari="79,-42.1,367,16.7,175,-22.5,379,47.9" /></mjloggm>