<mjloggm ver="2.3"><GO type="169" lobby="0"/><UN n0="%E9%A2%A8%E3%81%A7%E9%B3%B4%E3%81%8F" n1="%E6%81%8B%E3%81%AE%E3%81%86%E3%81%9F" n2="%6E%61%67%61%69%6D%6F" n3="%E7%8A%B6%E6%85%8B%E9%BA%BB%E9%9B%80" dan="17,17,16,17" rate="2193.37,2271.63,2145.45,2208.75" sx="M,M,M,M"/><TAIKYOKU oya="0"/><INIT seed="0,0,0,0,4,131" ten="250,250,250,250" oya="0" hai0="109,89,63,28,96,59,49,51,40,124,66,30,92" hai1="37,2,105,75,113,125,126,98,99,32,31,15,69" hai2="61,21,118,41,20,17,46,95,130,133,87,34,115" hai3="101,16,82,29,10,70,100,81,122,135,91,1,58"/><T74/><D74/><U121/><RYUUKYOKU type="yao9" ba="0,0" sc="250,0,250,0,250,0,250,0" hai1="2,15,31,32,37,69,75,98,99,105,113,121,125,126" /><INIT seed="0,1,0,2,5,101" ten="250,250,250,250" oya="0" hai0="46,114,95,60,48,57,69,72,61,43,26,128,94" hai1="74,124,80,39,66,71,20,49,122,67,59,85,117" hai2="109,92,68,2,58,70,89,56,73,44,63,130,132" hai3="121,8,16,107,93,105,3,31,19,12,81,116,87"/><T125/><D72/><U65/><E117/><V1/><F73/><W113/><G116/><T119/><D119/><U86/><E39/><V34/><F34/><W110/><G113/><T131/><D114/><U120/><E71/><V13/><F132/><W23/><G110/><T91/><D125/><U134/><E74/><V9/><F109/><W100/><G31/><T37/><D26/><U123/><E134/><V11/><F44/><W78/><G121/><T24/><D24/><U33/><E33/><V41/><F41/><W64/><G64/><N who="0" m="41095" /><D91/><U84/><E20/><V108/><F108/><W36/><G36/><T79/><D79/><U90/><E124/><V47/><F47/><W17/><G3/><T42/><D42/><U28/><E28/><V14/><F63/><W27/><REACH who="3" step="1"/><G19/><REACH who="3" ten="250,250,250,240" step="2"/><T129/><D37/><U0/><E0/><V97/><F1/><W5/><G5/><T40/><D43/><U29/><E29/><V82/><F2/><W32/><G32/><T96/><D96/><AGARI ba="1,1" hai="8,12,16,17,23,27,78,81,87,93,96,100,105,107" machi="96" ten="40,8000,1" yaku="1,1,52,2,54,1,53,0" doraHai="101" doraHaiUra="112" who="3" fromWho="0" sc="250,-83,250,0,250,0,240,93" /><INIT seed="1,0,0,3,0,17" ten="167,250,250,333" oya="1" hai0="86,70,113,75,126,80,6,132,14,106,96,65,114" hai1="56,13,110,98,127,40,88,103,36,23,107,87,41" hai2="46,71,78,68,93,129,50,128,49,25,16,76,0" hai3="104,130,82,92,57,37,90,38,24,2,18,124,125"/><U20/><E127/><N who="3" m="48714" /><G104/><T100/><D126/><U39/><E110/><V119/><F0/><W118/><G2/><T19/><D6/><U55/><E36/><V8/><F119/><W59/><G82/><T58/><D70/><U34/><E34/><V73/><F93/><W63/><G130/><T5/><D5/><U52/><E55/><V115/><F115/><W35/><G59/><T122/><D122/><U12/><E12/><V48/><F46/><W15/><G24/><T33/><D33/><U111/><E111/><V81/><F78/><W84/><G35/><T112/><D75/><U109/><E109/><V72/><F72/><W31/><G31/><T21/><D132/><U108/><E108/><V1/><F1/><W43/><G43/><T45/><D45/><U79/><E79/><V83/><F83/><W99/><G99/><T135/><D135/><U64/><E64/><V3/><F3/><W54/><G118/><T69/><D69/><U51/><E13/><V85/><F73/><W27/><G27/><T47/><D47/><U101/><E39/><V133/><F133/><W121/><G121/><T105/><D105/><U32/><E32/><V123/><F123/><W102/><G102/><N who="1" m="38922" /><E98/><V89/><F76/><W77/><G77/><T61/><REACH who="0" step="1"/><D112/><REACH who="0" ten="157,250,250,333" step="2"/><U28/><E107/><V131/><F71/><W62/><G38/><T29/><D29/><U120/><E28/><V94/><F68/><W44/><G37/><T7/><D7/><U22/><E120/><V42/><F131/><W53/><G44/><T67/><D67/><U97/><E97/><V30/><F129/><RYUUKYOKU ba="0,1" sc="157,15,250,15,250,-15,333,-15" hai0="14,19,21,58,61,65,80,86,96,100,106,113,114" hai1="20,22,23,40,41,51,52,56,87,88" /><INIT seed="1,1,1,5,3,125" ten="172,265,235,318" oya="1" hai0="54,19,43,102,76,9,30,40,101,1,117,107,89" hai1="8,114,108,132,91,70,57,88,28,15,103,38,87" hai2="62,23,26,79,118,52,65,77,85,106,127,49,45" hai3="59,11,41,134,98,74,50,64,133,130,84,0,14"/><U55/><E114/><V93/><F106/><W25/><G74/><T61/><D117/><U56/><E70/><V29/><F127/><W3/><G130/><T94/><D76/><U86/><E38/><V122/><F122/><W128/><G128/><T78/><D78/><U72/><E72/><V112/><F112/><W60/><G84/><T46/><D30/><U71/><E71/><V39/><F39/><W99/><G25/><T53/><D1/><N who="3" m="585" /><G50/><N who="0" m="28887" /><D107/><U124/><E132/><N who="3" m="50794" /><G41/><N who="0" m="15947" /><D19/><AGARI ba="1,1" hai="11,14,19,59,60,64,98,99" m="50794,585" machi="19" ten="30,1000,0" yaku="20,1" doraHai="125" who="3" fromWho="0" sc="172,-13,265,0,235,0,318,23" /><INIT seed="2,0,0,5,1,53" ten="159,265,235,341" oya="2" hai0="90,134,15,50,116,13,37,91,2,62,104,47,63" hai1="118,8,48,122,120,44,124,10,55,73,42,24,21" hai2="19,12,95,101,92,121,41,51,56,46,33,106,39" hai3="112,75,93,16,67,45,5,57,100,34,115,7,128"/><V9/><F121/><N who="1" m="46697" /><E73/><V135/><F33/><W89/><G128/><T36/><D104/><U0/><E0/><V127/><F135/><W1/><G75/><T84/><D2/><U125/><E118/><V43/><F127/><N who="1" m="48713" /><E42/><V78/><F78/><W81/><G34/><T64/><D116/><U30/><AGARI ba="0,0" hai="8,10,21,24,30,44,48,55" m="48713,46697" machi="30" ten="30,2000,0" yaku="13,1,18,1" doraHai="53" who="1" fromWho="1" sc="159,-5,265,20,235,-10,341,-5" /><INIT seed="3,0,0,5,4,56" ten="154,285,225,336" oya="3" hai0="122,99,103,62,96,35,25,68,58,91,90,95,128" hai1="123,51,135,126,24,34,48,63,55,70,16,79,72" hai2="107,120,67,19,124,52,22,14,60,2,80,106,28" hai3="38,132,6,114,111,20,13,57,77,89,73,84,86"/><W41/><G114/><T12/><D122/><U17/><E123/><V102/><F2/><W133/><G111/><T45/><D128/><U10/><E135/><N who="3" m="51786" /><G73/><T1/><D1/><U104/><E104/><V93/><F120/><W39/><G41/><T5/><D45/><U65/><E126/><V32/><F124/><W109/><G109/><T100/><D5/><U113/><E113/><V101/><F80/><N who="3" m="47119" /><G57/><T69/><D12/><U105/><E105/><V115/><F115/><W81/><G20/><T40/><D40/><U119/><E119/><V23/><F32/><W75/><G75/><T116/><D116/><U112/><E112/><V130/><F130/><W47/><G47/><T85/><D68/><U74/><E74/><V36/><F36/><W3/><G3/><T50/><D50/><U131/><E51/><V37/><F37/><W117/><G117/><T92/><D69/><U46/><E131/><V76/><F76/><W0/><G0/><T49/><D49/><U87/><E72/><V97/><F102/><W42/><G42/><T110/><D110/><U44/><E44/><V7/><F7/><W108/><G108/><T43/><D43/><U118/><E118/><V8/><F23/><W31/><G31/><T30/><REACH who="0" step="1"/><D85/><REACH who="0" ten="144,285,225,336" step="2"/><U9/><E87/><V11/><F11/><AGARI ba="0,1" hai="6,11,13,38,39,81,86,89" m="47119,51786" machi="11" ten="30,1500,0" yaku="20,1" doraHai="56" who="3" fromWho="2" sc="144,0,285,0,225,-15,336,25" /><INIT seed="3,1,0,2,1,0" ten="144,285,210,361" oya="3" hai0="9,79,32,31,36,99,128,22,23,80,17,112,12" hai1="68,75,84,131,132,69,56,98,39,127,48,129,57" hai2="67,21,65,4,76,100,47,73,72,30,96,122,130" hai3="40,43,111,10,45,97,125,60,1,119,51,61,58"/><W89/><G119/><T123/><D36/><U70/><E75/><V87/><F130/><N who="1" m="49673" /><E84/><V105/><F122/><W82/><G125/><T52/><D128/><U35/><E35/><V5/><F73/><W83/><G111/><T90/><D123/><U92/><E92/><V59/><F72/><W19/><G43/><T104/><D112/><U37/><E98/><V64/><F47/><W42/><G42/><T18/><D79/><U95/><E95/><V24/><REACH who="2" step="1"/><F59/><REACH who="2" ten="144,285,200,361" step="2"/><N who="1" m="22601" /><E127/><V114/><F114/><W113/><G113/><T108/><D108/><U53/><E132/><V55/><F55/><W44/><G44/><AGARI ba="1,1" hai="37,39,44,48,53,68,69,70" m="22601,49673" machi="44" ten="40,5200,0" yaku="19,1,34,2" doraHai="0" who="1" fromWho="3" sc="144,0,285,65,200,0,361,-55" /><INIT seed="4,0,0,3,0,16" ten="144,350,200,306" oya="0" hai0="81,0,17,35,104,91,78,114,60,29,62,59,87" hai1="110,72,79,119,83,9,93,92,44,63,45,21,57" hai2="117,66,36,61,103,88,107,80,74,19,109,2,51" hai3="55,52,23,71,130,106,116,5,56,33,10,69,11"/><T96/><D114/><U108/><E119/><V31/><F36/><W76/><G33/><T131/><D131/><U90/><E93/><V128/><F2/><W38/><G116/><T32/><D0/><U102/><E102/><V26/><F128/><W65/><G38/><T12/><D29/><U113/><E9/><V20/><F117/><W120/><G130/><T82/><D62/><U132/><E132/><V50/><F109/><W8/><G106/><T58/><D59/><U48/><E44/><V7/><F7/><W73/><G120/><T133/><D133/><U54/><E21/><V123/><F123/><W41/><G41/><T39/><D39/><U129/><E113/><V101/><F74/><W3/><G55/><T6/><D6/><U37/><E37/><V94/><F107/><W4/><G65/><T47/><D47/><U135/><E135/><V18/><F80/><W70/><G3/><T46/><D46/><U127/><E127/><V25/><F103/><W43/><G43/><T27/><D104/><U115/><E115/><V121/><F101/><W1/><G1/><T30/><D35/><U34/><E34/><V24/><F121/><W40/><G40/><T105/><D105/><U122/><E122/><V77/><F77/><W84/><G73/><N who="0" m="43215" /><D96/><U124/><E124/><V134/><F134/><W89/><G76/><T112/><D112/><U111/><E129/><V98/><F31/><W28/><G28/><T42/><D42/><N who="1" m="24631" /><E110/><V100/><F100/><W49/><REACH who="3" step="1"/><G23/><REACH who="3" ten="144,350,200,296" step="2"/><N who="0" m="11687" /><D58/><U53/><E53/><V67/><F67/><W126/><G126/><T86/><D60/><RYUUKYOKU ba="0,1" sc="144,10,350,10,200,-30,296,10" hai0="27,30,32,82,86,87,91" hai1="54,57,63,72,79,83,90,92,108,111" hai3="4,5,8,10,11,49,52,56,69,70,71,84,89" /><INIT seed="4,1,1,4,3,69" ten="154,360,170,306" oya="0" hai0="49,68,87,128,59,109,52,95,60,3,11,94,71" hai1="78,13,113,79,0,18,106,50,1,45,84,108,8" hai2="107,76,90,133,6,104,12,118,7,135,43,39,103" hai3="131,130,37,99,83,4,35,91,64,97,31,88,44"/><T40/><D128/><N who="3" m="49193" /><G64/><T53/><D40/><U38/><E108/><V20/><F76/><W100/><G4/><T74/><D74/><U24/><E106/><V62/><F62/><W51/><G83/><T65/><D109/><U15/><E24/><V96/><F107/><N who="3" m="63887" /><G99/><T36/><D36/><U119/><E0/><V19/><F90/><W127/><G127/><T75/><D75/><U134/><E1/><V89/><F89/><W5/><G5/><T120/><D120/><U29/><E78/><V114/><F114/><W101/><G101/><T10/><D71/><U32/><E113/><V85/><F85/><W80/><G80/><T47/><D3/><U66/><E66/><V34/><F34/><W112/><G112/><T98/><D87/><U9/><E84/><V16/><F118/><W61/><G61/><T110/><D110/><U77/><E119/><V46/><REACH who="2" step="1"/><F19/><REACH who="2" ten="154,360,160,306" step="2"/><W81/><G81/><T57/><D68/><U58/><E79/><V17/><F17/><W42/><G35/><T126/><D126/><U22/><E32/><V26/><F26/><W56/><G31/><T121/><D121/><U117/><E29/><V93/><F93/><N who="0" m="35338" /><D98/><U82/><E117/><V102/><F102/><W72/><G72/><T27/><D27/><U123/><E123/><V67/><F67/><W21/><G21/><T129/><D129/><U54/><E77/><V33/><F33/><W124/><G124/><T86/><D86/><U23/><E82/><V48/><F48/><AGARI ba="1,2" hai="10,11,47,48,49,52,53,57,59,60,65" m="35338" machi="48" ten="30,2900,0" yaku="8,1,54,1" doraHai="69" who="0" fromWho="2" sc="154,52,360,0,160,-32,306,0" /><INIT seed="4,2,0,4,2,6" ten="206,360,128,306" oya="0" hai0="31,26,109,84,124,53,42,75,14,35,115,117,10" hai1="33,82,24,127,37,60,97,56,34,130,15,104,134" hai2="54,92,76,58,111,86,22,93,61,12,112,13,29" hai3="18,59,19,128,4,63,66,39,30,100,95,43,108"/><T8/><D75/><U57/><E37/><V55/><F111/><W65/><G108/><T122/><D109/><U49/><E130/><V45/><F112/><W25/><G128/><T52/><D117/><U48/><E134/><V99/><F29/><W94/><G66/><T85/><D122/><U3/><E3/><V17/><F12/><W9/><G43/><T89/><D115/><U36/><E36/><V80/><F99/><W91/><G39/><T77/><D42/><U78/><E127/><V40/><REACH who="2" step="1"/><F54/><REACH who="2" ten="206,360,118,306" step="2"/><W119/><G119/><T47/><D124/><U107/><E97/><V23/><F23/><W121/><G121/><T106/><D53/><U64/><E15/><V101/><F101/><W113/><G100/><T32/><D32/><U2/><E33/><V129/><F129/><W38/><G113/><T133/><D133/><U74/><E2/><V51/><AGARI ba="2,1" hai="13,17,22,40,45,51,55,58,61,76,80,86,92,93" machi="51" ten="20,5200,0" yaku="1,1,0,1,7,1,8,1,53,0" doraHai="6" doraHaiUra="21" who="2" fromWho="2" sc="206,-28,360,-15,118,68,306,-15" /><INIT seed="5,0,0,2,0,75" ten="178,345,186,291" oya="1" hai0="20,109,65,6,115,1,50,10,110,12,83,0,128" hai1="126,47,4,78,119,5,15,111,23,132,108,118,43" hai2="98,123,46,21,41,19,29,88,69,26,72,58,53" hai3="96,8,68,79,11,86,71,49,66,63,67,134,35"/><U101/><E101/><V16/><F69/><W97/><G35/><T85/><D115/><U57/><E57/><V107/><F123/><W38/><G38/><T90/><D128/><U24/><E47/><V31/><F72/><W129/><G129/><T91/><D65/><U112/><E78/><V2/><F2/><W103/><G134/><T59/><D91/><U60/><E60/><V39/><F19/><W9/><G49/><T34/><D34/><U33/><E43/><V18/><F18/><W114/><G114/><T100/><D100/><U25/><E112/><V56/><F56/><W22/><G22/><T42/><D20/><U7/><E126/><V70/><F70/><W27/><G27/><N who="1" m="10314" /><E33/><V54/><F107/><W40/><G40/><T104/><D104/><U30/><E132/><V55/><REACH who="2" step="1"/><F58/><REACH who="2" ten="178,345,176,291" step="2"/><W45/><G71/><T80/><D59/><U62/><E62/><V105/><F105/><W122/><G122/><T32/><D32/><U106/><E106/><V37/><F37/><W14/><G68/><T77/><D1/><U121/><E121/><V117/><F117/><N who="1" m="44553" /><E30/><V81/><F81/><W13/><G63/><T135/><D135/><U102/><E102/><V87/><F87/><W82/><G103/><T116/><D116/><U74/><E74/><V17/><F17/><AGARI ba="0,1" hai="4,5,7,15,17,23,108,111" m="44553,10314" machi="17" ten="40,3900,0" yaku="34,2" doraHai="75" who="1" fromWho="2" sc="178,0,345,49,176,-39,291,0" /><INIT seed="5,1,0,2,5,20" ten="178,394,137,291" oya="1" hai0="100,96,42,54,64,93,126,18,44,102,91,59,78" hai1="4,48,99,23,70,45,88,107,84,119,63,85,65" hai2="86,28,62,79,67,24,90,106,36,3,71,104,11" hai3="109,66,22,76,101,9,46,122,6,125,25,37,16"/><U35/><E119/><V127/><F36/><W2/><G109/><T61/><D126/><U115/><E115/><V12/><F3/><W7/><G122/><T1/><D1/><U31/><E23/><V129/><F79/><W68/><G125/><T74/><D74/><U19/><E19/><V15/><F129/><W49/><G37/><T128/><D78/><U121/><E4/><V108/><F108/><W50/><G7/><T39/><D128/><U10/><E10/><V38/><F38/><W69/><G101/><T73/><D73/><U120/><E84/><V43/><F43/><W33/><G66/><T0/><D0/><U92/><E107/><V89/><F89/><W57/><G76/><T133/><D133/><U130/><E130/><V117/><F117/><W124/><G124/><T14/><REACH who="0" step="1"/><D64/><REACH who="0" ten="168,394,137,291" step="2"/><U55/><E65/><V17/><F127/><W118/><G118/><T97/><D97/><U56/><E99/><V112/><F112/><W98/><G98/><T80/><D80/><U41/><E70/><V47/><F15/><W110/><G110/><T87/><D87/><U123/><E123/><V83/><REACH who="2" step="1"/><F47/><REACH who="2" ten="168,394,127,291" step="2"/><W77/><G77/><T52/><D52/><U13/><E13/><V113/><F113/><W5/><G46/><T116/><D116/><U135/><E121/><V132/><F132/><W75/><G2/><T21/><AGARI ba="1,2" hai="14,18,21,39,42,44,54,59,61,91,93,96,100,102" machi="21" ten="20,2700,0" yaku="1,1,0,1,7,1,53,0" doraHai="20" doraHaiUra="27" who="0" fromWho="0" sc="168,50,394,-14,127,-8,291,-8" /><INIT seed="6,0,0,3,5,59" ten="218,380,119,283" oya="2" hai0="38,80,110,95,61,56,120,25,5,51,11,9,39" hai1="81,128,114,98,109,131,14,4,46,113,118,105,87" hai2="43,78,103,71,19,84,57,99,32,70,3,116,37" hai3="0,22,27,91,52,72,89,104,60,53,2,40,15"/><V49/><F116/><W100/><G72/><T10/><D120/><U101/><E109/><V54/><F32/><W36/><G15/><T63/><D5/><U73/><E46/><V64/><F3/><W97/><G2/><T112/><D110/><U127/><E127/><V8/><F37/><W21/><G0/><T48/><D112/><N who="1" m="43115" /><E73/><V67/><F43/><W74/><G74/><T75/><D75/><U133/><E133/><V1/><F70/><W68/><G22/><T31/><D80/><U55/><E55/><V28/><F28/><W102/><G102/><T106/><D106/><U24/><E24/><V79/><F84/><W108/><G108/><T12/><D12/><U76/><E118/><V50/><F50/><N who="0" m="18986" /><D39/><U123/><E123/><V26/><F26/><W35/><G35/><T30/><D38/><U117/><E117/><V96/><F96/><W125/><G125/><T129/><D129/><U111/><E111/><V115/><F115/><W41/><G36/><T29/><D56/><U18/><E4/><V93/><F19/><W126/><G126/><T34/><D34/><U86/><E86/><V58/><F71/><W23/><G23/><AGARI ba="0,0" hai="14,18,23,76,81,87,98,101,105,128,131" m="43115" machi="23" ten="30,1000,0" yaku="15,1" doraHai="59" who="1" fromWho="3" sc="218,0,380,10,119,0,283,-10" /><INIT seed="7,0,0,5,4,84" ten="218,390,119,273" oya="3" hai0="66,42,71,75,100,132,3,130,54,36,40,39,19" hai1="89,125,70,67,62,120,99,72,32,115,107,83,122" hai2="61,17,101,27,18,124,33,73,37,24,128,109,48" hai3="20,82,57,50,76,117,131,121,8,56,80,55,4"/><W64/><G117/><T63/><D3/><U26/><E115/><V135/><F37/><N who="0" m="14410" /><D19/><U7/><E125/><V47/><F73/><W129/><G121/><T45/><D100/><N who="1" m="62879" /><E89/><V74/><F74/><W98/><G20/><T51/><D75/><U16/><E16/><V111/><F101/><W94/><G57/><N who="0" m="32991" /><D130/><N who="3" m="49673" /><G64/><T112/><D132/><U90/><E90/><V95/><F128/><W69/><G69/><T85/><D85/><U97/><E97/><V25/><F135/><W114/><G76/><T41/><D112/><U65/><E65/><V133/><F133/><W134/><G114/><T108/><D108/><U96/><E96/><V87/><F124/><W106/><G106/><T29/><D29/><N who="1" m="19511" /><E7/><V113/><F113/><W2/><G134/><T35/><D35/><U38/><E38/><AGARI ba="0,0" hai="38,40,41,42,45,63,66,71" m="32991,14410" machi="38" ten="30,12000,2" yaku="24,1,35,5" doraHai="84" who="0" fromWho="1" sc="218,120,390,-120,119,0,273,0" owari="338,43.8,270,-13.0,119,-38.1,273,7.3" /></mjloggm>