<mjloggm ver="2.3"><GO type="169" lobby="0"/><UN n0="%4F%4D%41%4E%54%41" n1="%E5%BE%A1%E5%BD%B1%E3%82%86%E3%81%9A%E3%81%8D" n2="%E5%9C%9C%E7%94%B0%E6%B5%81%E7%89%8C%E6%89%8B" n3="%E3%81%88%E3%81%99%E3%81%9F%E3%81%BE%E3%82%8B" dan="17,17,16,16" rate="2193.56,2204.67,2143.18,2220.46" sx="M,M,M,M"/><TAIKYOKU oya="0"/><INIT seed="0,0,0,1,3,8" ten="250,250,250,250" oya="0" hai0="1,90,5,64,4,111,34,46,131,13,55,30,96" hai1="58,81,119,115,100,67,42,129,79,130,47,37,63" hai2="103,7,68,69,112,125,92,17,133,16,33,84,121" hai3="99,75,59,27,14,26,73,38,107,78,51,19,39"/><T118/><D118/><U66/><E100/><V3/><F112/><W70/><G70/><T36/><D1/><U128/><E119/><V48/><F121/><W113/><G113/><T117/><D117/><U86/><REACH who="1" step="1"/><E115/><REACH who="1" ten="250,240,250,250" step="2"/><V91/><F103/><W25/><G107/><T44/><D131/><U11/><E11/><V0/><F125/><W61/><G39/><T104/><D36/><U116/><E116/><V32/><F133/><W65/><G38/><T60/><D104/><U21/><E21/><V9/><F33/><W54/><G99/><T72/><D34/><U12/><E12/><V98/><F32/><W101/><G101/><T95/><D13/><U94/><E94/><V28/><F0/><W35/><G35/><T108/><D95/><U53/><AGARI ba="0,1" hai="37,42,47,53,58,63,66,67,79,81,86,128,129,130" machi="53" ten="30,7900,0" yaku="1,1,0,1,19,1,53,1" doraHai="8" doraHaiUra="71" who="1" fromWho="1" sc="250,-39,240,89,250,-20,250,-20" /><INIT seed="1,0,0,4,3,103" ten="211,329,230,230" oya="1" hai0="75,30,68,124,119,116,18,40,42,22,129,110,10" hai1="19,0,99,94,86,28,35,132,17,79,54,56,118" hai2="27,81,38,95,6,130,24,109,32,120,70,76,64" hai3="105,93,58,7,83,123,3,106,88,67,11,85,72"/><U74/><E0/><V2/><F120/><W89/><G123/><T48/><D75/><U60/><E74/><V29/><F109/><W134/><G134/><T16/><D68/><U12/><E118/><V112/><F130/><W47/><G47/><T45/><D110/><U36/><E36/><V31/><F95/><W71/><G71/><T73/><D73/><U1/><E1/><V66/><F38/><W25/><G25/><T96/><D129/><U113/><E113/><V14/><F112/><W98/><REACH who="3" step="1"/><G72/><REACH who="3" ten="211,329,230,220" step="2"/><T61/><D116/><U77/><E132/><V39/><F70/><W69/><G69/><T115/><D119/><U101/><E35/><V102/><F27/><W37/><G37/><T62/><D115/><U43/><E43/><V91/><F39/><W20/><G20/><T92/><D42/><U26/><E26/><V57/><F24/><W111/><G111/><T108/><D108/><U80/><E28/><V13/><F32/><W90/><G90/><T21/><D30/><U34/><E34/><V127/><F91/><W82/><G82/><T15/><D124/><U122/><E122/><V126/><F81/><W8/><G8/><T121/><D121/><U104/><E77/><V9/><F31/><W114/><G114/><T135/><D135/><U131/><E131/><V125/><F76/><W23/><G23/><N who="0" m="8715" /><D18/><U100/><E19/><V63/><F29/><W41/><G41/><T5/><D16/><U117/><E117/><V4/><F126/><W49/><G49/><T128/><D128/><U84/><E17/><N who="2" m="8367" /><F127/><W50/><G50/><T33/><D33/><RYUUKYOKU ba="0,1" sc="211,15,329,-15,230,-15,220,15" hai0="5,10,15,40,45,48,61,62,92,96" hai3="3,7,11,58,67,83,85,88,89,93,98,105,106" /><INIT seed="2,1,1,5,3,63" ten="226,314,215,235" oya="2" hai0="121,17,52,114,76,78,72,19,91,44,134,104,80" hai1="107,60,22,13,87,94,106,23,56,119,10,58,15" hai2="47,16,29,109,45,75,115,12,89,130,42,73,65" hai3="93,122,4,133,39,123,74,8,49,110,77,30,40"/><V26/><F115/><W25/><G110/><T92/><D121/><U82/><E119/><V96/><F130/><W38/><G133/><T125/><D114/><U70/><E70/><V124/><F124/><W35/><G49/><T95/><D125/><U59/><E94/><V69/><F109/><W64/><G93/><T14/><D104/><U28/><E107/><V132/><F132/><W113/><G113/><T90/><D134/><U129/><E15/><V50/><F96/><W53/><G53/><T79/><D72/><U120/><E106/><V55/><F89/><N who="0" m="33802" /><D80/><U85/><E129/><V127/><F127/><W36/><G40/><T68/><D68/><U116/><E116/><V62/><F26/><W27/><G25/><T1/><D1/><U105/><E105/><V57/><F29/><W71/><G77/><T7/><D7/><U3/><E3/><V128/><F47/><W2/><REACH who="3" step="1"/><G74/><REACH who="3" ten="226,314,215,225" step="2"/><T41/><D41/><U6/><E120/><V81/><F128/><W43/><G43/><T101/><D95/><U31/><E82/><V118/><F81/><W108/><G108/><T18/><D92/><U32/><E32/><V112/><F112/><W84/><G84/><T97/><D97/><U34/><E85/><V126/><F126/><W88/><G88/><T98/><D98/><U0/><E87/><V9/><F118/><W111/><G111/><T99/><D99/><U83/><E83/><V37/><AGARI ba="1,2" hai="9,12,16,37,42,45,50,55,57,62,65,69,73,75" machi="37" ten="20,18000,2" yaku="0,1,7,1,24,2,52,1,54,1" doraHai="63" who="2" fromWho="2" sc="226,-61,314,-61,215,203,225,-61" /><INIT seed="2,2,0,0,3,47" ten="165,253,418,164" oya="2" hai0="8,123,108,135,112,98,116,70,56,53,119,27,126" hai1="107,104,52,58,85,103,76,67,5,87,3,120,26" hai2="118,37,121,65,92,81,130,28,132,35,100,128,32" hai3="131,64,66,45,30,72,22,0,43,7,13,29,62"/><V1/><F118/><N who="0" m="45098" /><D123/><U6/><E67/><V71/><F37/><W15/><G131/><N who="2" m="50217" /><F1/><W54/><G72/><T73/><D73/><U89/><E120/><V115/><F115/><W110/><G110/><T80/><D70/><U114/><E114/><V109/><F132/><W68/><G66/><T95/><D112/><U14/><E3/><V42/><F42/><W101/><G101/><T51/><D80/><U113/><E113/><V97/><F109/><W40/><G0/><T11/><D108/><U59/><E26/><N who="2" m="18455" /><F35/><W61/><G7/><T93/><D126/><U84/><E76/><V88/><F121/><W10/><G43/><T2/><D2/><U33/><E33/><V111/><F111/><W9/><G40/><T44/><D27/><U12/><E6/><V31/><F31/><W125/><G125/><T25/><D25/><U21/><E5/><V133/><F133/><W106/><G30/><T63/><D135/><U86/><E12/><V19/><F19/><N who="3" m="10623" /><G29/><T48/><D95/><U78/><E14/><V129/><F129/><W79/><G13/><T69/><D69/><U4/><E4/><V75/><F75/><W38/><G38/><T96/><D93/><U99/><E21/><V16/><F16/><W17/><G17/><T18/><D18/><U134/><E134/><V50/><F71/><W36/><G36/><T83/><D83/><N who="1" m="49343" /><E78/><V77/><F77/><W74/><G68/><T117/><N who="0" m="45106" /><T60/><DORA hai="124" /><D8/><U90/><E107/><V49/><F65/><W127/><G10/><T39/><D11/><U46/><E90/><V20/><F20/><RYUUKYOKU ba="2,0" sc="165,-15,253,15,418,15,164,-15" hai1="46,52,58,59,84,86,87,99,103,104" hai2="49,50,81,88,92,97,100" /><INIT seed="2,3,0,1,0,35" ten="150,268,433,149" oya="2" hai0="28,79,106,39,127,75,124,80,91,74,102,126,76" hai1="81,86,47,31,131,65,101,73,38,29,36,16,67" hai2="0,84,132,83,34,37,17,40,45,109,42,134,116" hai3="2,89,72,43,111,114,69,5,23,135,95,14,7"/><V130/><F116/><W11/><G111/><T118/><D39/><U41/><E73/><N who="0" m="27657" /><D28/><U4/><E131/><V85/><F130/><W59/><G69/><T123/><D123/><U98/><E38/><V87/><F34/><W78/><G135/><N who="2" m="51753" /><F42/><W1/><G114/><T63/><D63/><U119/><E119/><V61/><F109/><W60/><G43/><T9/><D9/><U52/><E4/><V100/><F100/><W54/><G7/><T53/><D53/><U21/><E67/><V115/><F115/><W24/><G78/><N who="0" m="29739" /><D118/><U32/><E65/><V66/><F17/><W110/><G72/><T71/><D71/><U94/><E32/><V57/><F0/><W128/><G128/><T33/><D33/><U48/><E36/><V13/><F13/><W105/><G110/><T68/><D68/><U30/><E41/><V26/><F26/><W62/><G60/><T18/><D18/><U82/><E86/><V15/><F15/><AGARI ba="3,0" hai="15,16,21,29,30,31,47,48,52,81,82,94,98,101" machi="15" ten="40,5200,0" yaku="8,1,54,2" doraHai="35" who="1" fromWho="2" sc="150,0,268,61,433,-61,149,0" /><INIT seed="3,0,0,3,5,20" ten="150,329,372,149" oya="3" hai0="134,105,24,78,113,54,39,120,99,27,40,72,59" hai1="28,10,79,76,91,4,8,117,103,74,56,68,114" hai2="111,35,19,7,11,33,6,124,21,36,104,45,44" hai3="18,129,109,132,85,83,57,52,116,95,41,81,5"/><W15/><G116/><T32/><D120/><U26/><E68/><V61/><F104/><W101/><G132/><T60/><D32/><N who="2" m="12362" /><F61/><W84/><G129/><T100/><D134/><U64/><E117/><V2/><F45/><W25/><G109/><T23/><D113/><U34/><E114/><V43/><F44/><W131/><G131/><T70/><D23/><U122/><E122/><V38/><F43/><W0/><G41/><T108/><D108/><U88/><E103/><V112/><F38/><W31/><G0/><T126/><D126/><U73/><E64/><V12/><F36/><W107/><G107/><T22/><D22/><U16/><E56/><V106/><F106/><W118/><G118/><T133/><D133/><U130/><E130/><V77/><F77/><W29/><G5/><T69/><D40/><U3/><E79/><V80/><F80/><N who="3" m="30795" /><G25/><N who="0" m="9803" /><D39/><U37/><E37/><V93/><F112/><W123/><G123/><T110/><D110/><U49/><E76/><V42/><F42/><W96/><G29/><T119/><D119/><U62/><E74/><V86/><F111/><W128/><G31/><T30/><D30/><U47/><E73/><V13/><F2/><W67/><G128/><T51/><D78/><U97/><E28/><V1/><F1/><W125/><G125/><T63/><D72/><U17/><E34/><V48/><F124/><W89/><G67/><T92/><D105/><U98/><E3/><V66/><F66/><W75/><G75/><T115/><D115/><U94/><E4/><V50/><F6/><W46/><G18/><T135/><D135/><RYUUKYOKU ba="0,0" sc="150,15,329,-15,372,15,149,-15" hai0="51,54,59,60,63,69,70,92,99,100" hai2="7,11,12,13,19,21,48,50,86,93" /><INIT seed="4,1,0,4,5,40" ten="165,314,387,134" oya="0" hai0="69,27,55,45,99,76,125,81,4,24,83,100,26" hai1="31,122,23,1,90,111,120,110,10,123,30,114,51" hai2="106,67,12,80,53,96,127,126,11,86,75,77,44" hai3="22,115,33,65,0,135,56,91,35,95,105,2,37"/><T103/><D69/><U34/><E90/><V71/><F67/><W32/><G105/><T112/><D112/><U16/><E51/><N who="2" m="28903" /><F71/><W19/><G115/><T117/><D117/><U124/><E114/><V97/><F106/><W66/><G135/><T73/><D125/><N who="2" m="47626" /><F75/><W118/><G118/><T14/><D83/><U29/><E124/><V17/><AGARI ba="1,0" hai="11,12,17,77,80,86,96,97" m="47626,28903" machi="17" ten="30,2000,0" yaku="18,1,52,1" doraHai="40" who="2" fromWho="2" sc="165,-11,314,-6,387,23,134,-6" /><INIT seed="5,0,0,0,2,54" ten="154,308,410,128" oya="1" hai0="27,125,46,39,117,81,28,20,8,23,16,47,25" hai1="107,78,124,17,112,95,134,71,10,94,38,3,103" hai2="65,88,122,55,21,4,9,19,114,1,135,85,37" hai3="26,58,18,56,0,89,116,2,35,41,61,44,96"/><U40/><E71/><V12/><F122/><W42/><G116/><T68/><D117/><U101/><E38/><V110/><F37/><W91/><G2/><T131/><D68/><U57/><E40/><N who="3" m="15466" /><G0/><T45/><D39/><U113/><E107/><V24/><F135/><W76/><G35/><T6/><D131/><U105/><E105/><V115/><F65/><N who="3" m="39079" /><G76/><T111/><D111/><U97/><E134/><V90/><F110/><W67/><G44/><T99/><D125/><U69/><E124/><V62/><F1/><W31/><G31/><T48/><D81/><U33/><E78/><V87/><F62/><N who="3" m="38359" /><G96/><T108/><D108/><U60/><E33/><V51/><F87/><W53/><G53/><N who="0" m="29839" /><D99/><U79/><E97/><V73/><F73/><W133/><G133/><T43/><D43/><U32/><E79/><V84/><F84/><W72/><G72/><T15/><AGARI ba="0,0" hai="6,8,15,16,20,23,25,27,28,46,47" m="29839" machi="15" ten="30,2000,0" yaku="8,1,54,1" doraHai="54" who="0" fromWho="0" sc="154,20,308,-10,410,-5,128,-5" /><INIT seed="6,0,0,2,4,111" ten="174,298,405,123" oya="2" hai0="32,125,54,60,115,135,109,58,19,39,8,70,56" hai1="110,67,73,20,114,129,127,18,90,94,101,116,49" hai2="1,28,83,12,119,92,130,6,82,43,108,93,25" hai3="35,128,96,45,7,2,105,63,81,15,9,86,55"/><V106/><F119/><W79/><G128/><T17/><D32/><U31/><E73/><V34/><F106/><W57/><G35/><T123/><D109/><U40/><E116/><V3/><F130/><W51/><G2/><T122/><D39/><U131/><E110/><V134/><F134/><W68/><G68/><T44/><D8/><U29/><E101/><V112/><F1/><W59/><G105/><T14/><D70/><U89/><E67/><V107/><F107/><W118/><G118/><T47/><D14/><U72/><E72/><V41/><F3/><W22/><G96/><T71/><D71/><U48/><E127/><V37/><F37/><W133/><G133/><T4/><D135/><U33/><E33/><V64/><F64/><W10/><G10/><T66/><D4/><U13/><E13/><V27/><F6/><W120/><G120/><T84/><D84/><U91/><E91/><V24/><F12/><W65/><G22/><T21/><D21/><U62/><E20/><V0/><F0/><W77/><REACH who="3" step="1"/><G59/><REACH who="3" ten="174,298,405,113" step="2"/><N who="0" m="34935" /><D123/><U99/><E99/><V69/><F34/><W87/><G87/><T50/><D58/><U11/><E11/><V85/><F69/><W5/><G5/><T126/><D56/><U80/><E131/><V23/><F85/><W30/><G30/><T74/><D122/><U52/><E129/><V61/><F28/><W36/><G36/><T95/><D74/><U26/><E31/><V16/><F23/><W53/><G53/><T76/><D126/><U75/><E29/><V124/><F124/><W98/><G98/><T42/><D125/><RYUUKYOKU ba="0,1" sc="174,-10,298,-10,405,-10,113,30" hai3="7,9,15,45,51,55,57,63,65,77,79,81,86" /><INIT seed="7,1,1,0,3,118" ten="164,288,395,143" oya="3" hai0="69,104,55,4,134,78,75,44,108,47,77,131,80" hai1="41,43,102,101,56,86,66,33,52,81,132,122,120" hai2="93,123,35,8,71,129,28,76,70,95,89,107,3" hai3="38,29,84,99,110,126,128,42,34,12,85,16,111"/><W113/><G113/><T27/><D108/><U11/><E33/><V79/><F107/><W58/><G128/><T59/><D69/><U91/><E66/><V24/><F123/><W18/><G126/><T25/><D104/><U1/><E132/><V96/><F129/><W46/><G99/><T119/><D119/><U40/><E102/><V19/><F71/><W115/><G115/><T5/><D131/><U121/><E101/><V0/><F0/><W133/><G133/><T106/><D106/><U32/><E32/><V13/><F70/><W36/><G38/><T135/><D75/><U83/><E1/><V54/><F3/><W48/><G18/><T39/><D39/><U15/><E83/><V90/><F54/><N who="3" m="32071" /><G29/><T31/><D80/><U6/><REACH who="1" step="1"/><E40/><REACH who="1" ten="164,278,395,143" step="2"/><V130/><F130/><W74/><G34/><T82/><D82/><U97/><E97/><AGARI ba="1,2" hai="8,13,19,24,28,35,76,79,89,90,93,95,96,97" machi="97" ten="30,2000,0" yaku="7,1,9,1" doraHai="118" who="2" fromWho="1" sc="164,0,278,-23,395,43,143,0" owari="164,-23.6,255,5.5,438,53.8,143,-35.7" /></mjloggm>