<mjloggm ver="2.3"><GO type="169" lobby="0"/><UN n0="%E3%83%A1%E3%82%AC%E3%83%95%E3%83%BC%E3%83%87%E3%82%A3%E3%83%B3" n1="%E3%82%AB%E3%83%A9%E6%9D%BE" n2="%E8%B5%A4%E3%81%84%E9%83%A8%E5%B1%8B" n3="%E4%B8%83%E8%8D%89%E9%A6%99%E6%BE%84" dan="16,17,16,16" rate="2219.78,2135.52,2135.87,2172.65" sx="F,M,M,F"/><TAIKYOKU oya="0"/><INIT seed="0,0,0,5,5,29" ten="250,250,250,250" oya="0" hai0="31,60,129,41,96,100,76,130,115,50,63,108,7" hai1="107,30,87,133,11,44,90,128,94,34,2,56,72" hai2="97,102,124,93,116,13,16,38,20,73,104,91,0" hai3="6,59,55,57,42,39,49,103,81,109,43,58,15"/><T89/><D115/><U106/><E72/><V14/><F124/><W69/><G103/><T120/><D120/><U53/><E128/><N who="0" m="49257" /><D76/><U123/><E123/><V19/><F116/><W105/><G105/><N who="0" m="63623" /><D7/><U82/><E133/><V127/><F127/><W21/><G81/><T10/><D10/><U66/><E44/><V1/><F38/><W9/><G109/><T80/><D108/><U48/><E66/><V132/><F132/><W78/><G78/><T88/><D31/><U121/><E121/><V65/><F65/><W17/><G39/><T134/><D134/><U51/><E51/><V101/><F73/><W75/><G75/><T70/><D70/><U119/><E119/><V111/><F111/><W47/><REACH who="3" step="1"/><G69/><REACH who="3" ten="250,250,250,240" step="2"/><T26/><D80/><U18/><E82/><V74/><F74/><W98/><G98/><T4/><D89/><U117/><E117/><V110/><F110/><W85/><G85/><T79/><D79/><U12/><E107/><V61/><F101/><W71/><G71/><T122/><D122/><U92/><E106/><V83/><F83/><W67/><G67/><T114/><D114/><U25/><E94/><V131/><F131/><W35/><G35/><T33/><D33/><U27/><E34/><V99/><REACH who="2" step="1"/><F61/><REACH who="2" ten="250,250,240,240" step="2"/><W52/><G52/><T37/><D60/><U28/><E53/><V135/><F135/><W3/><AGARI ba="0,2" hai="3,6,9,15,17,21,42,43,47,49,55,57,58,59" machi="3" ten="30,2000,0" yaku="1,1,0,1,53,0" doraHai="29" doraHaiUra="23" who="3" fromWho="3" sc="250,-10,250,-5,240,-5,240,40" /><INIT seed="1,0,0,0,2,77" ten="240,245,235,280" oya="1" hai0="86,5,55,31,111,112,39,33,74,38,20,34,61" hai1="133,41,88,119,87,100,35,129,89,84,51,28,56" hai2="16,124,37,40,4,105,70,85,104,62,126,128,32" hai3="117,94,131,118,49,23,1,79,57,115,113,8,52"/><U134/><E119/><N who="3" m="45578" /><G131/><T63/><D74/><U66/><E129/><V116/><F116/><W103/><G23/><T80/><D112/><U10/><E100/><V82/><F32/><W22/><G22/><T71/><D111/><U78/><E10/><V53/><F128/><W73/><G103/><T30/><D5/><U107/><E107/><V130/><F130/><W43/><G94/><T9/><D9/><U15/><E15/><V6/><F6/><N who="3" m="1103" /><G43/><T97/><D97/><U13/><E13/><V132/><F4/><W45/><G45/><T106/><D71/><U125/><E28/><V46/><F132/><N who="1" m="50793" /><E35/><V122/><F122/><W127/><G127/><N who="2" m="48681" /><F16/><W7/><G7/><T96/><D106/><U76/><E125/><V120/><F120/><W24/><G24/><T110/><D33/><U50/><E41/><V102/><F102/><W98/><G98/><T65/><D96/><U58/><E66/><N who="2" m="41303" /><F53/><W92/><G92/><T91/><D55/><N who="1" m="31863" /><E51/><V19/><F19/><W12/><G12/><T0/><D65/><U81/><E58/><V27/><F27/><W59/><G59/><T54/><D34/><U109/><E109/><V93/><F93/><AGARI ba="0,0" hai="76,78,81,84,87,88,89,93" m="31863,50793" machi="93" ten="30,5800,0" yaku="20,1,52,1,54,1" doraHai="77" who="1" fromWho="2" sc="240,0,245,58,235,-58,280,0" /><INIT seed="1,1,0,3,2,61" ten="240,303,177,280" oya="1" hai0="12,64,31,42,3,79,2,91,80,119,85,103,72" hai1="51,77,34,115,131,10,70,66,23,21,9,73,81" hai2="94,101,11,95,45,30,8,111,47,41,121,7,98" hai3="60,25,120,135,89,20,92,18,106,27,35,15,74"/><U59/><E115/><V52/><F121/><W118/><G120/><T65/><D119/><U99/><E34/><V54/><F111/><W24/><G118/><T93/><D42/><U133/><E131/><V132/><F132/><W68/><G135/><T88/><D31/><U0/><E133/><V29/><F41/><W26/><G74/><T96/><D91/><U39/><E99/><V107/><F107/><W16/><G106/><N who="0" m="63847" /><D12/><U67/><E39/><V50/><F98/><W76/><G76/><T84/><D84/><U104/><E70/><V83/><F83/><W58/><G68/><T44/><D44/><U57/><E104/><V32/><F32/><W13/><G35/><T6/><D6/><U110/><E110/><V63/><F63/><W124/><G124/><T48/><D48/><U46/><E0/><AGARI ba="1,0" hai="0,2,3,64,65,72,79,80,85,88,93" m="63847" machi="0" ten="30,7700,0" yaku="24,1,52,2,54,1" doraHai="61" who="0" fromWho="1" sc="240,80,303,-80,177,0,280,0" /><INIT seed="2,0,0,0,5,44" ten="320,223,177,280" oya="2" hai0="6,116,33,43,121,101,127,119,59,76,28,8,68" hai1="94,34,135,71,130,70,73,42,16,41,104,106,115" hai2="49,22,103,2,12,69,1,11,21,82,39,96,80" hai3="64,78,95,99,65,35,46,123,66,50,14,110,52"/><V125/><F39/><W13/><G123/><T51/><D121/><U107/><E115/><V54/><F69/><W37/><G110/><T112/><D112/><U56/><E73/><V74/><F125/><W128/><G128/><T114/><D114/><U62/><E130/><V23/><F1/><W10/><G35/><T48/><D68/><U105/><N who="1" m="26624" /><DORA hai="87" /><U57/><E34/><V89/><F2/><W126/><G126/><T45/><D127/><U86/><E135/><V109/><F103/><W17/><G37/><T32/><D101/><U38/><E38/><V75/><F75/><W124/><G124/><T84/><D28/><U77/><E70/><V27/><F27/><W134/><G134/><T26/><D26/><U120/><E120/><V85/><F109/><W88/><G78/><T92/><D32/><U63/><E71/><V108/><F108/><W90/><G13/><N who="0" m="5271" /><D92/><U129/><E129/><V20/><F96/><W132/><G132/><T47/><D59/><U83/><E94/><N who="2" m="54575" /><F74/><W60/><G60/><T3/><D3/><U98/><E98/><V58/><N who="2" m="5120" /><DORA hai="19" /><V30/><F30/><W67/><N who="3" m="16384" /><DORA hai="25" /><W29/><G29/><T7/><D33/><U100/><E100/><AGARI ba="0,0" hai="10,14,17,46,50,52,88,90,95,99,100" m="16384" machi="100" ten="50,12000,2" yaku="8,1,52,3,54,2" doraHai="44,87,19,25" who="3" fromWho="1" sc="320,0,223,-120,177,0,280,120" /><INIT seed="3,0,0,4,4,103" ten="320,103,177,400" oya="3" hai0="97,63,11,117,112,87,64,45,135,74,25,55,23" hai1="108,5,86,15,22,68,7,116,34,58,3,102,98" hai2="56,20,123,111,60,1,32,59,37,18,0,96,134" hai3="128,71,33,57,35,52,114,8,70,81,107,49,132"/><W78/><G114/><T19/><D117/><U4/><E116/><V16/><F32/><W48/><G128/><T26/><D135/><U129/><E68/><V24/><F37/><W43/><G132/><T94/><D112/><U101/><E34/><V83/><F134/><W65/><G35/><T38/><D74/><U131/><E108/><V119/><F119/><W41/><G33/><T75/><D75/><U14/><E3/><V92/><F111/><W61/><G71/><T109/><D109/><U44/><E44/><V82/><F123/><W73/><G107/><T126/><D126/><U115/><E115/><V91/><F56/><W104/><G104/><T42/><D11/><U21/><E58/><V40/><F40/><W76/><G76/><T66/><D87/><U127/><E86/><V9/><F0/><W124/><G124/><T54/><D26/><U30/><E127/><V29/><F29/><W118/><G118/><T12/><D12/><U85/><E85/><V113/><F113/><W90/><G48/><T100/><D66/><U13/><E30/><V88/><F91/><W17/><G90/><T53/><D54/><U110/><E110/><V120/><F120/><W121/><G121/><T130/><D130/><N who="1" m="49675" /><E101/><V80/><F1/><W133/><G133/><T79/><D79/><U46/><E46/><V47/><F47/><N who="3" m="27711" /><G70/><AGARI ba="0,0" hai="19,23,25,38,42,45,53,55,63,64,70,94,97,100" machi="70" ten="30,1000,0" yaku="7,1" doraHai="103" who="0" fromWho="3" sc="320,10,103,0,177,0,400,-10" /><INIT seed="4,0,0,0,4,78" ten="330,103,177,390" oya="0" hai0="69,56,72,0,47,91,133,123,35,22,116,81,7" hai1="132,117,11,106,48,110,126,120,94,41,68,83,82" hai2="50,24,39,66,103,5,118,23,36,73,98,6,33" hai3="54,14,104,90,74,10,115,107,112,87,67,60,134"/><T135/><D116/><U55/><E117/><V65/><F33/><W130/><G74/><T124/><D123/><U71/><E120/><V80/><F118/><W121/><G121/><T109/><D69/><U63/><E106/><V127/><F127/><W13/><G130/><T34/><D124/><U108/><E126/><V20/><F50/><W16/><G134/><N who="0" m="51211" /><D109/><U122/><E132/><V45/><F45/><W96/><G54/><T70/><D70/><U95/><E122/><V76/><F98/><W40/><G40/><T111/><D111/><U2/><E41/><V44/><F103/><W19/><G96/><T125/><D125/><U46/><E46/><V28/><F23/><W9/><G115/><T105/><D105/><U43/><E43/><V129/><F129/><W99/><G99/><T51/><D56/><U49/><E55/><V4/><REACH who="2" step="1"/><F44/><REACH who="2" ten="330,103,167,390" step="2"/><W97/><G97/><T93/><D34/><U88/><E63/><V113/><F113/><W62/><G112/><T52/><D35/><U38/><E38/><AGARI ba="0,1" hai="4,5,6,20,24,28,36,38,39,65,66,73,76,80" machi="38" ten="40,2600,0" yaku="1,1,52,1,53,0" doraHai="78" doraHaiUra="114" who="2" fromWho="1" sc="330,0,103,-26,167,36,390,0" /><INIT seed="5,0,0,0,3,60" ten="330,77,203,390" oya="1" hai0="105,31,40,116,46,133,91,118,110,36,48,3,87" hai1="79,9,68,5,101,12,92,107,120,70,57,29,72" hai2="111,59,53,102,55,77,98,125,4,42,39,75,58" hai3="124,65,27,28,109,11,84,80,1,34,15,17,63"/><U117/><E120/><V8/><F111/><W10/><G109/><T45/><D110/><U112/><E117/><V71/><F71/><W88/><G124/><T94/><D133/><U100/><E112/><V127/><F42/><W38/><G38/><T69/><D3/><U52/><E107/><V113/><F39/><W16/><G1/><T95/><D105/><U14/><E29/><V44/><F44/><W0/><G0/><T33/><D69/><U7/><E72/><V108/><F108/><W51/><G51/><T126/><D126/><N who="2" m="48138" /><F77/><W50/><G50/><T135/><D135/><U119/><E79/><V64/><F75/><W20/><G17/><T6/><D6/><U115/><E119/><V99/><F64/><W25/><G25/><T90/><D33/><U81/><E115/><V30/><F30/><W103/><G103/><T47/><D31/><U61/><E81/><V49/><F102/><W41/><G41/><T128/><D46/><U23/><E101/><V114/><F114/><W35/><G35/><T86/><REACH who="0" step="1"/><D128/><REACH who="0" ten="320,77,203,390" step="2"/><U121/><E121/><V66/><F113/><W96/><G96/><T130/><D130/><U37/><E37/><V122/><F122/><W89/><G89/><T24/><D24/><U73/><E73/><V131/><F131/><W13/><G15/><T22/><D22/><U2/><E2/><V134/><F134/><W32/><G32/><T56/><D56/><AGARI ba="0,1" hai="10,11,13,16,20,27,28,34,56,63,65,80,84,88" machi="56" ten="30,7700,0" yaku="7,1,52,1,54,2" doraHai="60" who="3" fromWho="0" sc="320,-77,77,0,203,0,390,87" /><INIT seed="6,0,0,5,1,119" ten="243,77,203,477" oya="2" hai0="84,1,43,18,0,99,98,28,47,109,121,45,70" hai1="15,101,95,131,92,125,35,73,116,82,27,129,75" hai2="132,128,90,80,26,30,10,122,110,56,63,11,3" hai3="76,85,100,17,67,36,57,32,79,77,42,91,88"/><V133/><F128/><N who="1" m="49225" /><E15/><V127/><F127/><W54/><G32/><T123/><D70/><U6/><E27/><V50/><F50/><W81/><G67/><T58/><D58/><U25/><E6/><V39/><F39/><W134/><G134/><N who="2" m="51817" /><F110/><W89/><G100/><T33/><D84/><U64/><E25/><V94/><F80/><W41/><G17/><T49/><D109/><U8/><E35/><N who="2" m="20951" /><F122/><W115/><G115/><T87/><D87/><U72/><E8/><V108/><F3/><W69/><G36/><T86/><D86/><U37/><E37/><V71/><F71/><W111/><G69/><T102/><D33/><U13/><E13/><V60/><F60/><N who="3" m="35895" /><G111/><T51/><D28/><U20/><E20/><V96/><F108/><W9/><G9/><T78/><D78/><AGARI ba="0,0" hai="41,42,76,77,78,79,81,85,88,89,91" m="35895" machi="78" ten="30,2000,0" yaku="8,1,54,1" doraHai="119" who="3" fromWho="0" sc="243,-20,77,0,203,0,477,20" /><INIT seed="7,0,0,5,0,65" ten="223,77,203,497" oya="3" hai0="10,133,84,71,120,110,129,122,6,25,16,49,72" hai1="96,127,102,115,113,89,4,29,40,100,60,98,101" hai2="2,23,20,24,55,117,5,64,105,124,14,73,47" hai3="130,45,18,128,69,17,67,116,81,53,108,114,131"/><W80/><G116/><T46/><D110/><U97/><E4/><V118/><F105/><W79/><G108/><T22/><D72/><U70/><E29/><V30/><F73/><N who="3" m="43119" /><G114/><T28/><D129/><U31/><E31/><V9/><F124/><W19/><G81/><T8/><D133/><U11/><E11/><N who="2" m="2487" /><F64/><W7/><G7/><T42/><D71/><U78/><E40/><V0/><F55/><W106/><G106/><T56/><D10/><U33/><E33/><N who="2" m="20679" /><F47/><W58/><G45/><T134/><D134/><U50/><E50/><V62/><F62/><N who="3" m="40183" /><G17/><T87/><D56/><U109/><E109/><V41/><F41/><W135/><G135/><T76/><D28/><U119/><E60/><AGARI ba="0,0" hai="18,19,53,58,60,128,130,131" m="40183,43119" machi="60" ten="30,2900,0" yaku="19,1,52,1" doraHai="65" who="3" fromWho="1" sc="223,0,77,-29,203,0,497,29" owari="223,2.3,48,-45.2,203,-19.7,526,62.6" /></mjloggm>