<mjloggm ver="2.3"><GO type="169" lobby="0"/><UN n0="%E6%97%A5%E9%99%B0%E3%81%95%E3%82%93" n1="%E6%81%8B%E3%81%AE%E3%81%86%E3%81%9F" n2="%E7%BD%AA%E5%88%91%E6%B3%95%E5%AE%9A%E4%B8%BB%E7%BE%A9" n3="%62%73%64%5F%33" dan="17,17,17,17" rate="2206.96,2236.57,2213.56,2146.17" sx="F,M,M,F"/><TAIKYOKU oya="0"/><INIT seed="0,0,0,4,3,66" ten="250,250,250,250" oya="0" hai0="40,133,94,20,84,54,117,32,57,106,19,129,31" hai1="27,26,78,99,134,92,131,68,21,110,122,24,41" hai2="102,104,37,48,96,79,42,59,56,53,39,121,90" hai3="98,100,64,74,71,65,35,43,103,15,87,36,108"/><T130/><D117/><U128/><E122/><V16/><F121/><W82/><G35/><T30/><D106/><U23/><E41/><V13/><F79/><W5/><G108/><T85/><D40/><U132/><E78/><V6/><F6/><W7/><G74/><T52/><D133/><N who="1" m="51307" /><E68/><V51/><F90/><W112/><G112/><T105/><D105/><U50/><E50/><V120/><F120/><W95/><G103/><T126/><D126/><U77/><E77/><V45/><REACH who="2" step="1"/><F59/><REACH who="2" ten="250,250,240,250" step="2"/><W119/><G119/><T58/><D58/><U0/><E110/><V91/><F91/><W4/><G4/><T44/><D57/><U123/><E123/><V75/><F75/><W25/><G5/><T34/><D129/><N who="1" m="49739" /><E0/><V55/><F55/><W83/><G43/><T10/><D54/><U89/><AGARI ba="0,1" hai="21,23,24,26,27,89,92,99" m="49739,51307" machi="89" ten="40,2700,0" yaku="20,1,19,1" doraHai="66" who="1" fromWho="1" sc="250,-13,250,37,240,-7,250,-7" /><INIT seed="1,0,0,5,5,11" ten="237,287,233,243" oya="1" hai0="27,59,109,9,40,128,95,52,108,12,101,123,118" hai1="45,78,28,54,21,122,86,57,76,62,10,119,79" hai2="26,69,50,20,99,102,24,47,38,0,92,130,131" hai3="104,7,5,29,85,115,37,19,44,113,114,46,56"/><U96/><E119/><V116/><F116/><W34/><G104/><T63/><D118/><U51/><E122/><V61/><F38/><W126/><G126/><T68/><D123/><U32/><E32/><V8/><F69/><W64/><G34/><T117/><D117/><U129/><E129/><N who="2" m="49163" /><F61/><W35/><G35/><T31/><D128/><U48/><E96/><V93/><F93/><W111/><G111/><N who="0" m="42571" /><D40/><U60/><E10/><V107/><F107/><W67/><G29/><T73/><D73/><U135/><E135/><V43/><F20/><W1/><G37/><T53/><D68/><U66/><E86/><V106/><F106/><W121/><G85/><T94/><D53/><U6/><E6/><AGARI ba="0,0" hai="0,6,8,24,26,43,47,50,92,99,102" m="49163" machi="6" ten="30,1000,0" yaku="19,1" doraHai="11" who="2" fromWho="1" sc="237,0,287,-10,233,10,243,0" /><INIT seed="2,0,0,3,4,32" ten="237,277,243,243" oya="2" hai0="61,18,16,45,40,116,109,132,131,77,19,23,117" hai1="48,88,111,14,68,0,51,6,21,22,110,99,115" hai2="20,13,73,57,74,133,125,108,100,10,49,36,130" hai3="97,67,93,50,15,135,3,60,63,94,39,33,121"/><V75/><F36/><W1/><G39/><T84/><D109/><N who="1" m="41483" /><E68/><V76/><F108/><W120/><G33/><T119/><D131/><U91/><E115/><V129/><F76/><W127/><G50/><N who="1" m="18986" /><E14/><V113/><F113/><W25/><G15/><T98/><D132/><U27/><E99/><V83/><F133/><W5/><G5/><T66/><D98/><U44/><E44/><V58/><F100/><W46/><G46/><T79/><D23/><N who="1" m="8715" /><E27/><V62/><F20/><W52/><G97/><T69/><REACH who="0" step="1"/><D84/><REACH who="0" ten="227,277,243,243" step="2"/><U80/><E80/><V107/><F74/><W72/><G72/><T37/><AGARI ba="0,1" hai="16,18,19,37,40,45,61,66,69,77,79,116,117,119" machi="37" ten="40,8000,1" yaku="1,1,2,1,0,1,12,1,54,1,53,0" doraHai="32" doraHaiUra="126" who="0" fromWho="0" sc="227,90,277,-20,243,-40,243,-20" /><INIT seed="3,0,0,2,1,57" ten="317,257,203,223" oya="3" hai0="109,12,124,133,100,47,10,89,2,123,84,116,19" hai1="28,30,59,20,15,21,108,50,24,126,125,29,128" hai2="51,70,78,92,104,45,83,131,96,95,61,42,97" hai3="69,43,13,121,17,88,73,106,80,41,25,79,77"/><W130/><G121/><T35/><D116/><U54/><E108/><V135/><F131/><W40/><G106/><T6/><D123/><U63/><E128/><V102/><F135/><W105/><G105/><T71/><D109/><U91/><E91/><V74/><REACH who="2" step="1"/><F97/><REACH who="2" ten="317,257,193,223" step="2"/><W37/><G130/><T66/><D133/><U75/><E126/><V62/><F62/><W81/><G37/><T117/><D124/><U103/><E125/><V118/><F118/><W48/><G69/><T16/><D117/><U53/><E75/><V26/><F26/><W32/><G25/><T14/><D71/><U68/><E68/><V1/><F1/><W120/><G120/><T76/><D2/><U115/><E115/><V65/><AGARI ba="0,1" hai="42,45,51,61,65,70,74,78,83,92,95,96,102,104" machi="65" ten="30,4000,0" yaku="1,1,0,1,52,1,53,0" doraHai="57" doraHaiUra="49" who="2" fromWho="2" sc="317,-10,257,-10,193,50,223,-20" /><INIT seed="4,0,0,1,5,58" ten="307,247,243,203" oya="0" hai0="133,2,69,35,19,80,45,61,44,87,72,23,11" hai1="95,129,99,125,20,118,130,82,54,0,70,63,81" hai2="30,119,1,124,48,29,55,66,84,39,5,88,121" hai3="111,41,106,93,64,71,86,134,25,105,10,15,77"/><T112/><D35/><U94/><E0/><V91/><F121/><W46/><G111/><T37/><D112/><U34/><E34/><V17/><F39/><W59/><G71/><T38/><D133/><U47/><E118/><V9/><F119/><W6/><G134/><T135/><D135/><U56/><E95/><V89/><F124/><W103/><G106/><T79/><D44/><U18/><E70/><V117/><F117/><W107/><G107/><T78/><D78/><U101/><E125/><V57/><F84/><W12/><G105/><T26/><D87/><U98/><E98/><V76/><F76/><W90/><G103/><T60/><D69/><U127/><E127/><V131/><F131/><N who="1" m="50185" /><E47/><V43/><F43/><W8/><G77/><T40/><D38/><U83/><E83/><V108/><F108/><W13/><G25/><AGARI ba="0,0" hai="18,20,25,54,56,63,81,82,94,99,101" m="50185" machi="25" ten="30,2000,0" yaku="19,1,52,1" doraHai="58" who="1" fromWho="3" sc="307,0,247,20,243,0,203,-20" /><INIT seed="5,0,0,5,5,97" ten="307,267,243,183" oya="1" hai0="19,87,126,95,47,75,77,64,82,39,108,37,69" hai1="62,113,120,12,96,16,32,119,17,3,61,128,28" hai2="112,10,41,66,53,55,121,23,81,13,102,9,51" hai3="59,46,117,38,56,89,25,116,40,107,29,92,114"/><U135/><E119/><V115/><F121/><W118/><G107/><T34/><D108/><U44/><E120/><V21/><F66/><W111/><G111/><T18/><D34/><U0/><E113/><N who="2" m="43595" /><F41/><W103/><G114/><T11/><D126/><U105/><E128/><V124/><F124/><W74/><G74/><T26/><D19/><U68/><E135/><V1/><F1/><W127/><G127/><T83/><D95/><U65/><E62/><V132/><F132/><W123/><G123/><T86/><D47/><U57/><E57/><N who="2" m="32959" /><F9/><W73/><G73/><T125/><D75/><U6/><E44/><V104/><F81/><W33/><REACH who="3" step="1"/><G103/><REACH who="3" ten="307,267,243,173" step="2"/><T133/><D125/><U106/><E106/><V35/><F102/><W79/><G79/><T42/><D77/><U14/><E105/><V43/><F104/><W63/><G63/><T93/><D133/><U4/><E61/><V99/><F35/><W67/><G67/><T91/><D64/><U5/><E65/><V76/><F76/><W50/><G50/><T88/><D39/><U90/><E32/><V15/><F55/><W78/><G78/><T31/><D37/><U70/><E70/><V80/><F43/><W129/><G129/><T122/><D42/><U101/><E68/><V60/><F60/><W84/><AGARI ba="0,1" hai="25,29,33,38,40,46,56,59,84,89,92,116,117,118" machi="84" ten="30,4000,0" yaku="1,1,0,1,12,1,53,0" doraHai="97" doraHaiUra="130" who="3" fromWho="3" sc="307,-10,267,-20,243,-10,173,50" /><INIT seed="6,0,0,2,1,24" ten="297,247,233,223" oya="2" hai0="68,36,83,18,17,10,92,41,62,31,95,85,73" hai1="109,125,19,39,72,22,77,88,129,23,60,40,9" hai2="67,50,59,127,91,111,122,45,16,112,134,27,87" hai3="105,89,51,1,55,6,8,20,107,63,108,128,21"/><V101/><F122/><W69/><G108/><T52/><D73/><U78/><E109/><V26/><F111/><W54/><G128/><T33/><D36/><U102/><E102/><V38/><F112/><W49/><G89/><T15/><D41/><U84/><E125/><V14/><F127/><W124/><G124/><T43/><D43/><U37/><E72/><V116/><F116/><W135/><G135/><T110/><D110/><U126/><E126/><V104/><F134/><W120/><G120/><T115/><D115/><U119/><E119/><V117/><F38/><W76/><G76/><T64/><D18/><U61/><E40/><N who="2" m="24871" /><F101/><W79/><G79/><N who="1" m="30218" /><E39/><V133/><F104/><W3/><G69/><T100/><D100/><U114/><E129/><V57/><F133/><W99/><G63/><N who="1" m="24138" /><E37/><V103/><F103/><W44/><G1/><T5/><D5/><U93/><E114/><V74/><F74/><W34/><G34/><T71/><D71/><U96/><E96/><V4/><F4/><W58/><REACH who="3" step="1"/><G99/><REACH who="3" ten="297,247,233,213" step="2"/><T48/><D33/><U94/><E94/><N who="2" m="54655" /><F117/><W35/><G35/><T131/><D131/><U30/><E93/><V75/><F75/><W113/><G113/><T121/><D121/><U53/><E84/><V82/><F82/><W106/><AGARI ba="0,1" hai="3,6,8,20,21,44,49,51,54,55,58,105,106,107" machi="106" ten="30,2000,0" yaku="1,1,0,1,53,0" doraHai="24" doraHaiUra="28" who="3" fromWho="3" sc="297,-5,247,-5,233,-10,213,30" /><INIT seed="7,0,0,5,2,132" ten="292,242,223,243" oya="3" hai0="91,95,116,47,38,68,124,79,112,106,64,12,110" hai1="99,24,104,121,39,21,36,30,131,0,133,42,46" hai2="31,53,40,62,29,67,81,113,107,85,69,130,98" hai3="128,78,18,45,51,101,8,109,11,43,119,60,134"/><W105/><G119/><T52/><D116/><U20/><E121/><V55/><F113/><W10/><G134/><T13/><D106/><U115/><E133/><V123/><F130/><W108/><G128/><T125/><D110/><N who="3" m="42601" /><G78/><T114/><D79/><U66/><E0/><V94/><F107/><W9/><G60/><N who="0" m="39943" /><D12/><U87/><E115/><N who="0" m="44073" /><D13/><U135/><E135/><V49/><F40/><W16/><N who="3" m="2048" /><DORA hai="14" /><W76/><G76/><T34/><D34/><U117/><E131/><V71/><F71/><W84/><G84/><N who="0" m="52711" /><D52/><U73/><E117/><V56/><F55/><W102/><G105/><T35/><D35/><U120/><E120/><V6/><F6/><W33/><G33/><T63/><D63/><U5/><E5/><V96/><F123/><W26/><G26/><T1/><D1/><U90/><E24/><V89/><REACH who="2" step="1"/><F98/><REACH who="2" ten="292,242,213,243" step="2"/><W48/><G48/><T32/><D32/><U15/><E104/><V100/><AGARI ba="0,1" hai="29,31,49,53,56,62,67,69,81,85,89,94,96,100" machi="100" ten="20,8000,1" yaku="1,1,2,1,0,1,7,1,53,1" doraHai="132,14" doraHaiUra="3,58" who="2" fromWho="2" sc="292,-20,242,-20,213,90,243,-40" owari="272,7.2,222,-17.8,303,40.3,203,-29.7" /></mjloggm>