<mjloggm ver="2.3"><GO type="169" lobby="0"/><UN n0="%74%6B%34%32" n1="%E3%81%82%E3%81%95%E3%81%B4%E3%82%93%EF%BC%A0%EF%BD%8D%EF%BD%8A" n2="%E3%81%9F%E3%81%8B%E3%81%AA" n3="%5B%5B%79%75%79%75%5D%5D" dan="16,18,19,16" rate="2110.54,2242.68,2213.90,2163.77" sx="M,M,M,M"/><TAIKYOKU oya="0"/><INIT seed="0,0,0,1,4,32" ten="250,250,250,250" oya="0" hai0="50,129,8,130,45,110,85,92,113,104,87,78,108" hai1="79,46,89,105,19,66,94,84,38,65,61,74,51" hai2="29,23,49,59,57,86,42,119,31,52,3,48,114" hai3="6,91,55,77,128,125,103,36,13,107,82,2,63"/><T60/><D113/><U16/><E38/><V18/><F114/><W95/><G125/><T70/><D104/><U7/><E105/><V96/><F119/><W12/><G128/><N who="0" m="49259" /><D8/><U40/><E7/><V109/><F109/><N who="0" m="42090" /><D78/><U101/><E101/><V1/><F96/><W28/><G103/><T116/><D116/><U80/><REACH who="1" step="1"/><E66/><REACH who="1" ten="250,240,250,250" step="2"/><V39/><F39/><W4/><G36/><T72/><D72/><U69/><AGARI ba="0,1" hai="16,19,40,46,51,61,65,69,74,79,80,84,89,94" machi="69" ten="20,12000,2" yaku="1,1,2,1,0,1,7,1,54,1,53,1" doraHai="32" doraHaiUra="58" who="1" fromWho="1" sc="250,-60,240,130,250,-30,250,-30" /><INIT seed="1,0,0,2,3,59" ten="190,370,220,220" oya="1" hai0="124,45,41,115,96,23,9,30,43,69,50,132,12" hai1="101,18,36,119,129,60,109,89,111,6,84,74,68" hai2="65,127,49,97,1,38,72,75,135,58,123,104,66" hai3="112,24,102,29,28,113,105,83,73,22,92,107,79"/><U103/><E119/><V116/><F116/><W106/><REACH who="3" step="1"/><G29/><REACH who="3" ten="190,370,220,210" step="2"/><T13/><D115/><U62/><E129/><V42/><F72/><W48/><G48/><T40/><D132/><U11/><E74/><V61/><F75/><W27/><G27/><T85/><D124/><U52/><E36/><V118/><F38/><W70/><G70/><T128/><D69/><U93/><E68/><V90/><F135/><W5/><G5/><T81/><D128/><U64/><E18/><V31/><F31/><W95/><G95/><T133/><D133/><U78/><E109/><V55/><F127/><W19/><G19/><N who="0" m="10727" /><D30/><U0/><E111/><V71/><F118/><W14/><G14/><T21/><D21/><U76/><E6/><V67/><F71/><W134/><G134/><T16/><D96/><AGARI ba="0,1" hai="22,24,28,73,79,83,92,96,102,105,106,107,112,113" machi="96" ten="40,5200,0" yaku="21,2,53,1" doraHai="59" doraHaiUra="98" who="3" fromWho="0" sc="190,-52,370,0,220,0,210,62" /><INIT seed="2,0,0,4,5,1" ten="138,370,220,272" oya="2" hai0="55,103,10,22,37,119,88,19,3,70,125,34,112" hai1="17,74,121,28,92,45,101,117,41,57,44,76,20" hai2="84,96,81,4,8,56,62,27,16,23,113,93,107" hai3="35,122,69,66,124,87,48,85,46,25,51,115,106"/><V5/><F113/><W90/><G122/><T31/><D112/><U110/><E117/><V118/><F107/><W21/><G106/><T30/><D70/><U6/><E121/><V120/><F118/><W13/><G115/><T65/><D37/><U95/><E110/><V75/><F75/><W105/><G105/><T64/><D119/><U50/><E28/><N who="0" m="10793" /><D34/><U102/><E74/><V116/><F120/><W108/><G35/><T72/><D3/><U47/><E76/><N who="2" m="46119" /><F8/><W36/><G108/><T49/><D103/><N who="1" m="39435" /><E6/><N who="2" m="2667" /><F116/><W114/><G36/><T63/><D63/><U7/><E7/><V130/><F130/><W58/><G69/><T89/><D10/><U99/><E99/><V71/><F71/><W91/><G114/><T33/><D33/><U128/><E128/><V38/><F38/><W52/><G25/><N who="0" m="14559" /><D72/><U94/><E57/><V54/><F93/><W78/><G78/><T111/><D125/><U24/><AGARI ba="0,0" hai="17,20,24,41,44,45,47,50,92,94,95" m="39435" machi="24" ten="30,1100,0" yaku="8,1" doraHai="1" who="1" fromWho="1" sc="138,-3,370,11,220,-5,272,-3" /><INIT seed="3,0,0,5,3,115" ten="135,381,215,269" oya="3" hai0="103,70,105,37,86,121,119,40,67,55,88,82,12" hai1="8,53,24,95,16,29,21,14,101,75,13,129,127" hai2="90,77,34,106,125,4,23,111,122,107,1,109,98" hai3="118,41,59,47,133,27,100,91,117,96,28,35,128"/><W51/><G128/><T36/><D121/><U33/><E75/><V30/><F34/><W113/><G113/><T44/><D119/><U94/><E129/><V11/><F122/><W102/><G133/><T10/><D36/><U63/><E127/><V5/><F77/><W54/><G91/><T25/><D25/><U71/><E101/><V78/><F78/><W104/><REACH who="3" step="1"/><G100/><REACH who="3" ten="135,381,215,259" step="2"/><T99/><D70/><U81/><E81/><V135/><F90/><W112/><G112/><T124/><D124/><U131/><E131/><V126/><F135/><W116/><G116/><T93/><D67/><U110/><E110/><V32/><F125/><W134/><G134/><T20/><D55/><U0/><E53/><V65/><F65/><W6/><G6/><T50/><D37/><AGARI ba="0,1" hai="27,28,35,37,41,47,51,54,59,96,102,104,117,118" machi="37" ten="30,11600,0" yaku="1,1,7,1,52,2,53,0" doraHai="115" doraHaiUra="130" who="3" fromWho="0" sc="135,-116,381,0,215,0,259,126" /><INIT seed="3,1,0,2,5,30" ten="19,381,215,385" oya="3" hai0="126,31,10,0,86,71,101,28,77,2,56,33,118" hai1="76,66,123,125,34,89,105,84,80,109,3,44,132" hai2="82,45,24,95,128,63,36,35,14,53,13,134,130" hai3="75,111,25,59,88,39,26,5,60,32,73,79,104"/><W9/><G104/><T1/><D71/><U74/><E123/><V87/><F95/><W129/><G39/><T103/><D118/><U55/><E3/><V8/><F134/><W72/><G79/><T38/><D38/><U17/><E132/><V92/><F92/><W114/><G114/><T106/><D106/><U6/><E6/><V48/><F36/><W65/><G129/><N who="2" m="49769" /><F63/><W81/><G111/><T16/><D126/><U58/><E125/><V110/><F110/><W117/><G117/><T70/><D70/><U4/><E4/><V18/><F13/><W11/><G26/><T62/><D33/><U99/><E34/><V47/><F24/><W15/><G11/><T127/><D127/><U108/><E17/><V102/><F102/><W23/><G32/><T67/><D103/><N who="1" m="62719" /><E66/><V94/><F94/><W90/><REACH who="3" step="1"/><G81/><REACH who="3" ten="19,381,215,375" step="2"/><T122/><D122/><U12/><E76/><V133/><F82/><W131/><G131/><T20/><D101/><U41/><E108/><V85/><F35/><W21/><G21/><T69/><D69/><U120/><E109/><V112/><F112/><W57/><G57/><T43/><D43/><U119/><E119/><V91/><F8/><W78/><G78/><T124/><D124/><U52/><E58/><V37/><F37/><W116/><G116/><T68/><D10/><U50/><E120/><V100/><F100/><W107/><G107/><T54/><D77/><N who="1" m="44087" /><E12/><V115/><F115/><W40/><G40/><T51/><REACH who="0" step="1"/><D86/><REACH who="0" ten="9,381,215,375" step="2"/><U22/><E22/><N who="2" m="11607" /><F85/><W96/><G96/><T121/><D121/><U113/><E113/><V61/><F87/><RYUUKYOKU ba="1,2" sc="9,10,381,10,215,-30,375,10" hai0="0,1,2,16,20,28,31,51,54,56,62,67,68" hai1="41,44,50,52,55,84,89" hai3="5,9,15,23,25,59,60,65,72,73,75,88,90" /><INIT seed="3,2,2,3,0,39" ten="19,391,185,385" oya="3" hai0="60,81,10,44,99,15,83,118,122,58,108,52,103" hai1="127,80,75,105,134,2,112,100,38,119,123,49,85" hai2="117,106,54,115,42,9,65,56,77,0,95,22,43" hai3="27,64,130,18,62,29,32,88,69,12,59,72,87"/><W126/><G72/><T1/><D118/><U55/><RYUUKYOKU type="yao9" ba="2,2" sc="19,0,391,0,185,0,385,0" hai1="2,38,49,55,75,80,85,100,105,112,119,123,127,134" /><INIT seed="3,3,2,4,2,5" ten="19,391,185,385" oya="3" hai0="4,71,88,115,82,64,95,98,78,51,80,2,54" hai1="81,112,87,117,77,18,45,56,74,119,0,133,27" hai2="97,14,106,10,32,38,72,84,50,89,107,120,130" hai3="39,42,31,15,55,122,113,33,101,53,103,127,135"/><W49/><G122/><T24/><D115/><U57/><E112/><V75/><F38/><W111/><G113/><T29/><D71/><U59/><E0/><V85/><F32/><W124/><G135/><T68/><D68/><U16/><E133/><V63/><F63/><W76/><G76/><T132/><D132/><U128/><E128/><V1/><F1/><W129/><G129/><T34/><D64/><U114/><E114/><V73/><F130/><W17/><G111/><T116/><D116/><N who="1" m="44619" /><E45/><V79/><F50/><W26/><G42/><T35/><D35/><U30/><E74/><V92/><F120/><W94/><G39/><T110/><D110/><U19/><E57/><V91/><F10/><N who="3" m="6391" /><G94/><T109/><D109/><U134/><E134/><V7/><F14/><W3/><G3/><T86/><D82/><U41/><E41/><V69/><F7/><W105/><G105/><N who="2" m="39945" /><F69/><W90/><G90/><N who="2" m="34313" /><F79/><W28/><G28/><T12/><D2/><U11/><E11/><V131/><F131/><W126/><G55/><T47/><D4/><U21/><AGARI ba="3,2" hai="16,18,19,21,27,30,56,59,77,81,87" m="44619" machi="21" ten="30,2000,0" yaku="12,1,54,1" doraHai="5" who="1" fromWho="1" sc="19,-8,391,49,185,-8,385,-13" /><INIT seed="4,0,0,2,5,12" ten="11,440,177,372" oya="0" hai0="126,89,71,49,57,116,127,8,35,45,37,58,69" hai1="70,119,64,90,123,46,82,105,109,74,51,129,14" hai2="63,100,48,131,41,99,60,103,17,94,65,32,132" hai3="55,38,29,85,62,53,79,22,59,120,61,96,40"/><T113/><D116/><U19/><E119/><V122/><F122/><W44/><G120/><T124/><D35/><U114/><E123/><V91/><F32/><W25/><G96/><T21/><D113/><U97/><E109/><V23/><F131/><W76/><REACH who="3" step="1"/><G85/><REACH who="3" ten="11,440,177,362" step="2"/><T6/><D37/><U86/><E129/><V107/><F99/><W7/><G7/><T34/><D34/><U54/><E114/><V9/><F103/><W108/><G108/><T78/><D78/><U13/><E74/><V117/><F100/><W1/><G1/><T83/><D83/><U75/><E75/><V125/><F117/><W52/><G52/><N who="0" m="29743" /><D89/><U47/><E97/><V98/><F98/><W104/><G104/><T11/><D21/><U50/><E105/><V112/><F91/><W134/><G134/><T26/><D26/><U101/><E101/><V4/><F132/><W67/><G67/><T77/><D77/><U111/><E111/><V24/><F107/><W115/><G115/><T15/><D8/><U39/><E39/><V68/><F112/><W30/><G30/><T88/><D88/><U42/><E64/><V27/><F27/><W43/><G43/><T84/><D84/><U31/><E31/><V28/><F28/><W73/><G73/><T3/><D3/><U2/><E2/><V10/><F10/><W121/><G121/><T93/><D93/><U18/><E82/><V102/><F65/><W72/><G72/><T66/><D66/><U118/><E118/><V0/><F0/><W80/><G80/><T81/><D81/><N who="1" m="49487" /><E70/><AGARI ba="0,1" hai="6,11,15,57,58,69,70,71,124,126,127" m="29743" machi="70" ten="40,3900,0" yaku="18,1,54,1" doraHai="12" who="0" fromWho="1" sc="11,49,440,-39,177,0,362,0" /><INIT seed="4,1,0,4,1,107" ten="60,401,177,362" oya="0" hai0="104,85,57,73,64,78,32,9,109,31,111,8,103" hai1="40,126,3,135,122,118,95,96,105,79,22,82,2" hai2="70,68,86,35,39,13,133,127,134,53,88,89,84" hai3="52,21,75,41,12,62,28,36,125,132,108,101,1"/><T114/><D114/><U98/><E118/><V45/><F35/><W55/><G1/><T10/><D32/><U43/><E122/><V4/><F127/><W5/><G125/><T29/><D104/><U54/><E126/><V33/><F33/><W51/><G108/><N who="0" m="41547" /><D103/><U6/><E135/><N who="2" m="51723" /><F4/><W61/><G132/><T99/><D99/><U23/><E54/><V77/><F13/><W117/><G117/><T56/><D85/><N who="2" m="32874" /><F77/><W63/><G101/><T30/><D64/><U87/><E2/><V59/><F45/><W130/><G36/><T7/><D7/><U11/><E105/><V44/><F44/><N who="3" m="25999" /><G75/><T38/><D38/><U76/><E76/><V48/><F39/><W66/><G130/><T121/><D121/><U90/><E96/><V65/><F65/><W17/><G66/><T27/><D27/><U106/><E106/><V18/><F18/><W26/><G5/><T24/><D24/><U120/><E120/><V60/><F48/><W47/><G47/><T25/><D25/><U19/><E19/><V100/><F100/><W69/><G69/><AGARI ba="1,0" hai="53,59,60,68,69,70,88,89" m="32874,51723" machi="69" ten="30,2000,0" yaku="20,1,54,1" doraHai="107" who="2" fromWho="3" sc="60,0,401,0,177,23,362,-23" /><INIT seed="5,0,0,1,4,23" ten="60,401,200,339" oya="1" hai0="19,117,86,0,120,118,92,58,88,63,61,57,113" hai1="21,79,132,9,103,115,18,29,109,1,80,10,124" hai2="91,114,47,12,26,82,25,100,36,108,38,49,2" hai3="51,41,90,77,37,105,27,112,15,68,95,128,24"/><U64/><E115/><V99/><F2/><W81/><G105/><T8/><D113/><U32/><E124/><V84/><F108/><W123/><G112/><T127/><D127/><U102/><E132/><V59/><F114/><W30/><G123/><T83/><D120/><U106/><E64/><V71/><F71/><W65/><G37/><T54/><D83/><U6/><E10/><V135/><F135/><W4/><G30/><T5/><REACH who="0" step="1"/><D19/><REACH who="0" ten="50,401,200,339" step="2"/><U48/><E18/><V97/><F82/><W3/><G128/><T60/><D60/><U7/><E80/><V39/><F39/><W34/><G81/><T107/><D107/><U96/><E106/><V56/><F36/><W121/><G121/><T133/><D133/><U76/><E109/><V55/><F38/><W43/><G77/><T52/><AGARI ba="0,1" hai="0,5,8,52,54,57,58,61,63,86,88,92,117,118" machi="52" ten="20,12000,2" yaku="1,1,0,1,7,1,9,1,54,2,53,0" doraHai="23" doraHaiUra="94" who="0" fromWho="0" sc="50,130,401,-60,200,-30,339,-30" /><INIT seed="6,0,0,1,5,23" ten="180,341,170,309" oya="2" hai0="26,30,116,4,59,76,134,111,82,96,104,31,85" hai1="102,117,42,126,57,128,81,10,38,97,135,88,71" hai2="56,123,86,67,2,53,109,129,113,72,114,107,77" hai3="122,48,19,50,43,29,83,63,17,14,98,9,68"/><V40/><F123/><W127/><G122/><T13/><D111/><U3/><E71/><V49/><F109/><W91/><G127/><T54/><D134/><U93/><E117/><V64/><F107/><W103/><G29/><T58/><D116/><U131/><E135/><V95/><F2/><W87/><G43/><T25/><D104/><U35/><E35/><V45/><F72/><W65/><REACH who="3" step="1"/><G19/><REACH who="3" ten="180,341,170,299" step="2"/><T125/><D125/><U120/><E126/><V115/><F129/><W27/><G27/><N who="0" m="10251" /><D96/><U36/><E42/><V7/><F7/><W73/><G73/><T16/><D4/><U41/><E41/><V112/><N who="2" m="28672" /><DORA hai="94" /><V20/><F20/><W105/><AGARI ba="0,1" hai="9,14,17,48,50,63,65,68,83,87,91,98,103,105" machi="105" ten="20,12000,2" yaku="1,1,0,1,7,1,52,1,53,2" doraHai="23,94" doraHaiUra="46,1" who="3" fromWho="3" sc="180,-30,341,-30,170,-60,299,130" /><INIT seed="7,0,0,4,4,19" ten="150,311,110,429" oya="3" hai0="108,96,8,37,129,122,123,58,107,66,77,125,59" hai1="65,16,128,135,105,81,25,3,0,51,18,106,89" hai2="98,114,69,85,112,46,56,94,7,29,62,47,9" hai3="39,20,68,117,5,124,45,60,133,86,44,34,22"/><W99/><G34/><T76/><D37/><U33/><E128/><V12/><F69/><W38/><G117/><T11/><D96/><U1/><E135/><V97/><F97/><W87/><G5/><T80/><D108/><U91/><E65/><V55/><F85/><W102/><G60/><T52/><D107/><U119/><E119/><V104/><F104/><W90/><G99/><T17/><D129/><U67/><E67/><V42/><F112/><W93/><G93/><T109/><D109/><U15/><E51/><V88/><F114/><W49/><G49/><N who="0" m="30991" /><D125/><U54/><E54/><V120/><F120/><W115/><G115/><T41/><D41/><U116/><E116/><V57/><F42/><W36/><G36/><T79/><D123/><U118/><E118/><V101/><F101/><W53/><G53/><T127/><D127/><U26/><E33/><V72/><F72/><W35/><G35/><T111/><D111/><U95/><E81/><V28/><REACH who="2" step="1"/><F57/><REACH who="2" ten="150,311,100,429" step="2"/><W43/><G43/><T84/><D122/><U131/><E131/><V83/><F83/><W24/><G124/><T23/><D84/><U74/><E74/><V13/><F13/><W92/><G86/><T10/><D80/><U64/><E0/><V50/><F50/><W110/><G110/><T75/><D75/><U48/><E48/><V134/><F134/><W100/><G38/><T32/><D59/><U113/><E113/><V21/><F21/><W132/><G133/><T6/><D23/><U2/><E1/><V61/><F61/><W82/><G132/><T40/><D40/><U73/><E105/><RYUUKYOKU ba="0,1" sc="150,-10,311,-10,100,30,429,-10" hai2="7,9,12,28,29,46,47,55,56,62,88,94,98" owari="140,-26.0,301,10.1,130,-37.0,429,52.9" /></mjloggm>