<mjloggm ver="2.3"><GO type="169" lobby="0"/><UN n0="%E7%89%A7%E5%A0%B4%E3%81%AE%E5%B0%8F%E5%A5%B3" n1="%E3%81%BC%E3%82%93%E3%81%BC%E3%82%93" n2="%E3%81%BD%E3%82%93%E5%8A%A9" n3="%E3%83%A8%E3%82%B7%E3%83%86%E3%83%AB%37%30%38" dan="17,16,16,16" rate="2189.63,2116.20,2080.00,2094.04" sx="F,M,M,M"/><TAIKYOKU oya="0"/><INIT seed="0,0,0,5,3,103" ten="250,250,250,250" oya="0" hai0="47,128,99,74,108,102,106,27,71,69,1,111,90" hai1="21,23,20,2,133,57,10,92,105,13,33,18,5" hai2="4,109,42,68,66,113,44,89,16,53,36,87,52" hai3="121,61,73,49,25,104,6,15,129,112,37,32,124"/><T40/><D1/><U91/><E133/><V62/><F109/><N who="0" m="42058" /><D128/><U26/><E57/><V67/><F113/><W59/><G73/><T85/><D27/><U125/><E125/><V38/><F38/><W24/><G37/><N who="0" m="21903" /><D74/><U30/><REACH who="1" step="1"/><E105/><REACH who="1" ten="250,240,250,250" step="2"/><V135/><F135/><W98/><G104/><T43/><D43/><U79/><E79/><V11/><F67/><W76/><G124/><T88/><D90/><U130/><E130/><V35/><F35/><W31/><G76/><T101/><D101/><U8/><E8/><V134/><F134/><W100/><G32/><T126/><D126/><U70/><E70/><V55/><F55/><W115/><G100/><T123/><D123/><U17/><E17/><V51/><F16/><W80/><G121/><T81/><AGARI ba="0,1" hai="69,71,81,85,88,99,102,106" m="21903,42058" machi="81" ten="30,11700,0" yaku="14,1,10,1,52,1,54,1" doraHai="103" who="0" fromWho="0" sc="250,127,240,-39,250,-39,250,-39" /><INIT seed="0,1,0,0,0,89" ten="377,201,211,211" oya="0" hai0="28,134,20,61,128,91,40,49,77,97,53,117,88" hai1="1,16,116,114,71,13,72,0,124,129,112,100,99" hai2="64,59,76,39,55,130,74,94,126,24,110,32,105" hai3="127,65,101,108,9,43,86,80,92,104,42,67,11"/><T22/><D117/><U132/><E116/><V122/><F122/><W98/><G108/><T109/><D134/><U46/><E71/><V81/><F105/><W35/><G35/><T85/><D128/><U34/><E34/><V54/><F130/><W69/><G127/><T107/><D109/><U5/><E72/><V30/><F39/><W51/><G69/><T75/><D75/><U14/><E129/><V96/><F110/><W66/><G104/><T90/><D40/><N who="3" m="15401" /><G51/><T73/><D73/><U8/><E46/><V15/><F126/><W12/><G12/><T31/><D61/><U87/><E87/><V50/><F15/><W44/><G44/><T63/><D63/><U62/><E62/><V23/><F64/><W7/><G7/><T111/><D111/><U4/><E124/><V119/><F55/><W78/><AGARI ba="1,0" hai="9,11,65,66,67,78,80,86,92,98,101" m="15401" machi="78" ten="30,2000,0" yaku="8,1,52,1" doraHai="89" who="3" fromWho="3" sc="377,-11,201,-6,211,-6,211,23" /><INIT seed="1,0,0,2,2,4" ten="366,195,205,234" oya="1" hai0="9,87,99,119,120,134,2,115,127,70,107,103,124" hai1="130,46,128,98,25,65,38,0,93,135,90,30,95" hai2="62,129,97,37,101,67,83,13,86,19,39,112,89" hai3="43,28,50,75,33,6,125,132,105,41,66,94,123"/><U71/><E135/><V49/><F129/><W24/><G105/><T81/><D70/><U40/><E0/><V51/><F112/><W3/><G75/><T82/><D119/><U85/><E65/><V22/><F37/><W16/><G123/><T108/><D115/><U122/><E71/><V84/><F84/><W113/><G113/><T1/><D108/><U74/><E74/><V47/><F39/><W131/><G66/><T79/><D134/><U29/><E122/><V117/><F47/><W27/><G131/><N who="1" m="50218" /><E25/><V36/><F36/><W42/><G125/><N who="0" m="48203" /><D120/><U111/><E111/><V59/><REACH who="2" step="1"/><F117/><REACH who="2" ten="366,195,195,234" step="2"/><W110/><G110/><T23/><D87/><U34/><E34/><V11/><F11/><W48/><G132/><T68/><D9/><U17/><E17/><V58/><F58/><W63/><G16/><T61/><D68/><U92/><E98/><V109/><F109/><W57/><G57/><T96/><D99/><U45/><E45/><V73/><F73/><W77/><G33/><T53/><D96/><U14/><E14/><V126/><F126/><W100/><G27/><T133/><D1/><U102/><E102/><V60/><F60/><W78/><G24/><T104/><D103/><U88/><E90/><V91/><F91/><W15/><G100/><T26/><D2/><U80/><AGARI ba="0,1" hai="29,30,38,40,46,80,85,88,92,93,95" m="50218" machi="80" ten="30,3000,0" yaku="19,1,54,1" doraHai="4" who="1" fromWho="1" sc="366,-10,195,40,195,-10,234,-10" /><INIT seed="1,1,0,1,0,105" ten="356,235,185,224" oya="1" hai0="54,55,57,129,95,12,42,68,53,69,13,3,40" hai1="19,97,84,16,106,133,61,5,36,76,77,131,62" hai2="125,45,72,89,91,27,115,107,59,101,7,124,29" hai3="11,85,6,10,121,64,93,31,135,60,39,108,47"/><U120/><E120/><V14/><F115/><W37/><G121/><T109/><D57/><U49/><E36/><V17/><F7/><W38/><G108/><T98/><D3/><U113/><E113/><V66/><F45/><W18/><G135/><T67/><D109/><U51/><E133/><V32/><F107/><W119/><G31/><T23/><D129/><U81/><E131/><V15/><F101/><W134/><G134/><T122/><D122/><U58/><E5/><V28/><F28/><W9/><G119/><T65/><D23/><U87/><E106/><V79/><F66/><N who="0" m="25098" /><D95/><U94/><E58/><V46/><F59/><W78/><G18/><N who="1" m="6698" /><E87/><V43/><F15/><N who="0" m="5706" /><D98/><U20/><E20/><V0/><F0/><W88/><G78/><T75/><D75/><U92/><E76/><V114/><F114/><W116/><G116/><T111/><D111/><U1/><E1/><V102/><F72/><W127/><G6/><T56/><D56/><U52/><E94/><V104/><F79/><W90/><G47/><T30/><D30/><U118/><E118/><V44/><F17/><W63/><G64/><T50/><D50/><N who="1" m="18955" /><E52/><V128/><F14/><W26/><G39/><T132/><D132/><U2/><E2/><V74/><F74/><W71/><G38/><T100/><D54/><U86/><E86/><V130/><F130/><W123/><G85/><T22/><D53/><U24/><E24/><V73/><F73/><W8/><G26/><T41/><D55/><U4/><E4/><V110/><F128/><W33/><N who="3" m="2048" /><DORA hai="25" /><W70/><G33/><T48/><D22/><RYUUKYOKU ba="1,0" sc="356,-10,235,30,185,-10,224,-10" hai1="61,62,77,81,84,92,97" /><INIT seed="1,2,0,1,4,80" ten="346,265,175,214" oya="1" hai0="72,54,111,65,29,5,75,46,131,119,132,133,122" hai1="27,76,95,91,9,57,33,83,20,70,123,6,38" hai2="10,79,37,1,126,39,62,51,92,36,25,63,58" hai3="130,77,106,32,28,22,81,82,7,14,11,100,108"/><U42/><E123/><V107/><F107/><W55/><G108/><T30/><D119/><U68/><E33/><V8/><F126/><W99/><G130/><T87/><D111/><U97/><E57/><V96/><F79/><W88/><G32/><T103/><D65/><U112/><E42/><V59/><F51/><W21/><G28/><T90/><D131/><U41/><E41/><V124/><F25/><W116/><G116/><T117/><D117/><U45/><E45/><V86/><F86/><W134/><G134/><T40/><D103/><U114/><E38/><V93/><F93/><W35/><G35/><T12/><D54/><U66/><E66/><V105/><F105/><W3/><G3/><T125/><D125/><U15/><E112/><V64/><F1/><W19/><G55/><T101/><D101/><U18/><REACH who="1" step="1"/><E114/><REACH who="1" ten="346,255,175,214" step="2"/><V24/><F124/><W56/><G56/><T17/><D46/><U13/><E13/><V85/><F24/><W127/><G127/><T128/><D12/><U71/><E71/><V110/><F110/><W52/><G52/><T78/><D40/><U60/><E60/><V67/><REACH who="2" step="1"/><F96/><REACH who="2" ten="346,255,165,214" step="2"/><W50/><G99/><T53/><D128/><U120/><E120/><V74/><F74/><AGARI ba="2,2" hai="6,9,15,18,20,27,68,70,74,76,83,91,95,97" machi="74" ten="30,2900,0" yaku="1,1,7,1,53,0" doraHai="80" doraHaiUra="43" who="1" fromWho="2" sc="346,0,255,55,165,-35,214,0" /><INIT seed="1,3,0,1,5,23" ten="346,310,130,214" oya="1" hai0="34,101,49,100,50,72,59,70,52,128,9,10,28" hai1="96,90,15,5,83,94,42,53,38,117,98,12,135" hai2="0,20,71,92,81,67,36,123,19,99,54,103,89" hai3="37,17,80,21,6,104,47,87,131,63,44,130,29"/><U132/><E117/><V125/><F123/><W95/><G104/><T1/><D70/><U113/><E113/><V88/><F0/><W27/><G6/><T3/><D72/><U32/><E32/><V24/><F36/><W8/><G95/><T120/><D128/><N who="3" m="49193" /><G37/><T68/><D68/><U4/><E53/><V64/><F125/><W25/><G8/><T75/><D75/><U78/><E42/><V16/><F71/><W74/><G63/><T121/><D28/><U35/><E35/><V91/><F81/><W39/><G74/><T41/><D34/><U7/><E38/><V14/><F54/><W82/><G82/><T26/><D52/><U86/><REACH who="1" step="1"/><E98/><REACH who="1" ten="346,300,130,214" step="2"/><V110/><REACH who="2" step="1"/><F110/><REACH who="2" ten="346,300,120,214" step="2"/><W111/><G39/><T40/><D121/><U79/><E79/><V134/><F134/><AGARI ba="3,2" hai="4,5,7,12,15,78,83,86,90,94,96,132,134,135" machi="134" ten="40,7700,0" yaku="1,1,20,1,53,1" doraHai="23" doraHaiUra="76" who="1" fromWho="2" sc="346,0,300,106,120,-86,214,0" /><INIT seed="1,4,0,1,4,110" ten="346,406,34,214" oya="1" hai0="122,26,89,42,44,32,71,33,127,125,111,105,95" hai1="41,10,69,49,52,97,47,36,99,59,61,56,83" hai2="8,53,1,88,35,68,2,87,48,78,80,130,66" hai3="108,31,13,133,115,28,96,128,43,75,34,91,76"/><U0/><E83/><V6/><F130/><W119/><G43/><T70/><D105/><U58/><E0/><V20/><F35/><W62/><G62/><T19/><D111/><U25/><E10/><V102/><F102/><W131/><G76/><T134/><D134/><U107/><E25/><V126/><F126/><W94/><G75/><T129/><D129/><U63/><E107/><V92/><F68/><W90/><G34/><T3/><D3/><U124/><E124/><V4/><F66/><W116/><G13/><T30/><D122/><U17/><E17/><V132/><F132/><W57/><G57/><N who="1" m="22122" /><E99/><V73/><F20/><W101/><G108/><T14/><D32/><U103/><E97/><V82/><F82/><W22/><G96/><T113/><D127/><U15/><E15/><V114/><F114/><W72/><G22/><T29/><D29/><U11/><E11/><V12/><REACH who="2" step="1"/><F6/><REACH who="2" ten="346,406,24,214" step="2"/><W16/><G101/><T117/><D125/><U65/><E103/><V100/><F100/><W135/><G94/><T46/><D113/><U79/><E79/><V121/><F121/><W23/><G23/><T40/><D71/><U112/><E112/><V51/><F51/><AGARI ba="4,1" hai="36,41,47,49,51,52,59,61,63,65,69" m="22122" machi="51" ten="30,18000,2" yaku="35,5,54,1" doraHai="110" who="1" fromWho="2" sc="346,0,406,202,24,-192,214,0" owari="346,14.6,608,70.8,-168,-66.8,214,-18.6" /></mjloggm>