<mjloggm ver="2.3"><GO type="169" lobby="0"/><UN n0="%E4%BF%9D%E8%82%B2%E5%A3%AB" n1="%E6%9C%AC%E5%AE%B6%E3%81%8B%E3%81%BE%E3%81%A9%E3%82%84" n2="%E6%81%8B%E3%81%AE%E3%81%86%E3%81%9F" n3="%E3%82%A2%E3%83%A9%E3%82%B5%E3%83%BC%E3%81%A0%E3%82%88%21%21" dan="16,16,17,18" rate="2222.17,2160.36,2265.66,2222.99" sx="M,M,M,M"/><TAIKYOKU oya="0"/><INIT seed="0,0,0,1,5,114" ten="250,250,250,250" oya="0" hai0="73,10,72,113,27,5,8,84,26,47,128,129,1" hai1="14,122,133,135,40,9,69,68,70,107,81,99,126" hai2="37,88,34,123,58,103,20,115,67,89,116,28,65" hai3="43,104,51,101,80,45,53,66,2,121,117,110,108"/><T61/><D113/><U132/><E122/><V105/><F123/><W41/><G2/><T39/><D84/><U125/><E40/><N who="3" m="15434" /><G101/><T3/><D61/><U18/><E81/><V109/><F115/><W12/><G104/><T98/><D47/><U38/><E38/><V35/><F37/><W111/><G12/><T32/><D39/><U59/><E59/><V56/><F103/><AGARI ba="0,0" hai="9,14,18,68,69,70,99,103,107,125,126,132,133,135" machi="103" ten="50,1600,0" yaku="20,1" doraHai="114" who="1" fromWho="2" sc="250,0,250,16,250,-16,250,0" /><INIT seed="1,0,0,5,1,86" ten="250,266,234,250" oya="1" hai0="48,30,35,101,5,131,130,84,60,95,42,14,25" hai1="72,132,108,118,38,71,98,94,100,87,107,18,134" hai2="93,113,7,36,110,88,122,67,45,117,114,9,16" hai3="8,104,89,10,55,26,40,129,3,15,112,34,43"/><U121/><E71/><V115/><F117/><W105/><G112/><T37/><D37/><U126/><E38/><V116/><F116/><W47/><G3/><T96/><D60/><U19/><E18/><V125/><F110/><W46/><G129/><N who="0" m="49163" /><D84/><U58/><E19/><V50/><F125/><W44/><G55/><T68/><D68/><U20/><E20/><V83/><F122/><W102/><G89/><T128/><D128/><U92/><E58/><V27/><F83/><W53/><G53/><T97/><D97/><N who="1" m="61839" /><E118/><V29/><F67/><W91/><G43/><T123/><D123/><U81/><E72/><V109/><F109/><W63/><G40/><T57/><D57/><U65/><E65/><V24/><F36/><W13/><G63/><T78/><D78/><N who="1" m="46519" /><E108/><V111/><F111/><W21/><G47/><N who="0" m="25719" /><D14/><U90/><E121/><V59/><F59/><W75/><G15/><T17/><D17/><U77/><E77/><V127/><F16/><W23/><G13/><T51/><D51/><U49/><E49/><V85/><F29/><W0/><G75/><T133/><D5/><U135/><E94/><V12/><F127/><AGARI ba="0,0" hai="90,92,98,126,127,132,134,135" m="46519,61839" machi="127" ten="40,12000,1" yaku="20,1,34,2,52,1" doraHai="86" who="1" fromWho="2" sc="250,0,266,120,234,-120,250,0" /><INIT seed="1,1,0,4,1,69" ten="250,386,114,250" oya="1" hai0="51,75,82,12,67,78,126,26,74,37,90,29,130" hai1="77,66,0,105,47,93,84,85,91,104,120,44,4" hai2="116,97,63,28,129,36,42,38,106,101,131,55,125" hai3="100,19,40,86,16,115,132,49,117,61,68,98,107"/><U94/><E120/><V128/><F116/><W32/><G115/><T92/><D130/><N who="2" m="33282" /><V127/><DORA hai="30" /><F42/><W88/><G132/><T60/><D126/><N who="2" m="48138" /><F28/><W103/><G103/><T133/><D133/><U15/><E66/><V89/><F89/><W31/><G117/><T58/><D12/><U5/><E0/><V65/><F55/><W53/><G40/><T54/><D74/><U108/><E15/><V124/><N who="2" m="48146" /><V71/><AGARI ba="1,0" hai="36,38,63,65,71,97,101,106" m="48146,33282" machi="71" ten="60,12000,2" yaku="4,1,19,1,18,1,23,1,52,2" doraHai="69,30" who="2" fromWho="2" sc="250,-31,386,-61,114,123,250,-31" /><INIT seed="2,0,0,5,0,4" ten="219,325,237,219" oya="2" hai0="58,7,31,115,123,29,53,91,103,83,106,74,65" hai1="48,78,45,89,18,99,126,102,60,128,88,28,84" hai2="110,85,135,49,117,38,112,51,73,57,3,105,11" hai3="47,79,114,9,134,69,68,101,130,118,127,98,64"/><V1/><F112/><W82/><G114/><T97/><D115/><U133/><E126/><V21/><F117/><W15/><G118/><T96/><D123/><U16/><E133/><V2/><F73/><W20/><G127/><T50/><D65/><U43/><E28/><V121/><F38/><W54/><G134/><T27/><D7/><U40/><E40/><V70/><F105/><W59/><G130/><T75/><D31/><U131/><E60/><V41/><F70/><W86/><G20/><T107/><D83/><U109/><E109/><V71/><F71/><W26/><G26/><T95/><REACH who="0" step="1"/><D107/><REACH who="0" ten="209,325,237,219" step="2"/><U111/><E111/><V122/><F135/><W12/><G64/><T76/><D76/><U87/><E78/><V30/><F121/><W113/><G113/><T46/><D46/><U35/><E128/><V36/><F122/><W8/><G47/><T42/><D42/><U100/><E131/><V116/><F41/><W10/><G69/><T19/><D19/><BYE who="3" /><U6/><E6/><V0/><N who="2" m="0" /><DORA hai="93" /><V67/><F67/><UN n3="%E3%82%A2%E3%83%A9%E3%82%B5%E3%83%BC%E3%81%A0%E3%82%88%21%21" /><W90/><G68/><T5/><D5/><U34/><E45/><V94/><F30/><W132/><G79/><T119/><D119/><U104/><E43/><V44/><F116/><W56/><G132/><T66/><D66/><U14/><E104/><V72/><F44/><W81/><G81/><T39/><D39/><U124/><E124/><V13/><F36/><W17/><G17/><T129/><D129/><U61/><E18/><V22/><F110/><W33/><G82/><T25/><D25/><U77/><E16/><V63/><F13/><RYUUKYOKU ba="0,1" sc="209,30,325,-10,237,-10,219,-10" hai0="27,29,50,53,58,74,75,91,95,96,97,103,106" /><INIT seed="3,1,1,2,5,28" ten="239,315,227,209" oya="3" hai0="94,64,50,122,118,102,36,68,35,121,29,69,55" hai1="49,112,27,62,135,47,126,131,132,33,82,111,12" hai2="57,93,26,130,70,15,100,76,87,16,18,114,115" hai3="104,42,86,109,59,113,3,56,9,48,39,110,23"/><W8/><G113/><T128/><BYE who="2" /><D118/><U21/><E112/><V105/><F105/><W1/><G104/><UN n2="%E6%81%8B%E3%81%AE%E3%81%86%E3%81%9F" /><T91/><D36/><U61/><E111/><N who="3" m="42506" /><G39/><T10/><D102/><U116/><E116/><V65/><F65/><W31/><BYE who="2" /><G86/><T54/><D128/><U89/><E131/><V134/><F134/><N who="1" m="51241" /><E126/><V106/><F106/><W101/><G101/><T19/><D55/><N who="1" m="30143" /><E33/><V2/><F2/><N who="3" m="523" /><G42/><T133/><D133/><U96/><E12/><V14/><F14/><W11/><G48/><T98/><D50/><U75/><E75/><V13/><F13/><W78/><G78/><T127/><D91/><UN n2="%E6%81%8B%E3%81%AE%E3%81%86%E3%81%9F" /><U77/><E77/><V38/><F38/><W73/><G73/><T74/><D74/><U108/><E108/><V46/><F70/><W129/><G129/><T81/><D69/><U85/><E96/><V32/><F57/><N who="3" m="22091" /><G31/><AGARI ba="1,1" hai="21,27,31,61,62,82,85,89" m="30143,51241" machi="31" ten="30,1000,0" yaku="20,1" doraHai="28" who="1" fromWho="3" sc="239,0,315,23,227,0,209,-13" /><INIT seed="4,0,0,5,5,100" ten="239,338,227,196" oya="0" hai0="9,35,73,101,120,119,134,2,113,70,114,45,65" hai1="36,50,72,30,24,19,53,39,51,76,133,61,63" hai2="42,28,91,44,20,52,62,107,97,49,32,11,46" hai3="5,23,12,8,31,81,21,33,96,131,93,48,123"/><T64/><D120/><U130/><E72/><V14/><F32/><W29/><G131/><T77/><D119/><U80/><E133/><V135/><F135/><W7/><G123/><T69/><D134/><U15/><E50/><V83/><F28/><W102/><G33/><T108/><D35/><U84/><E130/><V127/><F127/><W94/><G81/><N who="0" m="45231" /><D45/><U6/><E6/><V90/><F20/><W47/><G7/><N who="0" m="1271" /><D101/><U3/><E3/><V75/><F75/><W78/><G78/><T4/><D4/><U121/><E121/><V88/><F107/><W103/><G29/><T67/><D108/><U104/><E104/><V110/><F110/><W79/><G79/><T126/><D126/><U0/><E0/><V17/><F62/><W128/><G128/><T125/><D125/><U55/><E55/><V16/><F17/><W38/><G31/><T13/><D13/><U25/><E25/><V71/><F71/><W1/><G1/><T87/><D87/><U116/><E24/><V68/><F68/><W41/><REACH who="3" step="1"/><G48/><REACH who="3" ten="239,338,227,186" step="2"/><T92/><D70/><U56/><E30/><V98/><F83/><W34/><G34/><T86/><D69/><U112/><E51/><AGARI ba="0,1" hai="11,14,16,42,44,46,49,51,52,88,90,91,97,98" machi="51" ten="40,8000,1" yaku="8,1,54,3" doraHai="100" who="2" fromWho="1" sc="239,0,338,-80,227,90,186,0" /><INIT seed="5,0,0,4,4,127" ten="239,258,317,186" oya="1" hai0="26,23,24,14,10,11,103,126,84,117,2,16,106" hai1="116,110,133,82,8,19,62,22,79,67,97,9,40" hai2="70,0,72,43,102,58,38,134,80,57,1,63,114" hai3="68,59,34,88,27,86,130,135,45,94,118,75,51"/><U99/><E116/><V29/><F102/><W128/><G68/><T83/><D117/><U91/><E133/><V78/><F58/><W69/><G118/><T64/><D126/><U15/><E110/><V18/><F18/><W107/><G107/><T6/><D64/><U48/><E40/><V54/><F29/><N who="3" m="19775" /><G69/><T39/><D39/><U100/><E48/><V101/><F101/><W131/><G59/><T49/><D23/><U61/><E91/><V74/><F74/><W3/><G75/><T95/><D106/><U122/><E122/><V85/><F114/><W60/><G3/><T108/><D108/><U65/><E82/><V98/><F98/><N who="1" m="37385" /><E79/><V115/><F115/><W35/><BYE who="2" /><G35/><T25/><D103/><U120/><E100/><V41/><F41/><N who="3" m="25007" /><G60/><N who="1" m="23146" /><E120/><V44/><F44/><W20/><G20/><T76/><REACH who="0" step="1"/><D49/><REACH who="0" ten="229,258,317,186" step="2"/><U104/><E104/><V56/><F56/><W77/><G77/><T5/><D5/><U21/><E21/><V33/><F33/><W50/><G50/><UN n2="%E6%81%8B%E3%81%AE%E3%81%86%E3%81%9F" /><T112/><BYE who="2" /><D112/><U113/><E113/><V119/><F119/><W37/><G135/><T93/><AGARI ba="0,1" hai="2,6,10,11,14,16,24,25,26,76,83,84,93,95" machi="93" ten="30,4000,0" yaku="1,1,0,1,54,1,53,0" doraHai="127" doraHaiUra="124" who="0" fromWho="0" sc="229,50,258,-20,317,-10,186,-10" /><INIT seed="6,0,0,4,2,100" ten="279,238,307,176" oya="2" hai0="75,23,129,56,5,33,95,111,118,87,135,10,19" hai1="104,65,2,76,122,88,8,15,41,106,62,13,108" hai2="4,93,47,80,72,84,55,35,18,17,119,34,78" hai3="68,105,97,29,113,96,101,128,54,79,83,67,24"/><V103/><F103/><UN n2="%E6%81%8B%E3%81%AE%E3%81%86%E3%81%9F" /><W39/><G39/><T114/><D75/><U126/><E108/><V132/><F132/><W91/><BYE who="2" /><G128/><T130/><D33/><U6/><E76/><V22/><F22/><W52/><G113/><T77/><D135/><U90/><E41/><V53/><F53/><W31/><G91/><T0/><D111/><U37/><E37/><V16/><F16/><W115/><G96/><T7/><D7/><U1/><E126/><V30/><F30/><W58/><G115/><T28/><D28/><U32/><E32/><V61/><F61/><W21/><G31/><T69/><D69/><U127/><E127/><V9/><F9/><W57/><G68/><T44/><D114/><U49/><E49/><V74/><F74/><W73/><REACH who="3" step="1"/><G58/><REACH who="3" ten="279,238,307,166" step="2"/><T46/><D56/><U51/><E90/><V99/><F99/><W64/><G64/><T71/><D71/><U40/><E88/><V27/><F27/><W45/><G45/><T121/><D44/><U11/><E122/><V85/><F85/><W82/><G82/><T94/><D46/><U120/><E120/><V131/><F131/><W20/><G20/><T81/><D121/><U48/><E65/><V134/><F134/><W112/><G112/><T92/><D130/><U59/><E59/><V109/><F109/><W50/><G50/><T38/><D129/><U66/><E66/><V124/><F124/><W70/><G70/><T123/><D123/><U63/><E40/><V12/><F12/><W3/><G3/><T107/><D38/><U125/><E125/><V60/><F60/><AGARI ba="0,1" hai="21,24,29,52,54,57,60,67,73,79,83,97,101,105" machi="60" ten="40,5200,0" yaku="1,1,52,1,54,1,53,0" doraHai="100" doraHaiUra="89" who="3" fromWho="2" sc="279,0,238,0,307,-52,166,62" /><INIT seed="7,0,0,2,5,95" ten="279,238,255,228" oya="3" hai0="71,14,60,64,61,104,39,94,65,24,125,107,48" hai1="124,21,86,15,98,101,47,13,123,76,72,78,38" hai2="82,66,46,53,75,3,27,54,56,81,89,50,0" hai3="4,62,117,79,134,133,105,29,109,67,52,12,99"/><W33/><G117/><T34/><D39/><U80/><E123/><V70/><F70/><N who="3" m="42359" /><G79/><T11/><D125/><U85/><E124/><V118/><F118/><W45/><G109/><T51/><D94/><U6/><E6/><V18/><F18/><W35/><G12/><T122/><D122/><U44/><E72/><V26/><F26/><N who="3" m="18615" /><G4/><T132/><D24/><U68/><E68/><V126/><F126/><W32/><G52/><T37/><D14/><U23/><E38/><V40/><F40/><W17/><G17/><T88/><D37/><U63/><E63/><V91/><F91/><W43/><G43/><T111/><D60/><U10/><E80/><V96/><F96/><W119/><G45/><T20/><D61/><U100/><E10/><V108/><F108/><W36/><G36/><T93/><D111/><U22/><E22/><V90/><F90/><W31/><G119/><T5/><D5/><U58/><E58/><V73/><F73/><W8/><G8/><T120/><D11/><U16/><E16/><V114/><F114/><W97/><G97/><AGARI ba="0,0" hai="13,15,21,23,44,47,76,78,85,86,97,98,100,101" machi="97" ten="25,8000,1" yaku="22,2,8,1,52,2" doraHai="95" who="1" fromWho="3" sc="279,0,238,80,255,0,228,-80" owari="279,7.9,318,41.8,255,-14.5,148,-35.2" /></mjloggm>