<mjloggm ver="2.3"><GO type="169" lobby="0"/><UN n0="%E9%BA%BB%E5%80%89%E8%91%89" n1="%E8%B5%A4%E7%BE%8E%E6%BF%83%E3%81%BE%E3%81%90%E3%82%8D" n2="%31%74%61" n3="%E3%81%82%E3%81%95%E3%81%B4%E3%82%93%EF%BC%A0%EF%BD%8D%EF%BD%8A" dan="16,17,17,18" rate="2150.12,2210.29,2233.90,2273.70" sx="M,M,M,M"/><TAIKYOKU oya="0"/><INIT seed="0,0,0,3,5,113" ten="250,250,250,250" oya="0" hai0="61,108,125,103,41,67,111,107,86,128,4,33,71" hai1="134,7,120,43,101,96,52,22,94,57,79,42,119" hai2="31,98,135,53,23,32,45,54,9,124,133,80,64" hai3="49,89,34,78,112,40,6,84,81,29,83,10,73"/><T19/><D4/><U14/><E120/><V5/><F124/><W59/><G112/><T77/><D125/><U115/><E115/><V65/><F32/><W93/><G34/><T47/><D128/><U100/><E134/><N who="2" m="51211" /><F98/><W130/><G130/><T60/><D60/><U25/><E79/><V20/><F80/><W123/><G29/><T16/><D33/><U105/><E105/><V62/><F65/><W102/><G123/><T12/><D77/><U121/><E101/><V24/><F20/><W55/><G40/><T118/><D86/><U1/><E1/><N who="2" m="175" /><F45/><W126/><G126/><T74/><D74/><U97/><E121/><V15/><F15/><W114/><G114/><T91/><D91/><U28/><E96/><V37/><F37/><W76/><G102/><T50/><D103/><U75/><E75/><V104/><F104/><W38/><G38/><T3/><D3/><U17/><E7/><V48/><F48/><W72/><G6/><T99/><D99/><U51/><REACH who="1" step="1"/><E119/><REACH who="1" ten="250,240,250,250" step="2"/><V109/><F109/><N who="0" m="42058" /><D107/><U70/><E70/><AGARI ba="0,1" hai="23,24,31,53,54,62,64,70" m="175,51211" machi="70" ten="30,1000,0" yaku="20,1" doraHai="113" who="2" fromWho="1" sc="250,0,240,-10,250,20,250,0" /><INIT seed="1,0,0,5,2,115" ten="250,230,270,250" oya="1" hai0="5,110,47,19,11,77,80,85,109,104,101,52,6" hai1="18,21,116,54,111,30,76,90,56,95,89,57,25" hai2="1,129,88,94,36,55,67,59,96,2,107,32,97" hai3="43,44,63,118,87,123,121,12,20,65,108,27,106"/><U14/><E111/><N who="0" m="42505" /><D101/><U48/><E116/><V26/><F36/><W37/><G108/><T81/><D104/><U100/><E76/><V29/><F67/><W128/><G128/><T86/><D19/><U49/><E100/><V22/><F129/><W51/><G106/><T28/><D28/><U62/><E57/><V38/><F38/><W39/><G39/><T127/><D127/><U24/><E90/><V91/><F32/><W10/><G37/><T33/><D33/><U133/><E133/><V119/><F119/><W8/><G118/><T130/><D130/><U61/><E49/><V9/><F107/><W99/><G99/><T35/><D35/><U93/><E93/><V15/><F91/><W60/><G87/><N who="0" m="33291" /><D11/><U0/><E0/><V23/><F23/><W70/><G63/><N who="1" m="24074" /><E30/><V92/><F92/><W102/><G102/><T7/><D77/><U34/><E34/><V16/><REACH who="2" step="1"/><F96/><AGARI ba="0,0" hai="14,18,21,24,25,48,54,56,89,95,96" m="24074" machi="96" ten="30,1500,0" yaku="8,1" doraHai="115" who="1" fromWho="2" sc="250,0,230,15,270,-15,250,0" /><INIT seed="1,1,0,3,3,66" ten="250,245,255,250" oya="1" hai0="121,3,31,96,69,51,13,120,54,93,71,10,36" hai1="135,124,41,15,12,55,123,24,117,37,110,16,133" hai2="111,27,104,79,18,112,67,81,73,105,29,72,131" hai3="68,20,76,48,8,2,22,38,119,44,23,65,78"/><U26/><E117/><V60/><F111/><W4/><G38/><T61/><D3/><U28/><E123/><N who="0" m="47177" /><D61/><U128/><E128/><V125/><F131/><W39/><G39/><T106/><D106/><U9/><E41/><V114/><F125/><W86/><G119/><T82/><D82/><U108/><E37/><V34/><F18/><W122/><G122/><T49/><D31/><U7/><E55/><V1/><F1/><W97/><G97/><T109/><D36/><U115/><E115/><N who="2" m="44075" /><F72/><W99/><G99/><T91/><D109/><N who="1" m="42091" /><E124/><V126/><F126/><W130/><G130/><T70/><D54/><U127/><E127/><V116/><F116/><W94/><G94/><T43/><D43/><U33/><E26/><V58/><AGARI ba="1,0" hai="27,29,34,58,60,67,73,79,81,104,105" m="44075" machi="58" ten="30,1100,0" yaku="11,1" doraHai="66" who="2" fromWho="2" sc="250,-4,245,-6,255,14,250,-4" /><INIT seed="2,0,0,1,0,93" ten="246,239,269,246" oya="2" hai0="52,12,41,127,46,103,2,40,75,90,70,53,68" hai1="59,130,50,73,86,49,63,124,105,109,44,24,115" hai2="62,39,6,83,69,89,74,42,118,80,84,28,5" hai3="91,37,13,129,9,125,132,112,51,95,99,98,36"/><V25/><F118/><W79/><G129/><T7/><D2/><U30/><E73/><V1/><F1/><W108/><G108/><T20/><D75/><U19/><E115/><V8/><F39/><W102/><G112/><T114/><D114/><U32/><E105/><V116/><F116/><W77/><G132/><T3/><D3/><U15/><E109/><V66/><F42/><W64/><G125/><T55/><D103/><U56/><E124/><V27/><F8/><W92/><G64/><T58/><D127/><U134/><E134/><V121/><F121/><W10/><G51/><T22/><D58/><U97/><E130/><V107/><F107/><W126/><G126/><T133/><D133/><U57/><E86/><V0/><F0/><W65/><G65/><T43/><D46/><U33/><E33/><V47/><F47/><W29/><G29/><T34/><D90/><U122/><E122/><V54/><F54/><W106/><G106/><T135/><D34/><U82/><E82/><V71/><F71/><N who="0" m="27178" /><D135/><U76/><E76/><V26/><REACH who="2" step="1"/><F28/><REACH who="2" ten="246,239,259,246" step="2"/><W94/><G9/><T100/><D43/><U18/><E44/><V104/><F104/><W35/><G37/><T60/><D41/><U38/><E38/><V117/><F117/><W23/><G36/><T119/><D40/><U21/><E30/><V81/><F81/><W4/><G10/><N who="0" m="4191" /><D119/><U16/><E15/><V96/><F96/><W113/><G113/><T14/><D55/><U88/><E97/><V11/><F11/><N who="3" m="4327" /><G98/><T131/><D131/><U67/><E67/><V17/><F17/><W101/><G99/><RYUUKYOKU ba="0,1" sc="246,-10,239,-10,259,30,246,-10" hai2="5,6,25,26,27,62,66,69,74,80,83,84,89" /><INIT seed="2,1,1,3,4,61" ten="236,229,289,236" oya="2" hai0="40,12,0,28,59,62,51,79,47,102,131,67,76" hai1="116,134,77,42,85,5,92,52,56,68,71,100,129" hai2="107,14,111,54,78,86,101,98,118,13,115,43,121" hai3="94,97,125,75,74,58,20,90,72,23,19,60,64"/><V127/><F115/><W22/><REACH who="3" step="1"/><G125/><REACH who="3" ten="236,229,289,226" step="2"/><T69/><D131/><U30/><E129/><V104/><F127/><W50/><G50/><T123/><D123/><U44/><E116/><V34/><F118/><W80/><G80/><T36/><D0/><U96/><E134/><V126/><F121/><W4/><G4/><T45/><D28/><U99/><E5/><V41/><F126/><W82/><G82/><T1/><D1/><U31/><E31/><V88/><F111/><W112/><G112/><T10/><D102/><U46/><E30/><V89/><F101/><W117/><G117/><T53/><REACH who="0" step="1"/><D47/><REACH who="0" ten="226,229,289,226" step="2"/><U103/><E44/><V11/><F34/><W124/><G124/><T55/><D55/><U91/><E46/><V49/><F54/><W24/><AGARI ba="1,3" hai="19,20,22,23,24,58,60,64,72,74,75,90,94,97" machi="24" ten="30,8000,1" yaku="21,2,0,1,52,1,53,1" doraHai="61" doraHaiUra="57" who="3" fromWho="3" sc="226,-21,229,-21,289,-41,226,113" /><INIT seed="3,0,0,1,2,30" ten="205,208,248,339" oya="3" hai0="57,37,55,73,102,133,132,69,39,16,96,77,48" hai1="79,10,59,111,28,40,91,103,107,17,9,26,90" hai2="123,82,36,78,74,25,41,94,128,22,27,14,81" hai3="119,34,101,12,83,1,46,126,13,0,114,49,97"/><W5/><G114/><T76/><D69/><U127/><E111/><V110/><F110/><W15/><G119/><T112/><D112/><U117/><E117/><V118/><F118/><W130/><G130/><T124/><D124/><U86/><E127/><V84/><F128/><W52/><G126/><T64/><D64/><U3/><E79/><V2/><F2/><W68/><G68/><T106/><D73/><U104/><E40/><V93/><F123/><W80/><G34/><T23/><D76/><U43/><E43/><V61/><F14/><W47/><G47/><T19/><D77/><U85/><E3/><V109/><F109/><W129/><G129/><T134/><REACH who="0" step="1"/><D19/><REACH who="0" ten="195,208,248,339" step="2"/><U51/><E17/><V54/><F74/><W18/><G18/><T7/><D7/><U29/><E29/><V116/><F78/><W63/><G5/><T42/><D42/><U108/><E28/><V115/><F41/><W87/><G63/><T122/><D122/><U120/><E108/><V45/><F61/><W135/><G135/><T53/><D53/><U71/><E71/><V65/><F54/><W100/><G52/><T131/><D131/><U50/><E120/><V70/><F65/><W21/><G49/><T92/><D92/><U32/><E51/><V125/><F70/><W98/><G83/><T20/><D20/><U72/><E50/><V44/><F115/><W121/><G21/><T105/><D105/><U88/><E72/><V60/><F125/><W66/><G121/><T113/><D113/><U89/><E107/><V62/><F116/><W75/><G80/><T33/><D33/><RYUUKYOKU ba="0,1" sc="195,30,208,-10,248,-10,339,-10" hai0="16,23,37,39,48,55,57,96,102,106,132,133,134" /><INIT seed="4,1,1,4,1,110" ten="225,198,238,329" oya="0" hai0="70,6,123,87,47,11,22,37,30,27,72,111,2" hai1="26,43,31,7,120,36,115,104,109,106,89,29,91" hai2="69,41,4,12,19,118,112,129,34,88,18,85,93" hai3="16,54,77,86,114,59,122,83,14,45,103,23,38"/><T131/><D123/><U132/><E109/><V53/><F34/><W97/><G122/><T13/><D111/><U67/><E120/><V130/><F69/><W76/><G38/><T63/><D131/><N who="2" m="50186" /><F41/><W128/><G128/><T134/><D134/><U32/><E132/><V20/><F118/><W15/><G45/><T44/><D72/><U90/><E7/><V9/><F112/><W60/><G114/><T102/><D37/><U33/><E115/><V100/><F53/><W125/><G125/><T48/><D102/><U96/><E67/><V35/><F35/><W40/><G40/><T98/><D98/><U65/><E65/><V0/><F19/><W58/><G58/><T42/><D47/><U46/><REACH who="1" step="1"/><E96/><REACH who="1" ten="225,188,238,329" step="2"/><V61/><F100/><W113/><G113/><T79/><D2/><U3/><E3/><V8/><F61/><W57/><G103/><T92/><D63/><U21/><E21/><AGARI ba="1,2" hai="0,4,8,9,12,18,20,21,85,88,93" m="50186" machi="21" ten="30,2000,0" yaku="19,1,54,1" doraHai="110" who="2" fromWho="1" sc="225,0,188,-23,238,43,329,0" /><INIT seed="5,0,0,0,4,89" ten="225,165,281,329" oya="1" hai0="117,58,22,115,101,129,83,78,87,55,18,35,91" hai1="43,5,57,71,38,105,70,106,124,125,8,0,11" hai2="111,96,100,6,17,39,49,40,130,54,44,24,21" hai3="47,56,76,59,36,103,127,119,79,135,62,75,31"/><U99/><E57/><V61/><F111/><W10/><G127/><N who="1" m="48714" /><E11/><V131/><F6/><W88/><G135/><T122/><D35/><U107/><E99/><V134/><F134/><W12/><G119/><T13/><D117/><U77/><E77/><V81/><F81/><W112/><G59/><T65/><D122/><U53/><E53/><V26/><F61/><W51/><G76/><T30/><D65/><U109/><E109/><V3/><F3/><W82/><G56/><T60/><D115/><U120/><E120/><V2/><F2/><W27/><G62/><T84/><D129/><N who="2" m="49162" /><F26/><W20/><G112/><T15/><D101/><U48/><E48/><V68/><F68/><N who="1" m="26153" /><E43/><V64/><F64/><W110/><G103/><T113/><D113/><U74/><E38/><V29/><F40/><W80/><G36/><T95/><REACH who="0" step="1"/><D30/><REACH who="0" ten="215,165,281,329" step="2"/><U69/><N who="1" m="26161" /><U90/><DORA hai="67" /><E90/><V28/><F39/><W25/><G110/><T121/><D121/><U34/><E34/><V23/><F29/><W97/><G31/><T86/><D86/><U42/><E42/><V72/><F28/><W128/><G128/><T93/><D93/><U7/><E7/><V85/><F85/><W126/><G126/><T94/><D94/><U98/><E98/><V41/><F41/><W9/><G97/><T19/><D19/><U4/><E4/><V133/><F17/><N who="3" m="10279" /><G88/><T118/><D118/><U33/><E33/><V37/><F96/><W123/><G123/><T104/><D104/><U73/><AGARI ba="0,1" hai="0,5,8,73,74,105,106,107" m="26161,48714" machi="73" ten="60,18000,2" yaku="18,1,23,1,52,4" doraHai="89,67" who="1" fromWho="1" sc="215,-60,165,190,281,-60,329,-60" /><INIT seed="5,1,0,5,2,115" ten="155,355,221,269" oya="1" hai0="43,48,75,86,92,108,126,114,100,39,47,36,81" hai1="112,103,34,57,16,21,116,130,22,132,51,110,3" hai2="58,135,91,65,104,55,118,77,41,59,124,6,74" hai3="19,68,32,97,30,76,69,42,129,120,0,62,122"/><U44/><E34/><V134/><F104/><W64/><G69/><T70/><D108/><U61/><E112/><V98/><F124/><W107/><G129/><T63/><D114/><U101/><E3/><V17/><F6/><W27/><G19/><T128/><D126/><U113/><E113/><V24/><F41/><W33/><G33/><T67/><D128/><U15/><E110/><V127/><F127/><W82/><G42/><T49/><D75/><U119/><E130/><V88/><F118/><W133/><G133/><N who="2" m="50697" /><F98/><W121/><G0/><T10/><D49/><U4/><E132/><V14/><F24/><W123/><G121/><T93/><D10/><U31/><E4/><V73/><F65/><W8/><G8/><T20/><D20/><U13/><E119/><V7/><F7/><W1/><G1/><T40/><D100/><U117/><E117/><V106/><F106/><W11/><G11/><T72/><D72/><N who="2" m="27754" /><F77/><W125/><G125/><T9/><D9/><U50/><E116/><V60/><F59/><W102/><REACH who="3" step="1"/><G123/><REACH who="3" ten="155,355,221,259" step="2"/><T96/><D43/><U71/><E71/><V99/><F99/><W18/><G18/><T131/><D131/><U95/><E31/><V66/><F55/><W52/><G52/><T105/><D96/><U38/><E22/><AGARI ba="1,1" hai="14,17,22,58,60,66,88,91" m="27754,50697" machi="22" ten="30,2000,0" yaku="20,1,54,1" doraHai="115" who="2" fromWho="1" sc="155,0,355,-23,221,33,259,0" /><INIT seed="6,0,0,4,4,59" ten="155,332,254,259" oya="2" hai0="60,82,135,129,105,50,120,0,62,109,111,101,97" hai1="131,79,19,71,110,15,1,48,13,81,77,100,98" hai2="108,114,22,90,63,4,49,91,115,61,29,27,6" hai3="70,106,134,46,118,67,5,53,41,66,26,75,124"/><V102/><F102/><W123/><G75/><T132/><D120/><U8/><E110/><N who="0" m="41993" /><D0/><U117/><E131/><V84/><F108/><W127/><G106/><T56/><D82/><U92/><E117/><V37/><F37/><N who="3" m="21807" /><G5/><N who="2" m="2153" /><F49/><W122/><G26/><T45/><D56/><U99/><E1/><V121/><F121/><N who="3" m="46091" /><G118/><T23/><D23/><U51/><E71/><V68/><F68/><W104/><G104/><T88/><D129/><U119/><E119/><V65/><F65/><N who="3" m="24587" /><G70/><T38/><D38/><U103/><E15/><V21/><F21/><W133/><G53/><N who="0" m="29903" /><D88/><N who="2" m="33834" /><F84/><W12/><G12/><T55/><D55/><U113/><E113/><AGARI ba="0,0" hai="22,27,29,61,63,113,114,115" m="33834,2153" machi="113" ten="30,11600,0" yaku="15,1,52,2,54,1" doraHai="59" who="2" fromWho="1" sc="155,0,332,-116,254,116,259,0" /><INIT seed="6,1,0,1,0,126" ten="155,216,370,259" oya="2" hai0="88,14,10,92,51,103,43,89,133,25,23,108,13" hai1="58,45,49,98,33,100,28,73,117,2,95,0,55" hai2="97,47,16,132,18,84,35,67,65,38,120,134,115" hai3="130,135,27,87,63,125,75,59,90,40,12,37,62"/><V56/><F120/><W102/><G75/><T69/><D133/><N who="2" m="51306" /><F35/><W8/><G135/><T127/><D127/><U7/><E73/><V48/><F115/><W96/><G125/><T50/><D69/><U5/><E117/><V119/><F119/><W22/><G37/><T99/><D108/><U128/><E128/><V64/><F97/><W78/><G40/><T31/><D14/><U3/><REACH who="1" step="1"/><E45/><REACH who="1" ten="155,206,370,259" step="2"/><V17/><F84/><W66/><G130/><T122/><D122/><U104/><E104/><V111/><F111/><W86/><G86/><T6/><REACH who="0" step="1"/><D43/><REACH who="0" ten="145,206,370,259" step="2"/><U83/><E83/><V79/><F47/><W80/><G80/><T114/><D114/><U82/><E82/><V94/><F56/><W54/><G59/><T112/><D112/><U109/><E109/><V121/><F121/><W81/><G81/><T42/><D42/><U93/><E93/><V57/><F94/><W68/><G68/><T19/><D19/><U107/><E107/><V20/><F17/><W21/><G78/><T30/><D30/><U91/><E91/><AGARI ba="1,2" hai="6,10,13,23,25,31,50,51,88,89,91,92,99,103" machi="91" ten="40,12000,2" yaku="1,1,8,1,54,1,53,3" doraHai="126" doraHaiUra="85" who="0" fromWho="1" sc="145,143,206,-123,370,0,259,0" /><INIT seed="7,0,0,1,0,63" ten="288,83,370,259" oya="3" hai0="8,4,129,12,105,92,114,104,1,68,18,17,86" hai1="22,62,29,71,123,35,124,39,51,126,30,14,47" hai2="107,82,54,52,26,133,0,69,88,65,72,98,99" hai3="93,43,23,38,10,74,59,84,115,94,20,117,49"/><W19/><G115/><T37/><D37/><U87/><E123/><V130/><F0/><W50/><G74/><T128/><D68/><U55/><E35/><V95/><F130/><N who="0" m="50282" /><D114/><U2/><E2/><V113/><F26/><W102/><G117/><T120/><D120/><U42/><E87/><V101/><F133/><W96/><G38/><T103/><D86/><U106/><E106/><N who="0" m="41065" /><D1/><U27/><E14/><V108/><F108/><W66/><G10/><T112/><D112/><U45/><E30/><V110/><F110/><W64/><G43/><T61/><D61/><U32/><E32/><V57/><F69/><W6/><G6/><T100/><D100/><U3/><E3/><V109/><F109/><W121/><G121/><T28/><D28/><U24/><E24/><V76/><F113/><W116/><G116/><T135/><D135/><U83/><E83/><V53/><F101/><W90/><G23/><T36/><D36/><U78/><E78/><V97/><F107/><W41/><G41/><T48/><D48/><N who="3" m="18537" /><G59/><T58/><D58/><U15/><E15/><AGARI ba="0,0" hai="15,19,20,64,66,84,90,93,94,96,102" m="18537" machi="15" ten="30,5800,0" yaku="8,1,52,2" doraHai="63" who="3" fromWho="1" sc="288,0,83,-58,370,0,259,58" /><INIT seed="7,1,0,0,5,121" ten="288,25,370,317" oya="3" hai0="100,84,125,18,89,99,52,69,2,12,37,115,112" hai1="20,10,1,81,127,72,114,61,119,44,39,116,98" hai2="124,80,0,15,109,104,48,36,97,16,24,111,74" hai3="66,28,73,126,27,51,63,62,49,108,56,26,101"/><W93/><G73/><T60/><D37/><U75/><E20/><V83/><F36/><W106/><G106/><T42/><D2/><U50/><E98/><V55/><F0/><W71/><G126/><T30/><D30/><U82/><E10/><V122/><F122/><W35/><G108/><T76/><D42/><U13/><E13/><V92/><F104/><W45/><G26/><T23/><D76/><U7/><E61/><V22/><F74/><W40/><G93/><T87/><D125/><U3/><E50/><V123/><F123/><W94/><G94/><N who="0" m="56783" /><D69/><U133/><E44/><V86/><F124/><W85/><G85/><T5/><D5/><U65/><E65/><V117/><F117/><W110/><G101/><T95/><D100/><U130/><E7/><V77/><F83/><W67/><REACH who="3" step="1"/><G110/><REACH who="3" ten="288,25,370,307" step="2"/><T68/><D95/><U131/><E81/><V25/><F111/><W17/><G17/><T57/><D68/><U43/><E82/><V11/><F109/><W38/><AGARI ba="1,1" hai="27,28,35,38,40,45,49,51,56,62,63,66,67,71" machi="38" ten="20,3900,0" yaku="1,1,0,1,7,1,53,0" doraHai="121" doraHaiUra="102" who="3" fromWho="3" sc="288,-14,25,-14,370,-14,307,52" owari="274,-12.6,11,-48.9,356,15.6,359,45.9" /></mjloggm>