<mjloggm ver="2.3"><GO type="169" lobby="0"/><UN n0="%79%6D%6C%73%67%61%6D%65" n1="%50%65%74%65%72%50%61%6E" n2="%E6%82%94%E3%81%84%E3%82%BF%E3%83%B3" n3="%41%62%65%73%65%6E%61%6C" dan="16,17,17,16" rate="2137.41,2222.10,2185.28,2132.82" sx="F,M,M,M"/><TAIKYOKU oya="0"/><INIT seed="0,0,0,4,3,98" ten="250,250,250,250" oya="0" hai0="97,53,108,14,42,117,94,41,52,44,26,67,103" hai1="131,9,83,120,100,1,23,31,82,60,51,124,22" hai2="34,69,49,121,19,66,62,59,128,123,37,132,7" hai3="0,102,126,16,88,6,70,115,25,21,3,18,110"/><T76/><D117/><U68/><E120/><V112/><F112/><W71/><G115/><T93/><D76/><U56/><E124/><V10/><F34/><W28/><G126/><T84/><D108/><U77/><E131/><V79/><F128/><W135/><G110/><T72/><D72/><U85/><E68/><V43/><F132/><W12/><G135/><T91/><D67/><U101/><E51/><V87/><F19/><W36/><G36/><T40/><D44/><U113/><E113/><V122/><F37/><W13/><G6/><T2/><D2/><U130/><E130/><V48/><F69/><W35/><G71/><T55/><D26/><N who="1" m="16855" /><E1/><V8/><F43/><W45/><G70/><T73/><D73/><U15/><E23/><V30/><F30/><W74/><G74/><T5/><D5/><N who="1" m="3503" /><E83/><V119/><F10/><W78/><G45/><T96/><D14/><U32/><E32/><V111/><F119/><W80/><G78/><T134/><D134/><U57/><E57/><V127/><F111/><W92/><G80/><T75/><D75/><U99/><E99/><AGARI ba="0,0" hai="40,41,42,52,53,55,84,91,93,94,96,97,99,103" machi="99" ten="40,7700,0" yaku="8,1,52,1,54,1" doraHai="98" who="0" fromWho="1" sc="250,77,250,-77,250,0,250,0" /><INIT seed="0,1,0,3,1,135" ten="327,173,250,250" oya="0" hai0="6,31,19,108,102,33,35,5,20,36,58,91,127" hai1="70,26,16,73,68,95,18,27,131,1,116,60,104" hai2="65,0,97,71,7,17,14,22,80,59,84,90,93" hai3="118,10,64,50,42,32,48,57,25,62,13,11,89"/><T123/><D123/><U34/><E104/><V56/><F71/><W113/><G113/><T76/><D36/><U39/><E116/><V75/><F75/><W41/><G118/><T132/><D132/><U54/><E73/><V9/><REACH who="2" step="1"/><F65/><REACH who="2" ten="327,173,240,250" step="2"/><W72/><G72/><T98/><D35/><U43/><E68/><V133/><F133/><W96/><G42/><T111/><D33/><U29/><E70/><V82/><F82/><W109/><G41/><T46/><D108/><U45/><E131/><V87/><F87/><W101/><G109/><T122/><D111/><U3/><E95/><V103/><AGARI ba="1,1" hai="0,7,9,14,17,22,56,59,80,84,90,93,97,103" machi="103" ten="20,2700,0" yaku="1,1,0,1,7,1,53,0" doraHai="135" doraHaiUra="49" who="2" fromWho="2" sc="327,-14,173,-8,240,40,250,-8" /><INIT seed="1,0,0,4,5,25" ten="313,165,280,242" oya="1" hai0="27,73,132,2,102,13,91,56,81,28,98,19,134" hai1="3,84,68,111,88,108,62,120,122,121,46,133,94" hai2="100,115,0,127,77,114,1,92,45,63,32,129,44" hai3="12,117,55,112,85,69,87,49,78,6,60,22,50"/><U124/><E3/><V105/><F105/><W130/><G112/><T65/><D2/><U97/><E46/><V37/><F127/><W103/><G130/><T75/><D91/><N who="1" m="55519" /><E62/><V9/><F0/><W89/><G117/><T29/><D81/><N who="1" m="49167" /><E68/><V58/><F129/><W54/><G103/><T31/><D27/><U110/><E133/><N who="0" m="51305" /><D56/><U59/><E59/><V21/><F32/><W101/><G101/><T90/><D90/><U36/><E36/><V26/><F77/><W42/><G78/><T118/><D65/><U20/><E20/><V72/><F1/><W34/><G34/><T93/><D118/><U5/><E5/><V18/><F45/><W80/><G69/><T135/><D135/><U95/><E95/><V17/><F44/><W125/><G87/><T82/><D82/><U48/><E48/><V116/><F116/><W79/><G79/><T11/><AGARI ba="0,0" hai="11,13,19,28,29,31,73,75,93,98,102" m="51305" machi="11" ten="30,7900,0" yaku="20,1,52,3" doraHai="25" who="0" fromWho="0" sc="313,79,165,-39,280,-20,242,-20" /><INIT seed="2,0,0,4,4,134" ten="392,126,260,222" oya="2" hai0="135,108,84,95,75,34,41,14,92,74,73,86,48" hai1="117,132,126,70,82,114,10,56,113,30,118,100,44" hai2="104,22,37,0,62,125,31,124,69,2,65,130,46" hai3="4,40,85,93,8,64,45,119,7,123,78,3,127"/><V57/><F104/><W106/><G119/><T59/><D34/><U116/><E70/><V98/><F130/><W68/><G123/><T29/><D29/><U120/><E30/><V53/><F98/><W121/><G121/><T112/><D112/><U20/><E120/><V102/><F102/><W90/><G106/><T61/><D135/><U60/><E132/><V47/><F2/><W97/><G7/><T28/><D28/><U76/><E20/><V91/><F91/><W25/><G25/><T101/><D108/><U133/><E133/><V39/><F0/><W105/><G64/><T128/><D128/><U51/><E100/><V80/><F80/><W89/><G68/><T58/><D14/><U42/><E10/><V109/><F109/><W16/><G78/><T19/><D95/><U67/><E82/><V52/><F22/><W66/><G66/><T6/><D92/><U107/><E76/><V23/><F23/><W1/><G1/><T81/><D81/><U131/><E107/><V55/><F69/><W18/><G127/><N who="2" m="48713" /><F31/><W72/><G105/><T49/><D101/><U17/><E126/><V88/><F88/><W15/><G3/><T79/><D79/><U77/><E77/><V38/><AGARI ba="0,0" hai="37,38,39,46,47,52,53,55,57,62,65" m="48713" machi="38" ten="40,18000,2" yaku="18,1,34,2,52,3,54,1" doraHai="134" who="2" fromWho="2" sc="392,-60,126,-60,260,180,222,-60" /><INIT seed="2,1,0,3,5,7" ten="332,66,440,162" oya="2" hai0="33,13,1,44,102,116,39,31,74,66,118,28,125" hai1="105,95,123,60,90,73,26,3,92,91,15,14,53" hai2="48,107,85,67,79,133,80,129,30,21,104,29,126" hai3="23,70,89,11,75,99,134,81,77,109,124,119,68"/><V128/><F126/><W61/><G119/><N who="0" m="45611" /><D1/><U36/><E105/><V47/><F67/><W82/><G124/><T20/><D125/><U27/><E3/><V18/><F133/><W114/><G134/><T121/><D74/><U22/><E73/><V108/><F104/><W96/><G109/><T86/><D121/><U17/><E36/><V106/><F107/><W34/><G34/><T98/><D66/><U46/><E123/><V24/><F106/><W120/><G120/><T41/><D33/><U64/><E64/><V115/><F115/><W35/><G35/><T5/><D102/><U71/><E71/><V57/><F57/><W49/><G23/><T32/><D98/><U52/><E46/><V69/><F69/><W8/><G114/><T135/><D135/><U55/><E60/><V58/><F58/><W10/><G49/><T42/><D42/><U87/><REACH who="1" step="1"/><E26/><REACH who="1" ten="332,56,440,162" step="2"/><V72/><F72/><W37/><G37/><T103/><D44/><U54/><N who="1" m="13312" /><DORA hai="12" /><U62/><E62/><V113/><F113/><W56/><G56/><T6/><D39/><U132/><E132/><V130/><F108/><W84/><G61/><T9/><D41/><AGARI ba="1,1" hai="18,21,24,29,30,41,47,48,79,80,85,128,129,130" machi="41" ten="40,3900,0" yaku="19,1,52,1" doraHai="7,12" who="2" fromWho="0" sc="332,-42,56,0,440,52,162,0" /><INIT seed="2,2,0,4,2,120" ten="290,56,492,162" oya="2" hai0="69,62,1,4,133,122,126,131,14,89,132,94,80" hai1="84,83,103,91,53,52,74,28,95,98,16,57,128" hai2="22,93,75,110,125,44,124,119,46,82,113,111,78" hai3="117,48,10,26,63,55,29,20,66,102,121,101,11"/><V106/><F113/><W108/><G121/><T35/><D122/><U49/><E128/><V34/><F34/><W38/><G117/><T50/><D35/><U47/><E74/><V0/><F106/><W70/><G38/><T17/><D131/><U31/><REACH who="1" step="1"/><E16/><REACH who="1" ten="290,46,492,162" step="2"/><V130/><F130/><W54/><G10/><T99/><D17/><U68/><E68/><V23/><F119/><W7/><G11/><T39/><D69/><U41/><E41/><V105/><F124/><W86/><G7/><T32/><D126/><U81/><E81/><V104/><F125/><W37/><G70/><T40/><D80/><U76/><E76/><V24/><F24/><W109/><G26/><T90/><D40/><U72/><E72/><V64/><F82/><W114/><G114/><T67/><D4/><U115/><E115/><V92/><F78/><W13/><G29/><T45/><D132/><U71/><E71/><V123/><F75/><W112/><G112/><T73/><D73/><U2/><E2/><V8/><F8/><W129/><G129/><T43/><D1/><U85/><E85/><V134/><F0/><W77/><G86/><T59/><D133/><U61/><AGARI ba="2,1" hai="28,31,47,49,52,53,57,61,83,84,91,95,98,103" machi="61" ten="20,8000,1" yaku="1,1,0,1,7,1,8,1,54,1,53,0" doraHai="120" doraHaiUra="15" who="1" fromWho="1" sc="290,-22,46,96,492,-42,162,-22" /><INIT seed="3,0,0,3,2,42" ten="268,142,450,140" oya="3" hai0="59,62,116,118,60,11,24,12,126,15,32,85,105" hai1="39,19,78,1,17,72,47,50,25,40,33,5,106" hai2="8,74,21,67,37,18,114,51,4,55,27,125,16" hai3="96,112,110,71,26,113,69,94,133,77,82,57,121"/><W127/><G121/><T75/><D75/><U107/><E17/><V31/><F114/><W76/><G127/><T65/><D105/><U36/><E36/><V131/><F37/><W53/><G133/><T120/><D120/><U54/><E19/><V10/><F125/><W52/><G26/><T95/><D126/><U97/><E97/><V35/><F74/><W68/><G110/><T80/><D95/><U6/><E6/><V128/><F67/><W87/><G77/><T98/><D98/><U100/><E100/><V38/><F38/><W130/><G130/><N who="2" m="49705" /><F18/><W43/><G43/><T109/><D109/><U132/><E132/><V129/><N who="2" m="49713" /><V44/><DORA hai="134" /><F4/><W61/><REACH who="3" step="1"/><G53/><REACH who="3" ten="268,142,450,130" step="2"/><T73/><D24/><AGARI ba="0,1" hai="8,10,16,21,24,27,31,35,44,51,55" m="49713" machi="24" ten="40,5200,0" yaku="19,1,52,1,54,1" doraHai="42,134" who="2" fromWho="0" sc="268,-52,142,0,450,62,130,0" /><INIT seed="4,0,0,2,1,70" ten="216,142,512,130" oya="0" hai0="16,24,86,43,27,94,121,47,93,44,135,69,105" hai1="6,101,29,63,78,111,35,53,107,74,116,55,77" hai2="112,114,11,124,21,19,37,76,36,79,4,134,128" hai3="46,33,87,22,82,20,81,40,109,104,123,133,23"/><T0/><D121/><U28/><E116/><V96/><F124/><W100/><G109/><T2/><D105/><U71/><E111/><V97/><F128/><W115/><G33/><T8/><D69/><U13/><E74/><V61/><F61/><W48/><G115/><N who="2" m="44073" /><F134/><W39/><G133/><T89/><D135/><U119/><E119/><V38/><F96/><W5/><G123/><T92/><D0/><U42/><E42/><V99/><F99/><W130/><G130/><T49/><D2/><U84/><E13/><N who="2" m="5351" /><F97/><W54/><G100/><T73/><D73/><U64/><E6/><V103/><F103/><W85/><G5/><T32/><D32/><U12/><E12/><AGARI ba="0,0" hai="12,19,21,36,37,38,76,79" m="5351,44073" machi="12" ten="40,8000,1" yaku="15,1,52,3" doraHai="70" who="2" fromWho="1" sc="216,0,142,-80,512,80,130,0" /><INIT seed="5,0,0,2,4,39" ten="216,62,592,130" oya="1" hai0="47,85,50,54,83,1,117,88,69,80,52,20,132" hai1="59,81,135,49,107,94,66,58,64,57,61,77,75" hai2="91,68,111,7,116,115,31,0,113,24,71,90,37" hai3="89,118,14,110,124,128,114,55,112,29,65,35,3"/><U105/><E135/><V23/><F111/><W121/><G65/><T36/><D117/><U108/><E108/><V62/><F37/><W15/><G110/><T34/><D34/><U5/><E5/><V41/><F41/><W82/><G121/><T46/><D69/><U86/><E49/><V126/><F116/><W93/><G118/><T22/><D1/><U12/><E12/><V119/><F119/><W78/><G3/><T63/><D132/><U38/><E38/><V8/><F126/><W33/><G124/><T95/><D36/><U129/><E129/><V10/><F10/><W32/><G29/><T109/><D109/><U30/><E30/><V70/><F62/><W13/><G55/><T67/><D67/><U122/><E122/><V18/><F31/><W45/><G45/><T120/><D120/><U76/><E66/><V40/><F40/><W9/><G9/><T96/><D83/><U17/><E17/><V102/><F102/><W123/><G123/><T97/><D97/><U73/><E94/><V134/><F134/><W6/><G6/><T16/><D16/><U100/><E100/><V48/><F48/><W101/><G101/><N who="0" m="60575" /><D47/><U11/><E11/><V26/><F26/><W2/><G2/><T133/><D133/><U74/><REACH who="1" step="1"/><E77/><REACH who="1" ten="216,52,592,130" step="2"/><V21/><F23/><W4/><G4/><T79/><D79/><U19/><E19/><V56/><F18/><W53/><G128/><T103/><D103/><U84/><E84/><V25/><F21/><N who="0" m="8298" /><D63/><U42/><E42/><AGARI ba="0,1" hai="42,46,50,52,54,80,85,88" m="8298,60575" machi="42" ten="30,7700,0" yaku="8,1,52,1,54,2" doraHai="39" who="0" fromWho="1" sc="216,87,52,-77,592,0,130,0" owari="303,10.3,-25,-52.5,592,69.2,130,-27.0" /></mjloggm>