<mjloggm ver="2.3"><GO type="169" lobby="0"/><UN n0="%E4%B8%8A%E6%B5%B7%E3%83%8B%E3%83%83%E3%82%AF" n1="%6D%6F%75%77" n2="%E3%82%A8%E3%83%8D%E3%83%AB" n3="%E3%83%95%E3%82%AF%E3%83%AD%E3%82%A6%E3%82%B5%E3%83%B3" dan="16,16,18,17" rate="2176.73,2086.39,2209.26,2204.43" sx="M,M,M,M"/><TAIKYOKU oya="0"/><INIT seed="0,0,0,0,4,104" ten="250,250,250,250" oya="0" hai0="41,21,106,29,108,93,37,114,109,62,134,95,1" hai1="112,39,25,44,42,119,20,96,40,126,57,45,117" hai2="116,36,55,32,125,105,47,51,128,43,61,83,13" hai3="23,122,9,103,53,107,133,48,19,27,92,64,121"/><T74/><D114/><U30/><E126/><V0/><F0/><W52/><G107/><T89/><D1/><U82/><E112/><V115/><F32/><W60/><G133/><T66/><D106/><U7/><E96/><V76/><F105/><W98/><G9/><T70/><D134/><U129/><E7/><V56/><F115/><W14/><G14/><T67/><D67/><U90/><E129/><V33/><F33/><W68/><REACH who="3" step="1"/><G48/><REACH who="3" ten="250,250,250,240" step="2"/><T38/><D38/><U102/><E119/><V77/><F116/><W31/><G31/><T87/><D37/><U16/><E117/><V111/><F36/><W85/><G85/><T6/><D6/><U71/><E39/><V65/><F13/><W132/><G132/><T8/><D8/><U49/><E49/><V78/><F128/><W35/><G35/><T131/><D131/><U79/><E30/><V72/><F125/><W110/><G110/><N who="0" m="42603" /><D29/><U50/><E50/><V84/><F84/><W18/><G18/><T88/><D21/><U100/><E16/><V28/><F111/><W69/><G69/><T2/><D2/><U113/><E71/><V81/><F28/><W24/><G24/><T94/><D41/><U63/><E42/><V120/><F43/><W15/><G15/><T17/><D17/><U11/><E11/><V99/><F47/><W91/><G91/><N who="0" m="34891" /><D87/><N who="1" m="48607" /><E40/><V58/><F83/><W80/><G80/><T59/><D70/><U46/><E90/><V73/><F81/><W135/><G135/><T5/><D5/><U86/><E86/><V4/><F4/><W75/><G75/><AGARI ba="0,1" hai="59,62,66,74,75,93,94,95" m="34891,42603" machi="75" ten="40,12000,1" yaku="14,1,10,1,52,2,54,1" doraHai="104" who="0" fromWho="3" sc="250,130,250,0,250,0,240,-120" /><INIT seed="0,1,0,5,2,80" ten="380,250,250,120" oya="0" hai0="63,111,52,125,106,43,34,108,109,56,133,121,26" hai1="82,85,92,66,41,11,14,87,112,42,28,5,17" hai2="19,10,86,60,16,23,47,83,105,30,33,40,129" hai3="124,104,119,35,38,64,69,7,103,58,100,4,44"/><T96/><D121/><U89/><E112/><V132/><F129/><W36/><G119/><T22/><D133/><U39/><E39/><V94/><F105/><W116/><G116/><T6/><D125/><U73/><E73/><V72/><F33/><W126/><G35/><T128/><D128/><U101/><E28/><V70/><F132/><W27/><G27/><T1/><D34/><U57/><E101/><N who="3" m="38986" /><G58/><T45/><D106/><U91/><REACH who="1" step="1"/><E5/><REACH who="1" ten="380,240,250,120" step="2"/><V8/><F30/><W15/><G4/><T102/><D6/><U131/><E131/><V77/><F19/><W67/><G7/><T62/><D1/><U117/><E117/><V97/><F72/><W48/><G36/><N who="0" m="21735" /><D102/><U113/><E113/><V98/><F16/><W53/><G38/><T3/><D3/><U78/><E78/><V107/><F77/><W54/><G104/><T13/><D13/><U29/><E29/><V24/><F107/><W51/><G15/><T2/><D2/><U88/><E88/><V84/><F24/><W9/><G126/><T31/><D96/><U127/><E127/><V115/><F98/><W68/><G124/><T0/><D0/><U118/><E118/><V65/><F97/><W130/><G130/><T74/><D74/><U90/><E90/><N who="2" m="53575" /><F115/><W59/><G69/><T32/><D32/><U114/><E114/><V20/><F70/><W55/><G68/><T25/><D25/><U110/><E110/><V18/><F18/><W49/><G9/><T99/><D99/><U71/><E71/><N who="2" m="42407" /><F8/><W93/><G93/><T12/><D12/><U50/><E50/><AGARI ba="1,1" hai="22,26,31,50,52,56,62,63,108,109,111" m="21735" machi="50" ten="30,5800,0" yaku="14,1,10,1,54,1" doraHai="80" who="0" fromWho="1" sc="380,71,240,-61,250,0,120,0" /><INIT seed="0,2,0,3,0,116" ten="451,179,250,120" oya="0" hai0="113,121,119,42,69,62,50,106,98,59,112,73,127" hai1="105,9,51,45,93,29,33,10,5,88,109,124,101" hai2="66,133,115,47,43,71,79,8,102,16,39,91,12" hai3="125,104,92,32,37,135,22,99,0,122,111,28,46"/><T81/><D119/><U134/><E109/><V24/><F115/><N who="0" m="44106" /><D98/><U94/><E134/><V52/><F133/><W35/><G135/><T61/><D81/><U83/><E124/><V27/><F79/><W58/><G111/><T31/><D106/><U53/><E33/><V129/><F129/><W25/><G125/><T77/><D77/><U26/><E10/><V20/><F102/><W40/><G104/><T34/><D73/><U67/><E67/><V60/><F91/><W114/><G114/><T117/><D117/><U57/><E83/><V70/><F70/><W89/><G0/><T30/><D30/><U55/><E105/><V108/><F108/><W21/><G122/><T44/><D31/><U128/><E101/><V1/><F1/><W107/><G107/><T6/><D6/><U130/><E94/><V96/><F96/><W23/><G35/><T54/><D34/><U63/><E26/><V132/><F132/><W19/><REACH who="3" step="1"/><G58/><REACH who="3" ten="451,179,250,110" step="2"/><N who="0" m="35031" /><D127/><U82/><E130/><V18/><F71/><W85/><G85/><T2/><D2/><U95/><E128/><V72/><F72/><W64/><G64/><N who="0" m="39007" /><D69/><U103/><E103/><V48/><F66/><W56/><G56/><T76/><D121/><U97/><E97/><V36/><F60/><W17/><AGARI ba="2,1" hai="17,19,21,22,23,25,28,32,37,40,46,89,92,99" machi="17" ten="30,4000,0" yaku="1,1,0,1,53,1" doraHai="116" doraHaiUra="84" who="3" fromWho="3" sc="451,-22,179,-12,250,-12,110,56" /><INIT seed="1,0,0,3,0,25" ten="429,167,238,166" oya="1" hai0="14,43,29,87,52,31,36,15,28,119,49,35,16" hai1="103,125,46,55,116,63,48,50,26,107,79,118,11" hai2="131,58,127,85,24,90,71,80,91,22,97,114,57" hai3="92,101,88,6,0,8,3,111,120,10,40,56,12"/><U54/><E79/><V32/><F32/><W34/><G120/><T99/><D119/><U104/><E125/><V20/><F127/><W102/><G34/><T110/><D110/><U13/><E63/><V109/><F109/><W33/><G33/><T45/><D35/><U124/><E124/><V122/><F122/><W77/><G111/><T67/><D67/><U78/><E78/><V86/><F131/><W113/><G113/><T44/><D99/><U37/><E37/><V2/><F2/><W112/><G77/><T64/><D64/><U4/><E26/><V18/><F71/><W30/><G40/><T74/><D74/><U76/><E76/><V121/><F114/><W61/><G30/><T72/><D72/><U126/><E126/><V93/><F121/><W47/><G47/><T19/><REACH who="0" step="1"/><D87/><REACH who="0" ten="419,167,238,166" step="2"/><U66/><E66/><V1/><F97/><W108/><G108/><T39/><D39/><U115/><E115/><V96/><F96/><W41/><G112/><T98/><D98/><U95/><E118/><V128/><F128/><W53/><G102/><T17/><AGARI ba="0,1" hai="14,15,16,17,19,28,29,31,36,43,44,45,49,52" machi="17" ten="30,12000,2" yaku="1,1,0,1,52,3,54,2,53,0" doraHai="25" doraHaiUra="65" who="0" fromWho="0" sc="419,130,167,-60,238,-30,166,-30" /><INIT seed="2,0,0,2,0,72" ten="549,107,208,136" oya="2" hai0="41,113,123,48,24,32,15,9,91,46,93,11,97" hai1="37,74,56,89,71,118,1,31,34,99,20,120,13" hai2="121,94,105,90,108,109,14,106,77,52,134,100,80" hai3="49,132,70,25,98,122,26,103,6,65,36,104,124"/><V119/><F119/><W33/><G122/><T114/><D123/><U51/><E71/><V38/><F121/><W69/><G132/><T58/><D11/><U8/><E37/><V44/><F134/><W0/><G49/><T57/><D114/><U81/><E120/><V126/><F126/><W83/><G124/><T125/><D113/><U18/><E118/><V78/><F14/><W40/><G25/><T60/><D125/><U101/><E56/><V61/><F38/><W111/><G111/><N who="2" m="42569" /><F100/><W73/><G65/><T88/><D91/><U17/><E51/><N who="2" m="28775" /><F61/><W2/><G2/><T67/><D58/><U129/><E1/><V39/><F39/><W7/><G7/><T68/><D68/><U102/><E102/><V95/><F95/><W135/><G135/><T79/><D15/><U62/><E101/><V16/><F16/><W131/><G6/><T92/><D93/><U64/><E18/><V84/><F78/><N who="3" m="44495" /><G0/><T54/><D79/><U59/><E17/><V96/><AGARI ba="0,0" hai="77,80,84,90,94,96,105,106" m="28775,42569" machi="96" ten="30,11700,0" yaku="14,1,10,1,52,1,54,1" doraHai="72" who="2" fromWho="2" sc="549,-39,107,-39,208,117,136,-39" /><INIT seed="2,1,0,3,0,20" ten="510,68,325,97" oya="2" hai0="4,34,125,45,117,95,75,36,120,19,21,107,119" hai1="76,122,44,46,124,53,0,108,129,118,63,116,23" hai2="61,128,83,112,101,133,12,56,59,52,90,106,50" hai3="87,126,66,2,33,92,99,3,6,134,74,123,10"/><V70/><F112/><W105/><G123/><T109/><D120/><U14/><E0/><V28/><F133/><W11/><G74/><T8/><D107/><U17/><E122/><V103/><F128/><W31/><G134/><T78/><D109/><U5/><E108/><V110/><F70/><W89/><G126/><T30/><D125/><U16/><E124/><V13/><F28/><W24/><G66/><T84/><D30/><U67/><E5/><V72/><F110/><W77/><G77/><T100/><D34/><U121/><E121/><V32/><F32/><W114/><G114/><T130/><D130/><U18/><E129/><V25/><F25/><W135/><G135/><T60/><D60/><U9/><E76/><V80/><F106/><W88/><G105/><T81/><D84/><U65/><E65/><V39/><F39/><W113/><G113/><T86/><D86/><U111/><E18/><V62/><F50/><W115/><G115/><T51/><D95/><U82/><E82/><N who="2" m="31275" /><F90/><W64/><G64/><T79/><D79/><U47/><E53/><N who="2" m="33935" /><F72/><W54/><G54/><T37/><D100/><AGARI ba="1,0" hai="12,13,52,59,62,100,101,103" m="33935,31275" machi="100" ten="30,2900,0" yaku="8,1,54,1" doraHai="20" who="2" fromWho="0" sc="510,-32,68,0,325,32,97,0" /><INIT seed="2,2,0,1,5,83" ten="478,68,357,97" oya="2" hai0="22,115,9,134,120,38,59,60,94,130,129,113,17" hai1="108,117,46,121,16,13,118,98,85,110,76,26,56" hai2="111,74,128,68,67,5,2,18,43,54,64,114,10" hai3="109,81,19,102,70,86,48,53,57,95,133,91,3"/><V25/><F114/><W0/><G70/><T21/><D38/><U44/><E26/><V80/><F128/><N who="0" m="49258" /><D120/><U27/><E27/><V8/><F111/><N who="1" m="42537" /><E98/><V96/><F68/><W6/><G109/><T101/><D134/><U62/><E121/><V79/><F54/><W47/><G133/><T84/><D9/><N who="1" m="6191" /><E118/><V135/><F135/><W41/><G6/><T131/><N who="0" m="49266" /><T119/><DORA hai="103" /><D119/><U78/><E117/><V105/><F43/><W89/><G102/><T40/><D40/><U35/><E35/><V107/><F96/><W36/><REACH who="3" step="1"/><G19/><REACH who="3" ten="478,68,357,87" step="2"/><T65/><D101/><U29/><E29/><V116/><F116/><W11/><G11/><T4/><D4/><U75/><E75/><V106/><REACH who="2" step="1"/><F10/><REACH who="2" ten="478,68,347,87" step="2"/><W71/><G71/><T14/><D115/><U69/><E69/><V93/><F93/><W37/><G37/><T88/><D113/><U73/><E44/><V125/><F125/><W28/><G28/><T12/><D94/><U61/><E46/><V126/><F126/><W112/><G112/><T7/><D7/><U82/><E56/><V127/><F127/><W30/><G30/><T66/><D59/><U122/><E122/><V51/><F51/><W97/><AGARI ba="2,2" hai="0,3,36,41,47,48,53,57,81,86,89,91,95,97" machi="97" ten="20,5200,0" yaku="1,1,0,1,7,1,52,1,53,0" doraHai="83,103" doraHaiUra="124,20" who="3" fromWho="3" sc="478,-15,68,-15,347,-28,87,78" /><INIT seed="3,0,0,5,4,74" ten="463,53,319,165" oya="3" hai0="48,51,90,71,92,59,88,23,22,63,112,45,33" hai1="133,103,98,66,132,2,83,15,40,27,111,62,26" hai2="119,78,14,35,114,44,79,39,81,107,134,61,70" hai3="13,67,76,16,18,125,64,41,57,53,21,116,110"/><W89/><G116/><T56/><D112/><U32/><E2/><V55/><F119/><W108/><G41/><T109/><D33/><U36/><E40/><V113/><F134/><N who="1" m="51817" /><E36/><V95/><F107/><W68/><G68/><T49/><D109/><N who="3" m="42089" /><G89/><T72/><D72/><U122/><E32/><V102/><F35/><W86/><G18/><T29/><D71/><N who="1" m="42455" /><E111/><V99/><F39/><W104/><G104/><T47/><D90/><U75/><E122/><V101/><F101/><W42/><G42/><T4/><D4/><U58/><E58/><N who="0" m="22057" /><D63/><U31/><E31/><V100/><F102/><W50/><G125/><T69/><D69/><U12/><E75/><V94/><F70/><W37/><G37/><T60/><D60/><U5/><E83/><AGARI ba="0,0" hai="13,16,21,50,53,57,64,67,76,83,86" m="42089" machi="83" ten="30,11600,0" yaku="14,1,10,1,52,1,54,1" doraHai="74" who="3" fromWho="1" sc="463,0,53,-116,319,0,165,116" owari="463,56.3,-63,-56.3,319,11.9,281,-11.9" /></mjloggm>