<mjloggm ver="2.3"><GO type="169" lobby="0"/><UN n0="%41%62%65%73%65%6E%61%6C" n1="%63%68%78%63%63" n2="%61%6F%6B%69" n3="%58%E7%8C%AB" dan="16,17,16,16" rate="2138.63,2150.72,2049.40,2073.30" sx="M,M,M,M"/><TAIKYOKU oya="0"/><INIT seed="0,0,0,2,4,61" ten="250,250,250,250" oya="0" hai0="104,14,24,37,9,105,106,73,51,92,114,33,88" hai1="40,6,10,126,111,55,70,82,127,91,103,4,54" hai2="135,86,128,53,36,87,41,74,25,134,125,48,2" hai3="39,0,119,59,80,38,1,18,78,23,44,7,90"/><T42/><D114/><U43/><E111/><V63/><F74/><W3/><G119/><T132/><D73/><U62/><E103/><V8/><F25/><W52/><G90/><T5/><D132/><N who="2" m="50730" /><F87/><W102/><G102/><T60/><D37/><U76/><E91/><V28/><F28/><W130/><G130/><T50/><D42/><U112/><E112/><V107/><F86/><W34/><G34/><T84/><REACH who="0" step="1"/><D60/><REACH who="0" ten="240,250,250,250" step="2"/><U98/><E62/><V31/><F63/><W65/><G38/><T35/><D35/><U13/><E70/><V11/><F41/><W79/><G39/><T108/><D108/><U21/><E43/><V124/><F36/><W131/><G131/><T29/><AGARI ba="0,1" hai="5,9,14,24,29,33,50,51,84,88,92,104,105,106" machi="29" ten="40,7800,0" yaku="1,1,0,1,54,1,53,0" doraHai="61" doraHaiUra="67" who="0" fromWho="0" sc="240,88,250,-26,250,-26,250,-26" /><INIT seed="0,1,0,2,0,3" ten="328,224,224,224" oya="0" hai0="65,132,57,0,25,52,29,84,68,1,133,35,54" hai1="96,49,17,51,38,23,44,89,46,95,126,41,109" hai2="77,105,11,78,24,61,76,56,118,102,108,131,90" hai3="53,99,2,32,104,6,134,113,115,87,79,43,31"/><T75/><D75/><U129/><E109/><V64/><F108/><W67/><G134/><N who="0" m="51819" /><D84/><U60/><E126/><V36/><F36/><W88/><G43/><T93/><D93/><U119/><E129/><V20/><F131/><W103/><G67/><T48/><D54/><U121/><E119/><V107/><F118/><W74/><G53/><T8/><D8/><U101/><E121/><V117/><F117/><W106/><G106/><T83/><D83/><U47/><E60/><AGARI ba="1,0" hai="0,1,25,29,35,48,52,57,60,65,68" m="51819" machi="60" ten="30,2900,0" yaku="20,1,54,1" doraHai="3" who="0" fromWho="1" sc="328,32,224,-32,224,0,224,0" /><INIT seed="0,2,0,0,0,65" ten="360,192,224,224" oya="0" hai0="34,135,4,107,6,14,49,42,91,0,23,22,102" hai1="37,27,41,89,54,122,82,77,30,66,129,134,40" hai2="125,56,96,126,79,101,112,19,63,32,35,92,103" hai3="53,86,10,85,123,111,13,87,109,104,118,52,51"/><T130/><D0/><U11/><E122/><V45/><F112/><W132/><G123/><T133/><D34/><U28/><E129/><V44/><F79/><W59/><G118/><T58/><D130/><U117/><E117/><V78/><F78/><W88/><G104/><T62/><D91/><U50/><E30/><V119/><F119/><W57/><G132/><N who="0" m="50763" /><D102/><U46/><E41/><V99/><F19/><W113/><G113/><T131/><D107/><U3/><E134/><V7/><F7/><N who="0" m="2602" /><D14/><U48/><E89/><V20/><F20/><W80/><G111/><T60/><D60/><U21/><E11/><V93/><F56/><W128/><G109/><T39/><D39/><U95/><E3/><V84/><F84/><W71/><G128/><T108/><D108/><U68/><E95/><V1/><F63/><W105/><G105/><T106/><D106/><U29/><E37/><V120/><F120/><W90/><G13/><T73/><D73/><U94/><E94/><V47/><REACH who="2" step="1"/><F1/><REACH who="2" ten="360,192,214,224" step="2"/><W36/><G86/><T33/><D131/><U16/><E77/><V100/><F100/><W64/><G85/><T115/><D115/><U61/><REACH who="1" step="1"/><E82/><REACH who="1" ten="360,182,214,224" step="2"/><V72/><F72/><W9/><G80/><T55/><D33/><AGARI ba="2,2" hai="32,33,35,44,45,47,92,93,96,99,101,103,125,126" machi="33" ten="40,2600,0" yaku="1,1,9,1,53,0" doraHai="65" doraHaiUra="74" who="2" fromWho="0" sc="360,-32,182,0,214,52,224,0" /><INIT seed="1,0,0,3,1,0" ten="328,182,266,224" oya="1" hai0="122,90,100,131,15,4,93,9,89,109,43,57,118" hai1="6,114,85,81,41,51,135,8,128,125,88,59,101" hai2="31,96,50,82,107,25,92,26,64,80,66,17,83" hai3="2,95,86,30,46,23,34,54,117,1,124,45,63"/><U91/><E114/><V60/><F107/><W130/><G34/><T69/><D118/><U47/><E128/><V58/><F66/><W16/><G130/><T36/><D131/><U53/><E125/><V87/><F50/><W72/><G72/><T115/><D115/><U37/><E135/><V61/><F61/><W126/><G30/><T123/><D69/><U65/><E101/><V110/><F110/><W121/><G121/><N who="0" m="46091" /><D109/><U62/><E91/><V28/><F87/><W55/><G117/><T10/><D57/><U106/><E106/><V108/><F108/><W119/><G119/><T27/><D27/><U22/><E22/><V105/><F105/><W74/><G74/><T132/><D132/><U99/><E99/><V20/><REACH who="2" step="1"/><F26/><REACH who="2" ten="328,182,256,224" step="2"/><N who="3" m="14695" /><G63/><T129/><D129/><U120/><E120/><V133/><F133/><W29/><G46/><N who="0" m="23911" /><D10/><U13/><E37/><V56/><F56/><W11/><G45/><T24/><D24/><U84/><E84/><V70/><F70/><W111/><G11/><T134/><D134/><U7/><E65/><V3/><F3/><W42/><G111/><T102/><D93/><U18/><AGARI ba="0,1" hai="6,7,8,13,18,41,47,51,53,59,62,81,85,88" machi="18" ten="20,18000,2" yaku="0,1,7,1,8,1,52,2,54,1" doraHai="0" who="1" fromWho="1" sc="328,-60,182,190,256,-60,224,-60" /><INIT seed="1,1,0,2,5,104" ten="268,372,196,164" oya="1" hai0="65,87,46,32,28,49,70,71,105,25,129,52,21" hai1="61,51,19,118,127,57,63,73,18,53,36,1,31" hai2="55,122,82,128,101,121,80,39,17,77,3,13,96" hai3="84,113,15,91,107,29,42,94,89,41,33,75,108"/><U134/><E118/><V4/><F128/><W26/><G113/><T131/><D105/><U22/><E1/><V97/><F39/><W54/><G107/><T56/><D32/><U24/><E36/><V106/><F97/><W64/><G64/><T120/><D120/><U88/><E127/><V20/><F82/><W0/><G0/><T68/><D87/><U62/><E134/><V8/><REACH who="2" step="1"/><F55/><REACH who="2" ten="268,372,186,164" step="2"/><W59/><G108/><T10/><D65/><U119/><E119/><V23/><F23/><W135/><G135/><T6/><REACH who="0" step="1"/><D46/><REACH who="0" ten="258,372,186,164" step="2"/><U14/><E57/><V86/><AGARI ba="1,2" hai="3,4,8,13,17,20,77,80,86,96,101,106,121,122" machi="86" ten="20,2700,0" yaku="1,1,0,1,7,1,53,0" doraHai="104" doraHaiUra="43" who="2" fromWho="2" sc="258,-8,372,-14,186,50,164,-8" /><INIT seed="2,0,0,5,2,11" ten="250,358,236,156" oya="2" hai0="104,103,15,67,81,70,133,124,25,63,14,31,12" hai1="57,9,71,32,106,39,51,3,94,59,119,123,78" hai2="132,36,120,22,5,113,109,24,77,61,74,40,49" hai3="80,83,99,97,134,47,91,110,54,20,108,117,112"/><V45/><F113/><W38/><G117/><T17/><D133/><U56/><E106/><V7/><F120/><W102/><G112/><T93/><D124/><U90/><E71/><V73/><F132/><W16/><G134/><T121/><D121/><U131/><E39/><V116/><F116/><W111/><G91/><T13/><D81/><N who="3" m="31305" /><G102/><T92/><D104/><U100/><E32/><V44/><F77/><W0/><G0/><T62/><D62/><U26/><E26/><V87/><F87/><W37/><G54/><T27/><D103/><U23/><E119/><V76/><F76/><W114/><G114/><T125/><D125/><U2/><E23/><V88/><F88/><W79/><G79/><T46/><D46/><U60/><E100/><V107/><F61/><W86/><G86/><T65/><D65/><U72/><E78/><V6/><F109/><N who="3" m="27907" /><W10/><DORA hai="28" /><G10/><T95/><REACH who="0" step="1"/><D31/><REACH who="0" ten="240,358,236,156" step="2"/><U18/><E123/><V30/><REACH who="2" step="1"/><F107/><REACH who="2" ten="240,358,226,156" step="2"/><W21/><G97/><T127/><D127/><U98/><E60/><V35/><F35/><W53/><G99/><T43/><D43/><AGARI ba="0,2" hai="5,6,7,22,24,30,36,40,43,44,45,49,73,74" machi="43" ten="40,3900,0" yaku="1,1,53,1" doraHai="11,28" doraHaiUra="33,69" who="2" fromWho="0" sc="240,-39,358,0,226,59,156,0" /><INIT seed="2,1,0,1,3,79" ten="201,358,285,156" oya="2" hai0="95,51,62,67,22,25,114,110,55,5,61,100,41" hai1="54,71,124,121,131,18,105,74,85,58,40,9,14" hai2="113,99,36,90,31,133,104,76,4,37,44,119,52" hai3="29,53,94,130,125,49,26,42,123,111,0,16,3"/><V98/><F113/><W27/><G123/><T19/><D114/><U72/><E71/><V21/><F119/><W15/><G42/><T102/><D110/><U97/><E131/><V24/><F133/><W118/><G118/><T48/><D5/><U115/><E115/><V60/><F76/><W59/><G111/><T10/><D10/><U38/><E124/><V75/><F75/><W108/><G108/><T64/><D41/><U134/><E134/><V12/><F104/><W50/><G125/><T120/><D120/><U63/><E105/><V88/><F37/><W92/><G50/><T84/><D51/><U66/><E97/><N who="2" m="36875" /><F36/><W11/><G130/><T32/><D32/><U126/><E121/><V8/><F44/><W23/><G0/><T30/><D30/><U43/><E126/><V101/><F101/><W107/><G107/><T7/><D7/><U127/><E127/><V68/><F68/><W83/><G3/><T28/><D28/><U47/><E40/><V2/><F2/><W87/><REACH who="3" step="1"/><G27/><REACH who="3" ten="201,358,285,146" step="2"/><T65/><D102/><U132/><E43/><V117/><F117/><W109/><G109/><T78/><D100/><U13/><E38/><V116/><F116/><W69/><G69/><T17/><D25/><U135/><E135/><V6/><F6/><W89/><AGARI ba="1,1" hai="11,15,16,23,26,29,49,53,59,83,87,89,92,94" machi="89" ten="20,12000,2" yaku="1,1,0,1,7,1,8,1,52,1,54,1,53,1" doraHai="79" doraHaiUra="77" who="3" fromWho="3" sc="201,-31,358,-31,285,-61,146,133" /><INIT seed="3,0,0,5,5,17" ten="170,327,224,279" oya="3" hai0="45,101,9,89,125,124,8,118,119,47,81,4,53" hai1="122,99,90,75,3,78,6,1,64,94,37,42,10" hai2="30,82,116,109,69,34,0,83,76,96,31,115,60" hai3="108,84,88,112,126,107,97,12,121,35,63,13,120"/><W110/><G112/><T71/><D71/><U19/><E64/><V36/><F36/><W114/><G114/><T102/><D81/><N who="1" m="45279" /><E19/><V131/><F0/><W95/><G35/><T73/><D73/><U16/><E16/><V11/><F34/><W46/><G126/><T14/><D89/><U48/><E48/><V132/><F83/><W127/><G127/><T58/><D58/><U77/><E77/><V27/><F11/><W80/><G46/><T56/><D56/><U23/><E3/><V33/><F31/><W133/><G63/><T93/><D93/><U70/><E70/><V65/><F96/><W49/><G49/><T135/><D53/><U72/><E72/><V15/><F69/><W2/><G2/><T39/><D39/><U123/><E23/><V38/><F38/><W79/><G12/><T7/><REACH who="0" step="1"/><D14/><REACH who="0" ten="160,327,224,279" step="2"/><U40/><E40/><V57/><F57/><W51/><G13/><T26/><D26/><U85/><E85/><V20/><F27/><W22/><G51/><T41/><D41/><U106/><E106/><V86/><F15/><W91/><G107/><T74/><D74/><U21/><E90/><V59/><F59/><W52/><G52/><T24/><D24/><U66/><E94/><V92/><F92/><W32/><G91/><T100/><D100/><U104/><E104/><V129/><F115/><W28/><G95/><T87/><D87/><U117/><E42/><V62/><F86/><W61/><G84/><T128/><D128/><U68/><E37/><V113/><F131/><W43/><G88/><T105/><D105/><U134/><E1/><RYUUKYOKU ba="0,1" sc="160,30,327,-10,224,-10,279,-10" hai0="4,7,8,9,45,47,101,102,118,119,124,125,135" /><INIT seed="4,1,1,3,4,77" ten="190,317,214,269" oya="0" hai0="135,116,37,22,103,130,90,119,30,68,86,13,120" hai1="27,1,80,72,126,129,7,89,61,91,58,127,94" hai2="16,51,79,66,107,54,2,39,23,60,84,52,132" hai3="87,5,29,101,124,74,62,97,95,112,71,17,82"/><T11/><D120/><U122/><E122/><V32/><F107/><W64/><G112/><T88/><D37/><U53/><E129/><V46/><F32/><W111/><G111/><T57/><D68/><U93/><E7/><V100/><F2/><W20/><G124/><N who="1" m="47658" /><E1/><V24/><F39/><W99/><G5/><T31/><D130/><U63/><E27/><V14/><F100/><W6/><G6/><T49/><D135/><U105/><E105/><V96/><F96/><W85/><G99/><T34/><D34/><U36/><E36/><V0/><F0/><W76/><G29/><T83/><D103/><U38/><E63/><V33/><F132/><W115/><REACH who="3" step="1"/><G115/><REACH who="3" ten="190,317,214,259" step="2"/><T133/><D133/><U44/><E93/><V75/><F33/><W48/><G48/><T40/><D31/><U50/><E94/><V8/><F75/><W12/><AGARI ba="1,2" hai="12,17,20,62,64,71,74,76,82,85,87,95,97,101" machi="12" ten="20,5200,0" yaku="1,1,0,1,7,1,52,1,53,0" doraHai="77" doraHaiUra="35" who="3" fromWho="3" sc="190,-27,317,-14,214,-14,259,75" /><INIT seed="5,0,0,5,1,86" ten="163,303,200,334" oya="1" hai0="22,64,45,119,63,57,108,7,88,114,43,117,36" hai1="6,28,120,74,135,79,94,99,123,46,75,132,121" hai2="21,98,105,31,93,0,92,73,82,96,77,109,17" hai3="112,2,124,60,95,23,40,30,133,42,130,103,104"/><U25/><E6/><V14/><F109/><W12/><G2/><T80/><D108/><U70/><E70/><V24/><F0/><W69/><G104/><T78/><D114/><U38/><E38/><V27/><F105/><W76/><G76/><T34/><D34/><U18/><E18/><V10/><F93/><W58/><G69/><T13/><D78/><U53/><E53/><V51/><F51/><W48/><G112/><T62/><D62/><U15/><E15/><V122/><F122/><W91/><G103/><T50/><D36/><U44/><E44/><V41/><F41/><W116/><G116/><T33/><D33/><U32/><E46/><V11/><F11/><W97/><G48/><T65/><D65/><U1/><E1/><V128/><F128/><W111/><G130/><T49/><D49/><U102/><REACH who="1" step="1"/><E79/><REACH who="1" ten="163,293,200,334" step="2"/><V54/><F54/><N who="3" m="33879" /><G12/><T9/><D119/><U89/><E89/><V113/><F113/><W29/><G40/><T83/><D117/><U8/><E8/><V4/><REACH who="2" step="1"/><F92/><REACH who="2" ten="163,293,190,334" step="2"/><W101/><G42/><T68/><D43/><U90/><E90/><V19/><F19/><W56/><G91/><T47/><D88/><U71/><E71/><V115/><F115/><W127/><G95/><T59/><D68/><U85/><E85/><V37/><F37/><W20/><G111/><T67/><D47/><U131/><E131/><V16/><F16/><W118/><G118/><T55/><D9/><U87/><E87/><V61/><F61/><W26/><G56/><T100/><D59/><U107/><E107/><V66/><F66/><W5/><G5/><RYUUKYOKU ba="0,2" sc="163,-15,293,15,190,15,334,-15" hai1="25,28,32,74,75,94,99,102,120,121,123,132,135" hai2="4,10,14,17,21,24,27,31,73,77,82,96,98" /><INIT seed="5,1,2,5,0,116" ten="148,308,205,319" oya="1" hai0="107,49,129,41,67,54,133,47,113,33,56,102,105" hai1="21,60,126,120,18,111,28,110,13,58,38,109,52" hai2="2,20,10,93,131,44,79,130,78,42,24,117,91" hai3="83,99,5,11,71,16,3,30,48,39,121,40,63"/><U6/><E38/><V127/><F117/><W45/><G99/><T96/><D33/><U125/><E28/><V27/><F127/><N who="1" m="48649" /><E6/><N who="2" m="1367" /><F91/><W104/><G104/><T72/><D72/><U29/><E29/><N who="2" m="17543" /><F93/><W55/><G30/><T59/><D113/><U135/><E135/><V50/><F27/><W65/><G83/><T68/><D133/><U7/><E7/><V36/><F36/><W75/><G16/><T66/><D129/><AGARI ba="1,2" hai="42,44,50,78,79,129,130,131" m="17543,1367" machi="129" ten="30,1000,0" yaku="19,1" doraHai="116" who="2" fromWho="0" sc="148,-13,308,0,205,33,319,0" /><INIT seed="6,0,0,5,1,96" ten="135,308,238,319" oya="2" hai0="116,16,51,39,56,123,20,108,90,28,29,132,26" hai1="76,14,47,33,46,82,17,30,115,94,89,98,95" hai2="119,63,43,67,52,23,135,106,31,40,9,130,5" hai3="64,87,70,105,125,81,59,36,38,10,25,99,22"/><V107/><F119/><W1/><G70/><T124/><D123/><U85/><E115/><V127/><F127/><W11/><G125/><T61/><D124/><U120/><E120/><V45/><F130/><W88/><G36/><T118/><D39/><U7/><E7/><V2/><F135/><W41/><G38/><T92/><D108/><U66/><E66/><V117/><F117/><W126/><G126/><T19/><D132/><U35/><E94/><V121/><F121/><W15/><G41/><T104/><D104/><U37/><E37/><V50/><F107/><W97/><G1/><T58/><D19/><U83/><E82/><V4/><F106/><W6/><G11/><T100/><D116/><U32/><REACH who="1" step="1"/><E30/><REACH who="1" ten="135,298,238,319" step="2"/><V75/><F5/><W60/><G105/><T68/><D118/><U103/><E103/><V54/><F43/><W21/><G21/><AGARI ba="0,1" hai="14,17,21,32,33,35,46,47,76,83,85,89,95,98" machi="21" ten="40,1300,0" yaku="1,1,53,0" doraHai="96" doraHaiUra="129" who="1" fromWho="3" sc="135,0,298,23,238,0,319,-13" /><INIT seed="7,0,0,3,5,17" ten="135,321,238,306" oya="3" hai0="59,80,14,49,55,104,117,41,64,123,40,29,115" hai1="38,86,53,98,19,7,101,107,11,105,103,97,16" hai2="106,100,121,81,126,118,108,18,24,72,58,122,78" hai3="43,102,135,120,96,60,12,21,63,91,10,110,45"/><W26/><G120/><N who="2" m="46185" /><F18/><W84/><G110/><T33/><D123/><U89/><E38/><V15/><F15/><W76/><G76/><T56/><D104/><U54/><E16/><V31/><F58/><W3/><G3/><T79/><D33/><U134/><E19/><V27/><F27/><W13/><G135/><T73/><D29/><U71/><E134/><V34/><F118/><W44/><G96/><T52/><D117/><U25/><E25/><V32/><F32/><W116/><G102/><T47/><D14/><N who="3" m="5737" /><G10/><T119/><D119/><U128/><E71/><V9/><F9/><W28/><G116/><T125/><D125/><U51/><E128/><V23/><F100/><W20/><G20/><T70/><D115/><U113/><E113/><V130/><F106/><W114/><G114/><T1/><D1/><U66/><E66/><V133/><F108/><W131/><G131/><T57/><D73/><U132/><E132/><V69/><F69/><W68/><G68/><T46/><D79/><U77/><E77/><V39/><F39/><W48/><G45/><T8/><D8/><U85/><E89/><V5/><F133/><W35/><G35/><T111/><D111/><U67/><E67/><V88/><F130/><W6/><G6/><T50/><D80/><AGARI ba="0,0" hai="21,26,28,43,44,48,60,63,80,84,91" m="5737" machi="80" ten="30,2900,0" yaku="8,1,52,1" doraHai="17" who="3" fromWho="0" sc="135,-29,321,0,238,0,306,29" owari="106,-39.4,321,12.1,238,-16.2,335,43.5" /></mjloggm>