<mjloggm ver="2.3"><GO type="169" lobby="0"/><UN n0="%E3%83%8A%E3%82%AB%E3%81%AB%E3%81%97" n1="%E3%81%82%E3%81%95%E3%81%B4%E3%82%93%EF%BC%A0%EF%BD%8D%EF%BD%8A" n2="%73%61%69%63%68%61%6E%7A" n3="%E5%85%BC%E6%98%8E%E5%81%8F%E6%9A%97" dan="17,18,17,17" rate="2251.80,2291.44,2172.96,2201.34" sx="M,M,M,M"/><TAIKYOKU oya="0"/><INIT seed="0,0,0,0,5,82" ten="250,250,250,250" oya="0" hai0="43,101,23,75,124,59,65,135,11,7,35,126,125" hai1="123,13,132,91,92,3,41,44,114,134,53,130,77" hai2="60,120,127,110,30,68,54,90,9,61,45,83,40" hai3="66,27,48,88,105,108,20,63,98,81,100,103,73"/><T0/><D75/><U22/><E123/><V94/><F120/><W72/><G108/><T56/><D35/><U119/><E119/><V129/><F110/><W111/><G111/><T37/><D135/><N who="1" m="51755" /><E3/><V8/><F127/><W33/><G103/><T80/><D101/><U102/><E102/><V76/><F129/><W115/><G115/><T12/><D65/><U25/><E77/><V28/><F68/><W24/><G48/><T34/><D34/><U89/><E130/><V112/><F112/><W19/><G27/><T85/><D37/><U62/><E13/><V97/><F30/><W15/><G15/><T86/><D43/><U122/><E122/><V26/><F8/><W79/><G33/><T74/><D74/><U1/><E1/><V36/><F9/><W118/><G118/><T96/><D96/><U31/><E92/><V2/><F2/><W106/><G73/><T29/><D85/><U117/><E117/><V47/><F47/><W133/><G133/><T39/><D39/><N who="1" m="21567" /><E114/><V107/><F107/><W87/><G105/><T52/><D0/><U128/><E128/><V57/><F26/><W67/><G63/><T95/><D95/><AGARI ba="0,0" hai="19,20,24,66,67,72,79,81,87,88,95,98,100,106" machi="95" ten="30,8000,1" yaku="7,1,24,2,52,1,54,1" doraHai="82" who="3" fromWho="0" sc="250,-80,250,0,250,0,250,80" /><INIT seed="1,0,0,0,1,88" ten="170,250,250,330" oya="1" hai0="84,56,122,54,70,76,94,131,15,14,35,97,103" hai1="62,125,92,124,108,116,126,75,29,111,11,113,55" hai2="81,58,18,107,87,89,134,99,118,50,95,36,63" hai3="30,5,123,7,3,79,52,61,59,25,90,117,21"/><U130/><E113/><V42/><F118/><W0/><G123/><T32/><D70/><U33/><E116/><V31/><F134/><W115/><G117/><T69/><D69/><U49/><E75/><V110/><F110/><N who="1" m="42025" /><E130/><V73/><F31/><W67/><G115/><T112/><D112/><U82/><E82/><V102/><F36/><W43/><G79/><T77/><D131/><U17/><E62/><V40/><F18/><W19/><G43/><T60/><D122/><U78/><E78/><N who="2" m="44239" /><F50/><W10/><G90/><T127/><D76/><U132/><E132/><V53/><AGARI ba="0,0" hai="40,42,53,58,63,87,89,95,99,102,107" m="44239" machi="53" ten="30,2000,0" yaku="24,1,52,1" doraHai="88" who="2" fromWho="2" sc="170,-5,250,-10,250,20,330,-5" /><INIT seed="2,0,0,3,4,118" ten="165,240,270,325" oya="2" hai0="28,61,81,131,85,4,97,18,56,95,132,57,73" hai1="87,96,26,69,125,12,109,70,113,103,25,78,1" hai2="50,115,62,16,106,2,24,128,51,66,75,30,108" hai3="90,101,134,119,88,72,135,65,98,63,126,74,123"/><V86/><F75/><N who="3" m="28715" /><G119/><T45/><D131/><U48/><E1/><V3/><F115/><W27/><G27/><T35/><D132/><N who="3" m="50729" /><G126/><T82/><D73/><U133/><E133/><V102/><F128/><W58/><G123/><T37/><D4/><U29/><E113/><V111/><F86/><W41/><G41/><T31/><D35/><U11/><E109/><N who="2" m="42059" /><F2/><W77/><G77/><T9/><D37/><U104/><E125/><V23/><F3/><W127/><G127/><T17/><D45/><U120/><E120/><V93/><F106/><AGARI ba="0,0" hai="58,63,65,88,90,98,101,106" m="50729,28715" machi="106" ten="30,2000,0" yaku="20,1,54,1" doraHai="118" who="3" fromWho="2" sc="165,0,240,0,270,-20,325,20" /><INIT seed="3,0,0,3,2,108" ten="165,240,250,345" oya="3" hai0="14,65,101,26,21,88,112,20,57,99,77,102,43" hai1="100,125,120,133,94,15,42,48,10,18,8,55,2" hai2="98,47,63,113,40,129,95,44,78,30,11,41,126" hai3="111,51,124,29,82,46,86,16,130,127,5,39,49"/><W89/><G130/><T19/><D77/><U24/><E120/><V64/><F129/><W1/><G29/><T114/><D43/><U13/><E2/><V104/><F104/><W131/><G131/><T50/><D88/><U119/><E119/><V96/><F126/><N who="3" m="48171" /><G111/><T74/><D74/><U135/><E42/><V70/><F30/><W85/><G39/><T67/><D101/><U28/><E125/><V22/><F78/><N who="3" m="46295" /><G46/><T53/><D65/><U116/><E116/><V6/><F22/><W122/><G122/><T32/><D67/><U60/><E60/><V73/><F73/><W31/><G31/><T103/><D32/><U34/><E94/><V17/><F17/><W45/><G45/><T76/><D76/><U83/><E100/><V75/><F75/><W109/><G16/><T91/><D91/><U66/><E66/><V37/><F44/><W92/><G109/><T132/><D132/><N who="1" m="50763" /><E83/><V38/><F38/><W62/><G62/><T71/><D71/><U115/><E48/><V3/><F41/><W128/><G128/><T59/><D102/><U79/><E79/><V121/><F121/><W69/><G69/><T123/><D59/><U68/><E68/><V72/><F72/><W90/><G89/><T84/><D123/><U12/><E18/><V0/><F40/><W61/><G61/><T7/><D84/><U97/><E28/><V107/><F64/><W93/><G93/><N who="0" m="58863" /><D21/><U110/><E110/><V23/><F70/><W105/><G105/><T80/><D80/><U27/><E34/><V9/><F107/><W118/><G118/><T134/><D134/><RYUUKYOKU ba="0,0" sc="165,15,240,-15,250,-15,345,15" hai0="7,14,19,20,26,50,53,57,112,114" hai3="1,5,49,51,86,90,92" /><INIT seed="3,1,0,3,3,56" ten="180,225,235,360" oya="3" hai0="21,101,107,30,25,22,122,88,68,97,28,7,95" hai1="81,9,120,51,5,67,85,48,109,80,82,93,76" hai2="86,50,33,11,70,117,27,123,121,104,42,133,69" hai3="54,26,73,44,87,1,37,53,94,12,128,98,18"/><W119/><G119/><T79/><D122/><N who="2" m="46602" /><F117/><W92/><G73/><T65/><D7/><U96/><E120/><V59/><F104/><W75/><G75/><T78/><D30/><U8/><E109/><V15/><F133/><W77/><G1/><T31/><D31/><U57/><E51/><V34/><F86/><W126/><G26/><T29/><D29/><U49/><E49/><V83/><F83/><N who="1" m="31817" /><E5/><N who="2" m="3567" /><F27/><W4/><G4/><T134/><D134/><U58/><E48/><V100/><F100/><W13/><G128/><T24/><D24/><U41/><E41/><V103/><F103/><W99/><G37/><T64/><D22/><U130/><E130/><V84/><F84/><W19/><G87/><T89/><D89/><U2/><E2/><V23/><F23/><W46/><REACH who="3" step="1"/><G126/><REACH who="3" ten="180,225,235,350" step="2"/><T62/><REACH who="0" step="1"/><D65/><REACH who="0" ten="170,225,235,350" step="2"/><U61/><E67/><V32/><F42/><W118/><G118/><T47/><D47/><U40/><E40/><V115/><F33/><W112/><G112/><T108/><D108/><U71/><E82/><V16/><F115/><W127/><G127/><T45/><D45/><U3/><E3/><V106/><F34/><W135/><G135/><T129/><D129/><U125/><E125/><V36/><F32/><W74/><G74/><T20/><D20/><U111/><E85/><AGARI ba="1,2" hai="21,25,28,62,64,68,78,79,85,88,95,97,101,107" machi="85" ten="30,7700,0" yaku="1,1,7,1,52,1,54,1,53,0" doraHai="56" doraHaiUra="10" who="0" fromWho="1" sc="170,100,225,-80,235,0,350,0" /><INIT seed="4,0,0,1,5,13" ten="270,145,235,350" oya="0" hai0="5,121,19,112,12,22,110,104,126,25,88,48,94" hai1="123,4,24,80,127,100,84,9,59,64,119,87,77" hai2="0,76,10,6,130,117,7,45,60,2,118,32,122" hai3="114,18,125,56,67,85,72,36,54,83,99,65,51"/><T81/><D121/><U27/><E123/><V23/><F122/><W31/><G114/><T43/><D104/><U135/><E119/><N who="2" m="45579" /><F45/><W103/><G36/><T52/><D112/><U17/><E135/><V133/><F60/><W68/><G72/><T82/><D126/><U96/><E127/><V128/><F76/><W50/><G68/><T30/><D5/><N who="2" m="1546" /><F32/><W70/><G70/><T57/><D43/><U134/><E134/><V55/><F55/><W74/><G74/><T3/><D3/><N who="2" m="1066" /><F133/><W8/><G51/><T63/><D63/><U86/><E59/><V111/><F111/><W120/><G120/><T38/><D38/><U105/><E64/><V109/><F109/><W75/><G75/><T108/><D108/><U129/><E77/><V91/><F91/><W46/><G67/><T37/><D37/><U115/><E115/><V1/><F23/><W132/><G132/><T69/><D69/><U20/><E80/><V93/><F93/><W40/><G65/><T98/><D110/><U21/><E87/><V79/><F79/><W124/><G85/><T66/><D66/><U92/><E105/><V71/><F71/><W61/><G83/><T53/><D53/><U28/><REACH who="1" step="1"/><E129/><REACH who="1" ten="270,135,235,350" step="2"/><V15/><F1/><AGARI ba="0,1" hai="1,4,9,17,20,21,24,27,28,84,86,92,96,100" machi="1" ten="30,8000,1" yaku="1,1,2,1,7,1,52,1,53,1" doraHai="13" doraHaiUra="14" who="1" fromWho="2" sc="270,0,135,90,235,-80,350,0" /><INIT seed="5,0,0,3,1,106" ten="270,225,155,350" oya="1" hai0="69,119,113,122,95,110,71,8,18,14,48,4,108" hai1="81,9,60,130,112,123,32,19,54,42,35,20,3" hai2="24,52,7,44,37,26,36,53,47,90,49,58,65" hai3="93,76,5,6,31,73,68,16,129,99,101,107,51"/><U61/><E123/><V98/><F7/><W11/><G68/><T17/><D119/><U96/><E112/><V83/><F65/><W0/><G129/><T114/><D122/><U86/><E130/><V25/><F44/><W27/><G5/><T105/><D105/><U63/><E3/><V89/><F98/><W64/><G64/><T88/><D69/><U117/><E117/><V39/><REACH who="2" step="1"/><F83/><REACH who="2" ten="270,225,145,350" step="2"/><W131/><G6/><T74/><D4/><U38/><E96/><V116/><F116/><W97/><G97/><T77/><D114/><U78/><E81/><V91/><F91/><W43/><G131/><T127/><D88/><U85/><E85/><V41/><F41/><W33/><G43/><T56/><D113/><U134/><E86/><V50/><AGARI ba="0,1" hai="24,25,26,36,37,39,47,49,50,52,53,58,89,90" machi="50" ten="40,8000,1" yaku="1,1,0,1,54,1,53,2" doraHai="106" doraHaiUra="46" who="2" fromWho="2" sc="270,-20,225,-40,145,90,350,-20" /><INIT seed="6,0,0,2,5,117" ten="250,185,235,330" oya="2" hai0="126,21,12,14,54,51,89,63,85,53,45,75,33" hai1="58,46,16,103,77,32,37,122,88,105,92,50,123" hai2="127,4,106,113,83,121,42,3,48,1,101,91,128" hai3="135,8,66,27,60,26,82,67,115,28,38,31,84"/><V100/><F113/><W20/><G38/><T11/><D33/><U98/><E32/><V102/><F127/><W64/><G115/><T95/><D75/><U39/><E77/><V81/><F106/><W7/><G135/><T80/><D126/><U0/><E0/><V19/><F128/><W6/><G60/><T22/><D14/><U23/><E58/><V73/><F4/><W108/><G108/><T15/><D12/><U96/><E50/><V2/><F19/><W24/><G8/><T52/><D95/><U107/><E107/><V78/><F121/><N who="1" m="46089" /><E46/><V68/><F68/><W25/><G31/><T87/><D87/><U18/><E18/><V120/><F120/><W34/><G34/><T104/><D63/><U132/><E132/><V61/><F61/><W116/><G116/><T49/><D104/><U43/><E43/><V112/><F112/><W9/><G9/><T55/><D51/><U114/><E114/><V44/><F3/><W36/><G36/><T72/><D72/><U93/><E105/><V17/><F17/><AGARI ba="0,0" hai="11,15,17,21,22,45,49,52,53,54,55,80,85,89" machi="17" ten="40,8000,1" yaku="25,2,8,1,54,1" doraHai="117" who="0" fromWho="2" sc="250,80,185,0,235,-80,330,0" /><INIT seed="7,0,0,2,0,32" ten="330,185,155,330" oya="3" hai0="34,15,79,133,24,13,26,6,134,8,85,9,25" hai1="4,118,108,99,94,91,107,96,35,111,109,130,20" hai2="120,121,2,135,90,0,92,60,84,86,3,53,10" hai3="73,30,97,87,33,46,102,49,71,12,57,110,129"/><W132/><G73/><T104/><D104/><U16/><E35/><V123/><F135/><N who="0" m="51722" /><D34/><U83/><E130/><V31/><F31/><W22/><G132/><T62/><D62/><U21/><E118/><V59/><F10/><N who="0" m="4202" /><D6/><U63/><E4/><V78/><F78/><W131/><G71/><T55/><D55/><U36/><E36/><V69/><F69/><W17/><G110/><T76/><D76/><U54/><E83/><AGARI ba="0,0" hai="13,15,24,25,26,79,83,85" m="4202,51722" machi="83" ten="40,1300,0" yaku="20,1" doraHai="32" who="0" fromWho="1" sc="330,13,185,-13,155,0,330,0" owari="343,44.3,172,-22.8,155,-34.5,330,13.0" /></mjloggm>