<mjloggm ver="2.3"><GO type="169" lobby="0"/><UN n0="%E3%81%A1%E3%82%83%E3%81%B0%E3%82%8A%E3%83%BC%E3%82%84" n1="%68%69%68%69%68%69%6A%69" n2="%53%68%69%72%6C%65%79" n3="%E7%9C%9F%E4%B8%80" dan="16,16,16,17" rate="2112.31,2176.70,2094.74,2231.97" sx="M,M,M,M"/><TAIKYOKU oya="0"/><INIT seed="0,0,0,4,4,95" ten="250,250,250,250" oya="0" hai0="55,83,9,76,132,51,28,127,58,68,134,130,46" hai1="133,82,19,97,60,88,37,78,66,111,67,114,34" hai2="122,38,47,14,106,17,81,65,42,16,8,110,31" hai3="73,39,15,59,50,108,64,44,10,99,105,126,12"/><T102/><D127/><U1/><E37/><V112/><F110/><W0/><G108/><T6/><D68/><U27/><E111/><V41/><F112/><W63/><G126/><T135/><D130/><U32/><E1/><V74/><F122/><W7/><G73/><T18/><D28/><U72/><E114/><V48/><F31/><W118/><G39/><T131/><D131/><U24/><E133/><V117/><F117/><W62/><G118/><T86/><D18/><U101/><E66/><V20/><F65/><W84/><G63/><T79/><D102/><U33/><E19/><V43/><F106/><W85/><G0/><T104/><D104/><U107/><REACH who="1" step="1"/><E88/><REACH who="1" ten="250,240,250,250" step="2"/><V75/><F38/><W90/><G90/><T92/><D92/><U11/><E11/><V69/><F69/><AGARI ba="0,1" hai="24,27,32,33,34,60,67,69,72,78,82,97,101,107" machi="69" ten="40,5200,0" yaku="1,1,52,1,53,1" doraHai="95" doraHaiUra="98" who="1" fromWho="2" sc="250,0,240,62,250,-52,250,0" /><INIT seed="1,0,0,0,3,112" ten="250,302,198,250" oya="1" hai0="18,67,53,99,102,114,117,2,50,118,85,24,73" hai1="103,82,130,35,15,9,98,63,106,5,47,70,92" hai2="12,42,30,120,36,28,135,39,40,84,104,37,133" hai3="111,34,23,26,77,125,7,80,124,14,81,49,128"/><U83/><E130/><V58/><F120/><W54/><G111/><T20/><D73/><U64/><E47/><V45/><F104/><W44/><G128/><T17/><D114/><U134/><E134/><N who="2" m="51211" /><F84/><W56/><G34/><T29/><D2/><U48/><E48/><N who="2" m="26663" /><F12/><W69/><G69/><T76/><D67/><U8/><E92/><V116/><F28/><W78/><G81/><T101/><D76/><U105/><E105/><V107/><F30/><W25/><G78/><T108/><D85/><U4/><REACH who="1" step="1"/><E35/><REACH who="1" ten="250,292,198,250" step="2"/><V90/><F107/><W89/><G44/><T131/><D131/><U31/><E31/><V32/><F32/><W91/><G125/><T129/><D129/><U43/><E43/><V46/><F90/><W79/><G91/><T100/><D108/><U97/><E97/><V10/><F46/><W72/><G124/><T11/><D99/><U86/><E86/><V87/><F87/><W38/><G89/><T0/><D29/><U51/><E51/><V93/><F93/><W126/><G126/><T21/><D0/><AGARI ba="0,1" hai="0,4,5,8,9,15,63,64,70,82,83,98,103,106" machi="0" ten="30,5800,0" yaku="1,1,7,1,53,1" doraHai="112" doraHaiUra="61" who="1" fromWho="0" sc="250,-58,292,68,198,0,250,0" /><INIT seed="1,1,0,0,0,106" ten="192,360,198,250" oya="1" hai0="119,81,133,86,93,53,63,71,96,78,82,52,0" hai1="134,122,28,120,77,79,4,73,36,15,44,80,74" hai2="3,39,72,6,116,26,40,125,68,33,37,14,56" hai3="85,132,5,113,110,97,32,49,100,127,67,31,11"/><U46/><E28/><V21/><F68/><W43/><G113/><T105/><D133/><U51/><E134/><V83/><F116/><W38/><G38/><T131/><D131/><U109/><E109/><V60/><F125/><W24/><G127/><T22/><D119/><U29/><E29/><V124/><F3/><W42/><G110/><T57/><D0/><U48/><E15/><V135/><F135/><W101/><G132/><T121/><D121/><U34/><E4/><V87/><F33/><W41/><G67/><T70/><D105/><U30/><E30/><V19/><F40/><W112/><G112/><T12/><D53/><U130/><E130/><V13/><F13/><W55/><G85/><T25/><D82/><U89/><E89/><V7/><F7/><W99/><G99/><T66/><D66/><U94/><E94/><V45/><F45/><W104/><G101/><T69/><D12/><U129/><E34/><V90/><F124/><W84/><G84/><T16/><REACH who="0" step="1"/><D71/><REACH who="0" ten="182,360,198,250" step="2"/><U35/><E129/><V103/><F14/><W8/><REACH who="3" step="1"/><G5/><REACH who="3" ten="182,360,198,240" step="2"/><T18/><D18/><U54/><E122/><V91/><F19/><W92/><G92/><T61/><D61/><U1/><E120/><V126/><F60/><W65/><G65/><T123/><D123/><U2/><E80/><V114/><F83/><W108/><G108/><T107/><D107/><U102/><E2/><V115/><F6/><W27/><G27/><T95/><D95/><U59/><E1/><V75/><F126/><W98/><G98/><T47/><D47/><AGARI ba="1,2" hai="8,11,24,31,32,41,42,43,47,49,55,97,100,104" machi="47" ten="40,1300,0" yaku="1,1,53,0" doraHai="106" doraHaiUra="111" who="3" fromWho="0" sc="182,-16,360,0,198,0,240,36" /><INIT seed="2,0,0,3,5,34" ten="166,360,198,276" oya="2" hai0="59,125,14,117,6,131,73,32,127,25,96,64,87" hai1="21,3,46,93,126,53,128,45,85,49,78,103,88" hai2="74,27,121,31,36,1,30,132,76,24,63,28,52" hai3="58,90,61,109,5,84,48,100,8,18,118,94,13"/><V130/><F121/><W55/><G109/><T102/><D73/><U37/><E128/><V15/><F130/><W62/><G118/><T106/><D131/><U70/><E70/><V134/><F36/><W123/><G123/><T115/><D115/><U124/><E78/><V39/><F39/><W10/><REACH who="3" step="1"/><G100/><REACH who="3" ten="166,360,198,266" step="2"/><T12/><D117/><U7/><E103/><V44/><F134/><W86/><G86/><T95/><D87/><U56/><E85/><V2/><F132/><W35/><G35/><T98/><D32/><U26/><E124/><V9/><F74/><W40/><G40/><T69/><D127/><U71/><E126/><V112/><F112/><W111/><G111/><T22/><D125/><U82/><E37/><V67/><F76/><W19/><G19/><T66/><D6/><U97/><E7/><V33/><F33/><W91/><G91/><T17/><D69/><U43/><E71/><V50/><F27/><W47/><G47/><T122/><D122/><U11/><E46/><V81/><F24/><W135/><G135/><T101/><REACH who="0" step="1"/><D66/><REACH who="0" ten="156,360,198,266" step="2"/><U4/><E4/><V29/><N who="2" m="7168" /><DORA hai="107" /><V77/><F77/><W54/><G54/><T104/><D104/><U0/><E53/><V119/><F119/><W113/><G113/><T120/><D120/><U108/><E108/><V23/><F67/><W116/><G116/><T16/><D16/><U129/><E129/><V133/><F133/><W110/><G110/><T60/><AGARI ba="0,2" hai="12,14,17,22,25,59,60,64,95,96,98,101,102,106" machi="60" ten="30,2000,0" yaku="1,1,0,1,53,0" doraHai="34,107" doraHaiUra="80,38" who="0" fromWho="0" sc="156,40,360,-5,198,-10,266,-5" /><INIT seed="3,0,0,4,1,38" ten="196,355,188,261" oya="3" hai0="20,7,5,102,6,88,114,46,122,37,96,91,95" hai1="92,43,65,22,26,68,50,25,66,18,11,48,9" hai2="119,0,33,3,73,4,21,47,107,58,112,124,44" hai3="61,69,17,89,59,127,57,27,83,117,52,60,8"/><W103/><G117/><T71/><D122/><U116/><E116/><V34/><F112/><W86/><G127/><T105/><D114/><U74/><E74/><V77/><F119/><W129/><G129/><T109/><D109/><U30/><E68/><V101/><F107/><W126/><G126/><T85/><D71/><U78/><E78/><V118/><F73/><W51/><G103/><T115/><D115/><U81/><E81/><V104/><F104/><W110/><G110/><T42/><D20/><U16/><E92/><V131/><F0/><W35/><G69/><T87/><REACH who="0" step="1"/><D5/><REACH who="0" ten="186,355,188,261" step="2"/><U31/><E22/><V75/><F118/><W93/><G35/><T113/><D113/><U64/><E64/><V10/><F33/><W82/><G61/><T29/><D29/><U79/><E79/><V111/><F34/><W15/><REACH who="3" step="1"/><G27/><REACH who="3" ten="186,355,188,251" step="2"/><T72/><D72/><U76/><E26/><V19/><F75/><W36/><G36/><T63/><D63/><U108/><E25/><V134/><F124/><W125/><G125/><T2/><D2/><U49/><E108/><V80/><F3/><W99/><G99/><T23/><D23/><U41/><E49/><V123/><F111/><W45/><G45/><T53/><D53/><AGARI ba="0,2" hai="8,15,17,51,52,53,57,59,60,82,83,86,89,93" machi="53" ten="30,12000,1" yaku="1,1,7,1,8,1,54,1,53,1" doraHai="38" doraHaiUra="13" who="3" fromWho="0" sc="186,-120,355,0,188,0,251,140" /><INIT seed="3,1,0,4,1,124" ten="66,355,188,391" oya="3" hai0="29,77,132,114,50,73,59,93,130,75,113,103,134" hai1="19,4,2,120,28,9,30,5,27,135,42,1,117" hai2="61,17,49,101,47,51,91,115,60,20,71,95,33" hai3="31,96,81,85,131,126,39,16,110,79,133,22,66"/><W70/><G39/><T102/><D29/><U45/><E120/><V36/><F115/><N who="0" m="44042" /><D59/><U65/><E65/><V56/><F33/><W46/><G126/><T99/><D50/><U53/><E53/><N who="2" m="31791" /><F101/><W78/><G31/><N who="1" m="11818" /><E45/><V98/><F71/><W125/><G125/><T89/><D130/><U68/><E42/><N who="2" m="25079" /><F36/><W92/><G66/><T64/><D64/><U7/><E68/><V80/><F80/><W90/><G70/><T48/><D48/><U18/><E135/><N who="0" m="51753" /><D77/><U25/><E117/><V3/><F3/><N who="1" m="1033" /><E9/><V108/><F108/><W63/><G110/><T107/><D102/><U87/><E87/><AGARI ba="1,0" hai="73,75,87,89,93,99,103,107" m="51753,44042" machi="87" ten="30,7700,0" yaku="11,1,20,1,34,2" doraHai="124" who="0" fromWho="1" sc="66,80,355,-80,188,0,391,0" /><INIT seed="4,0,0,0,2,8" ten="146,275,188,391" oya="0" hai0="57,0,29,64,99,52,71,53,126,68,116,132,50" hai1="121,134,54,5,26,47,110,9,79,131,42,39,82" hai2="44,22,118,124,78,2,85,73,3,43,100,14,66" hai3="10,24,32,55,105,25,76,127,13,45,63,41,58"/><T135/><D0/><U101/><E121/><V74/><F124/><W28/><G127/><T114/><D29/><U115/><E110/><V62/><F118/><W81/><G105/><T84/><D126/><U40/><E131/><V119/><F119/><W12/><G25/><T19/><D116/><U60/><E134/><N who="0" m="51241" /><D114/><U109/><E109/><V49/><F100/><W48/><REACH who="3" step="1"/><G10/><REACH who="3" ten="146,275,188,381" step="2"/><T4/><D4/><U72/><E26/><V117/><F117/><W102/><G102/><T125/><D125/><U27/><E101/><V51/><F74/><AGARI ba="0,1" hai="12,13,24,28,32,41,45,48,55,58,63,74,76,81" machi="74" ten="30,8000,1" yaku="1,1,7,1,52,2,53,1" doraHai="8" doraHaiUra="107" who="3" fromWho="2" sc="146,0,275,0,188,-80,381,90" /><INIT seed="5,0,0,1,0,121" ten="146,275,108,471" oya="1" hai0="22,56,44,96,109,80,38,125,30,84,76,35,58" hai1="111,29,55,70,116,34,87,13,77,86,92,83,131" hai2="45,0,113,115,124,46,32,11,106,31,118,8,127" hai3="91,128,79,43,23,90,4,1,98,67,62,114,20"/><U73/><E116/><V52/><F106/><W64/><G114/><N who="2" m="43529" /><F118/><W47/><G128/><T107/><D125/><N who="2" m="48202" /><F0/><W102/><G79/><T57/><D35/><U82/><E70/><V120/><F120/><W40/><G4/><T53/><D109/><U12/><E131/><V126/><N who="2" m="48210" /><V95/><DORA hai="27" /><F95/><W2/><G1/><T5/><D5/><U71/><E71/><V117/><F117/><W14/><G2/><T105/><D96/><U37/><E37/><V54/><F45/><W108/><G108/><T89/><D105/><U78/><E111/><V48/><F54/><W93/><G43/><T123/><D107/><U65/><E65/><V36/><F36/><W24/><G67/><T74/><D123/><U134/><E55/><V15/><F15/><W68/><G14/><T49/><D38/><U61/><E92/><V10/><F10/><W16/><G23/><T122/><D122/><U88/><E13/><V94/><F94/><W25/><G24/><AGARI ba="0,0" hai="8,11,24,31,32,46,48,52" m="48210,43529" machi="24" ten="50,8000,1" yaku="15,1,11,1,18,1,52,1,54,1" doraHai="121,27" who="2" fromWho="3" sc="146,0,275,0,108,80,471,-80" /><INIT seed="6,0,0,0,0,51" ten="146,275,188,391" oya="2" hai0="87,119,30,20,44,19,77,115,7,68,4,22,71" hai1="112,73,109,117,24,103,32,110,69,64,91,82,94" hai2="35,46,45,5,27,90,23,76,14,81,47,3,134" hai3="118,102,89,95,50,79,130,83,78,29,75,123,65"/><V13/><F134/><W49/><G118/><T114/><D119/><U113/><E117/><V37/><F35/><W116/><G116/><T105/><D105/><U59/><E69/><V60/><F37/><W43/><G123/><T12/><D77/><U17/><E103/><V88/><F3/><W67/><G130/><T53/><D87/><U85/><E64/><V107/><F107/><W10/><G79/><T2/><D2/><U131/><E59/><V125/><F125/><W135/><G102/><T28/><D71/><U80/><E131/><V63/><F63/><W104/><G104/><T128/><D68/><U6/><E6/><N who="0" m="2089" /><D53/><U57/><E57/><V84/><F60/><W133/><G29/><N who="0" m="11371" /><D44/><U0/><E0/><V39/><F39/><W52/><G10/><N who="0" m="6551" /><D128/><U111/><E73/><V108/><F46/><N who="3" m="27703" /><G50/><T15/><D15/><U42/><E42/><V122/><F14/><W132/><G43/><T101/><D101/><U72/><E72/><V55/><F122/><W121/><G121/><T98/><D98/><AGARI ba="0,0" hai="65,67,75,78,83,89,95,98,132,133,135" m="27703" machi="98" ten="30,3900,0" yaku="20,1,52,1,54,1" doraHai="51" who="3" fromWho="0" sc="146,-39,275,0,188,0,391,39" /><INIT seed="7,0,0,1,5,131" ten="107,275,188,430" oya="3" hai0="79,53,109,96,119,84,2,134,77,91,54,3,80" hai1="25,34,121,72,127,66,93,95,103,110,20,63,58" hai2="39,92,64,133,101,113,62,24,82,107,99,106,117" hai3="43,44,28,1,13,21,61,30,89,130,7,70,59"/><W132/><G70/><T32/><D109/><U16/><E72/><V37/><F117/><W123/><G1/><T42/><D119/><U33/><E121/><V105/><F24/><W120/><G130/><T36/><D32/><U118/><E127/><V102/><F62/><W50/><G30/><T135/><D42/><U98/><E110/><V65/><F82/><W122/><G28/><T125/><D36/><U60/><E118/><V56/><F56/><W112/><G112/><T29/><D29/><U73/><E73/><V11/><F11/><W126/><G126/><T114/><D125/><U0/><E0/><V10/><F92/><W86/><G7/><T87/><D96/><U76/><E76/><V40/><F10/><W17/><G132/><N who="0" m="50731" /><D114/><U81/><E34/><V104/><F99/><W68/><G68/><T128/><D128/><U35/><E33/><V108/><F108/><W75/><G75/><T41/><D41/><U57/><E35/><V38/><F40/><W46/><G46/><T12/><D12/><U49/><E98/><V8/><F133/><W5/><G5/><T83/><D77/><U129/><E129/><V47/><F113/><W88/><G86/><T90/><D79/><U115/><E115/><V15/><F15/><W94/><G94/><T6/><D2/><U52/><E95/><V78/><F78/><W45/><G45/><T9/><AGARI ba="0,0" hai="3,6,9,53,54,80,83,84,87,90,91" m="50731" machi="9" ten="30,7900,0" yaku="20,1,52,3" doraHai="131" who="0" fromWho="0" sc="107,79,275,-20,188,-20,430,-39" owari="186,-21.4,255,5.5,168,-33.2,391,49.1" /></mjloggm>