<mjloggm ver="2.3"><GO type="169" lobby="0"/><UN n0="%6B%61%77%61%69%31%32" n1="%48%61%6C%66%73" n2="%E3%82%88%E3%81%86%E3%81%B8%E3%83%BC%58" n3="%41%4C%50%45%52%49%4E" dan="16,17,17,17" rate="2081.50,2151.31,2244.37,2189.89" sx="M,M,M,M"/><TAIKYOKU oya="0"/><INIT seed="0,0,0,4,4,47" ten="250,250,250,250" oya="0" hai0="21,29,24,13,114,73,79,110,86,49,105,37,95" hai1="131,45,111,6,42,123,5,14,30,7,126,56,85" hai2="115,90,122,78,67,0,124,46,98,130,69,3,61" hai3="8,52,1,107,80,75,74,129,18,2,12,71,50"/><T102/><D114/><U76/><E123/><V101/><F122/><W96/><G71/><T36/><D110/><U27/><E126/><V40/><F115/><W108/><G108/><T103/><D73/><U109/><E131/><V81/><F90/><W127/><G127/><T4/><D105/><U23/><E56/><V20/><F20/><W66/><G66/><T82/><D36/><U120/><E120/><V92/><F130/><W65/><G65/><T93/><D37/><U88/><E76/><V121/><F121/><W134/><G134/><T55/><D4/><U17/><E42/><V59/><F69/><W125/><G125/><T16/><D102/><U100/><E45/><V39/><REACH who="2" step="1"/><F124/><REACH who="2" ten="250,250,240,250" step="2"/><W118/><G129/><T9/><REACH who="0" step="1"/><D103/><REACH who="0" ten="240,250,240,250" step="2"/><U19/><E100/><V15/><F15/><W87/><G12/><T113/><D113/><U58/><E109/><V43/><F43/><W70/><G1/><T94/><D94/><N who="1" m="54543" /><E111/><V133/><F133/><W35/><G2/><T57/><AGARI ba="0,2" hai="9,13,16,21,24,29,49,55,57,79,82,86,93,95" machi="57" ten="20,18000,2" yaku="1,1,0,1,7,1,8,1,52,1,54,1,53,1" doraHai="47" doraHaiUra="51" who="0" fromWho="0" sc="240,200,250,-60,240,-60,250,-60" /><INIT seed="0,1,0,1,0,12" ten="440,190,180,190" oya="0" hai0="125,64,81,26,105,127,135,101,52,106,72,42,134" hai1="116,102,3,109,130,59,19,27,83,61,112,70,9" hai2="126,47,87,133,68,129,128,40,11,73,50,41,10" hai3="67,1,15,118,35,69,120,131,51,108,2,110,76"/><T28/><D42/><U119/><E109/><N who="3" m="42090" /><G118/><T33/><D64/><U7/><E70/><V113/><F73/><W78/><G35/><T56/><D81/><U6/><E130/><N who="2" m="50283" /><F113/><W37/><G37/><T44/><D44/><U5/><E112/><V114/><F114/><W45/><G131/><T77/><D77/><N who="3" m="29801" /><G120/><T54/><D72/><U97/><E83/><V89/><F68/><W65/><G15/><T18/><D18/><U86/><E86/><V4/><F133/><N who="0" m="50698" /><D54/><U58/><E58/><V92/><F126/><N who="0" m="48138" /><D101/><U85/><E116/><V36/><F4/><W0/><G69/><T48/><AGARI ba="1,0" hai="26,28,33,48,52,56,105,106" m="48138,50698" machi="48" ten="30,6000,0" yaku="20,1,18,1,54,1" doraHai="12" who="0" fromWho="0" sc="440,63,190,-21,180,-21,190,-21" /><INIT seed="0,2,0,5,5,79" ten="503,169,159,169" oya="0" hai0="117,77,24,87,6,34,84,38,4,1,31,97,74" hai1="13,81,76,7,65,96,32,83,2,37,75,80,115" hai2="110,59,86,122,35,66,129,114,19,43,21,127,33" hai3="121,55,64,20,36,135,63,102,95,125,27,133,94"/><T67/><D38/><U11/><E115/><V70/><F122/><W88/><G36/><T42/><D42/><U14/><E32/><V50/><F114/><W119/><G119/><T99/><D117/><U90/><E65/><V49/><F129/><W29/><G125/><T44/><D44/><U26/><E26/><V48/><F127/><W17/><G121/><T106/><D67/><U113/><E113/><V15/><F70/><W104/><G104/><T8/><D6/><U40/><E96/><V47/><F110/><W111/><G111/><T91/><D106/><U68/><E68/><V108/><F108/><W5/><G5/><T134/><D134/><N who="3" m="51209" /><G55/><T0/><D0/><U109/><E109/><V41/><F35/><W132/><N who="3" m="51217" /><W103/><DORA hai="118" /><G29/><T85/><D91/><U126/><E126/><V123/><F33/><W12/><G27/><T46/><D31/><U52/><E52/><V131/><F131/><W61/><G95/><T62/><D24/><U98/><E98/><V100/><F123/><W130/><G130/><T9/><D99/><U78/><E90/><V22/><F100/><N who="3" m="38443" /><G64/><T28/><D34/><U73/><E81/><V16/><F43/><W82/><G94/><T93/><D97/><U57/><E57/><V128/><F128/><W39/><G39/><T25/><D28/><U54/><E54/><V18/><F66/><W92/><G92/><T116/><D116/><U51/><E51/><N who="2" m="19531" /><F59/><W101/><N who="3" m="38451" /><W3/><DORA hai="10" /><G3/><T69/><D1/><U124/><E124/><V72/><F50/><W58/><G58/><T53/><D69/><RYUUKYOKU ba="2,0" sc="503,-15,169,15,159,-15,169,15" hai1="2,7,11,13,14,37,40,73,75,76,78,80,83" hai3="12,17,20,61,63,82,88" /><INIT seed="1,3,0,1,4,55" ten="488,184,144,184" oya="1" hai0="69,66,86,91,45,82,41,32,52,117,49,81,8" hai1="28,105,13,99,118,34,1,21,89,19,80,63,71" hai2="110,127,116,42,36,26,133,62,64,106,111,119,56" hai3="130,107,14,84,29,61,113,54,0,31,44,88,112"/><U40/><E118/><N who="2" m="45099" /><F106/><W72/><G0/><T39/><D117/><U20/><E1/><V131/><F26/><W59/><G107/><T122/><D32/><U83/><E40/><V53/><F133/><W125/><G72/><T38/><D122/><U77/><E21/><V134/><F134/><W90/><G125/><T57/><D39/><U5/><E5/><V65/><F127/><W9/><G130/><T97/><D97/><U17/><E17/><V35/><F35/><W27/><G90/><T75/><D8/><U121/><E121/><V33/><F33/><W25/><G44/><T103/><D103/><U4/><E4/><V94/><F94/><W74/><G74/><T78/><D75/><U93/><E77/><V6/><F6/><W126/><G126/><T12/><D12/><U108/><E108/><N who="2" m="41515" /><F131/><W51/><G27/><T68/><D66/><N who="1" m="41439" /><E89/><V79/><F79/><W104/><G104/><T98/><D81/><U11/><E11/><V60/><F60/><W120/><G120/><T109/><D109/><U101/><E93/><V3/><F3/><W46/><G25/><AGARI ba="3,0" hai="13,19,20,25,28,34,80,83,99,101,105" m="41439" machi="25" ten="30,1500,0" yaku="25,1" doraHai="55" who="1" fromWho="3" sc="488,0,184,24,144,0,184,-24" /><INIT seed="1,4,0,4,2,117" ten="488,208,144,160" oya="1" hai0="75,68,132,31,56,14,40,79,119,9,98,113,11" hai1="13,43,17,7,91,60,80,122,30,116,62,120,12" hai2="105,64,78,3,38,83,35,82,42,92,57,74,63" hai3="15,49,72,52,96,34,100,27,106,107,0,4,47"/><U111/><E116/><V108/><F105/><W89/><G0/><T129/><D119/><U76/><E111/><V58/><F108/><W16/><G72/><T77/><D68/><U39/><E91/><V70/><F35/><W61/><G107/><T28/><D113/><U128/><E128/><V5/><F83/><W44/><G4/><T1/><D1/><U94/><E94/><V26/><F26/><W10/><G61/><T130/><D40/><U127/><E30/><V8/><REACH who="2" step="1"/><F92/><REACH who="2" ten="488,208,134,160" step="2"/><W59/><REACH who="3" step="1"/><G89/><REACH who="3" ten="488,208,134,150" step="2"/><T135/><D77/><U123/><E76/><V73/><F73/><W33/><G33/><T67/><D75/><U110/><E110/><V88/><F88/><W103/><G103/><T125/><D79/><U54/><E120/><V101/><F101/><W124/><G124/><T90/><D125/><U22/><E122/><V20/><F20/><W97/><G97/><T109/><D109/><U84/><E123/><V2/><F2/><W71/><G71/><T6/><D90/><U99/><E99/><V133/><F133/><W46/><G46/><AGARI ba="4,2" hai="3,5,8,38,42,46,57,58,63,64,70,74,78,82" machi="46" ten="40,5200,0" yaku="1,1,25,2,53,0" doraHai="117" doraHaiUra="19" who="2" fromWho="3" sc="488,0,208,0,134,84,150,-64" /><INIT seed="2,0,0,0,2,133" ten="488,208,218,86" oya="2" hai0="66,28,55,33,75,12,17,108,123,22,13,40,43" hai1="115,16,31,79,135,89,74,56,63,36,85,45,104" hai2="30,82,105,32,54,49,53,15,14,39,87,57,114" hai3="106,11,42,6,100,73,25,127,92,124,20,126,77"/><V4/><F114/><W52/><G106/><T134/><D75/><U113/><E135/><V125/><F105/><W131/><G131/><T35/><D123/><U26/><E104/><V98/><F39/><W130/><G130/><T81/><D134/><U61/><E61/><V94/><F32/><W7/><G42/><T78/><D66/><U96/><E96/><V107/><F30/><W71/><G71/><T9/><D55/><U29/><E79/><V60/><F4/><W83/><G11/><T86/><D35/><U88/><E89/><N who="2" m="51447" /><F107/><W69/><G69/><T99/><D108/><U129/><E74/><V80/><F80/><W109/><G109/><T41/><D33/><U27/><E31/><V59/><F125/><W51/><G92/><T1/><D1/><U119/><E129/><V37/><F37/><W23/><G100/><AGARI ba="0,0" hai="14,15,49,53,54,57,59,60,94,98,100" m="51447" machi="100" ten="30,1500,0" yaku="8,1" doraHai="133" who="2" fromWho="3" sc="488,0,208,0,218,15,86,-15" /><INIT seed="2,1,0,1,0,84" ten="488,208,233,71" oya="2" hai0="120,99,21,73,11,44,32,108,67,35,25,63,118" hai1="29,24,14,56,39,17,65,94,49,129,113,59,60" hai2="51,130,102,114,66,20,112,50,70,103,121,64,101" hai3="93,82,7,128,107,69,48,2,37,95,12,111,28"/><V27/><F121/><W38/><G69/><T55/><D73/><U47/><E129/><V91/><F130/><W41/><G107/><T100/><D120/><U16/><E113/><V97/><F70/><W61/><G128/><T23/><D23/><U15/><E39/><V117/><F117/><W18/><G111/><T105/><D108/><U92/><E24/><V19/><F114/><W43/><G28/><T33/><D118/><U106/><E29/><V0/><F0/><W96/><G2/><T127/><D127/><U122/><E106/><V133/><F133/><W75/><G7/><T58/><D11/><U104/><E104/><V5/><F5/><W54/><G61/><T45/><REACH who="0" step="1"/><D67/><REACH who="0" ten="478,208,233,71" step="2"/><N who="2" m="25642" /><F112/><W124/><G124/><T98/><D98/><U85/><E122/><V34/><F34/><W31/><G75/><T40/><D40/><U78/><E65/><V87/><F97/><W1/><G41/><T42/><D42/><U116/><E116/><V52/><F52/><W53/><G43/><T8/><D8/><U89/><E85/><V119/><F119/><W4/><G53/><T46/><D46/><U57/><E47/><V30/><F30/><AGARI ba="1,1" hai="21,25,30,32,33,35,44,45,55,58,63,99,100,105" machi="30" ten="40,1300,0" yaku="1,1,53,0" doraHai="84" doraHaiUra="71" who="0" fromWho="2" sc="478,26,208,0,233,-16,71,0" /><INIT seed="3,0,0,1,5,128" ten="504,208,217,71" oya="3" hai0="124,129,98,75,93,78,42,134,10,119,16,58,11" hai1="0,89,101,109,100,86,22,81,116,115,24,126,121" hai2="23,15,43,108,92,31,122,19,69,94,63,49,88" hai3="7,96,127,62,17,103,83,68,54,21,61,133,14"/><W120/><G120/><T72/><D119/><U66/><E115/><V73/><F73/><W85/><G127/><T51/><D129/><U20/><E0/><V110/><F122/><W25/><G68/><T37/><D37/><U3/><E3/><V48/><F31/><W104/><G133/><T90/><D124/><U67/><E109/><N who="2" m="42091" /><F43/><W4/><G54/><T44/><D134/><U71/><E116/><V135/><F135/><W29/><G4/><T60/><D78/><U30/><E121/><V95/><F88/><W8/><REACH who="3" step="1"/><G29/><REACH who="3" ten="504,208,217,61" step="2"/><T65/><D72/><U13/><E71/><V50/><F69/><W12/><G12/><N who="0" m="7191" /><D75/><U113/><E126/><V111/><F111/><W9/><G9/><AGARI ba="0,1" hai="9,11,42,44,51,58,60,65,90,93,98" m="7191" machi="9" ten="30,2000,0" yaku="8,1,54,1" doraHai="128" who="0" fromWho="3" sc="504,30,208,0,217,0,61,-20" /><INIT seed="4,0,0,4,3,72" ten="534,208,217,41" oya="0" hai0="4,85,22,74,81,37,45,92,95,87,99,36,46" hai1="82,63,120,70,19,40,118,107,31,6,129,56,131" hai2="27,89,105,50,35,127,83,132,84,30,12,59,78" hai3="32,125,18,112,34,13,77,8,0,16,26,117,38"/><T102/><D4/><U73/><E118/><V101/><F132/><W133/><G117/><T69/><D69/><U49/><E120/><V111/><F127/><W64/><G38/><T121/><D22/><U39/><E107/><V116/><F111/><W109/><G109/><T97/><D74/><U52/><E31/><V33/><F116/><W110/><G110/><T61/><D61/><U135/><E135/><V126/><F126/><W124/><G133/><T67/><D67/><N who="1" m="41343" /><E19/><V3/><F3/><W1/><G64/><T9/><D9/><U75/><E6/><V115/><F12/><W41/><G41/><T53/><D53/><U28/><E28/><V128/><F35/><W58/><G58/><T130/><D37/><U5/><E5/><V7/><F7/><W90/><G90/><T104/><D36/><U62/><E82/><V122/><F122/><W44/><G44/><T42/><D46/><N who="1" m="23839" /><E73/><V71/><F101/><W11/><G77/><T108/><D81/><U47/><E75/><V2/><F105/><W65/><G65/><AGARI ba="0,0" hai="47,49,52,56,62,65,129,131" m="23839,41343" machi="65" ten="30,3900,0" yaku="34,2,54,1" doraHai="72" who="1" fromWho="3" sc="534,0,208,39,217,0,41,-39" /><INIT seed="5,0,0,4,1,56" ten="534,247,217,2" oya="1" hai0="81,33,52,20,97,53,47,5,125,66,67,76,86" hai1="106,69,99,70,40,73,134,63,12,14,48,122,54" hai2="68,16,131,74,79,36,93,49,50,18,25,23,57" hai3="98,58,3,83,84,108,126,6,135,113,107,60,101"/><U15/><E122/><V96/><F68/><W29/><G108/><T82/><D33/><U28/><E73/><V26/><F36/><W35/><G113/><T78/><D125/><U94/><E106/><V37/><F37/><W75/><G126/><T34/><D34/><U104/><E104/><V129/><F74/><W44/><G135/><T127/><D127/><U119/><E119/><V114/><F79/><W9/><G75/><T0/><D0/><U65/><E28/><V61/><F114/><W11/><G11/><T38/><D5/><U95/><E134/><V8/><F131/><W55/><G44/><T92/><D38/><U31/><E31/><V13/><F26/><W116/><G116/><T111/><D20/><U43/><E70/><V46/><F46/><W133/><G133/><T115/><D115/><U27/><E27/><V118/><F129/><W130/><G130/><T22/><D22/><U7/><E7/><V42/><F42/><W4/><G4/><T87/><D111/><U124/><E124/><V102/><F118/><W77/><G29/><T90/><D47/><N who="1" m="27935" /><E99/><V128/><F128/><W85/><G35/><T72/><D72/><U24/><E24/><V105/><F105/><W19/><G19/><T10/><D10/><U88/><E95/><V121/><F121/><W62/><G84/><T30/><D30/><U117/><E117/><V39/><F39/><W100/><G100/><T71/><D71/><U91/><E94/><V17/><F18/><W2/><G2/><T21/><D21/><U45/><E40/><V59/><F59/><W1/><G1/><RYUUKYOKU ba="0,0" sc="534,0,247,0,217,0,2,0" hai0="52,53,66,67,76,78,81,82,86,87,90,92,97" hai1="12,14,15,43,45,63,65,69,88,91" hai2="8,13,16,17,23,25,49,50,57,61,93,96,102" hai3="3,6,9,55,58,60,62,77,83,85,98,101,107" /><INIT seed="5,1,0,3,1,39" ten="534,247,217,2" oya="1" hai0="120,101,119,75,21,77,81,7,128,103,64,122,16" hai1="10,65,83,48,26,114,125,1,69,102,96,123,97" hai2="135,34,20,95,80,132,90,43,104,25,89,49,78" hai3="59,133,35,112,105,4,79,88,2,28,38,98,32"/><U115/><E123/><N who="0" m="47145" /><D128/><U126/><E83/><V99/><F34/><W55/><G38/><T129/><D129/><U3/><E26/><V86/><F104/><W42/><G112/><N who="1" m="43050" /><E96/><V107/><F107/><W58/><G133/><T33/><D33/><U30/><E30/><V117/><F117/><W54/><G79/><T18/><D18/><U85/><E85/><V66/><F66/><W24/><G35/><T41/><D41/><U45/><E69/><V44/><REACH who="2" step="1"/><F78/><REACH who="2" ten="534,247,207,2" step="2"/><W52/><G105/><T110/><D77/><U9/><E65/><V70/><F70/><W118/><G118/><T37/><D119/><U93/><E125/><V17/><AGARI ba="1,1" hai="17,20,25,43,44,49,80,86,89,90,95,99,132,135" machi="17" ten="30,8000,1" yaku="1,1,0,1,52,1,53,2" doraHai="39" doraHaiUra="131" who="2" fromWho="2" sc="534,-21,247,-41,207,93,2,-21" owari="513,61.3,206,-19.4,300,10.0,-19,-51.9" /></mjloggm>