<mjloggm ver="2.3"><GO type="169" lobby="0"/><UN n0="%41%72%69%61" n1="%E3%83%A9%E3%83%9E%E3%83%BC%E7%9A%87%E5%AD%90" n2="%E5%A4%A9%E6%89%8D%E3%82%A4%E3%83%99%E3%83%AA%E3%82%B3%E8%B1%9A" n3="%63%6C%75%74%63%68%37%33" dan="16,19,16,17" rate="2122.09,2265.43,2084.03,2267.51" sx="F,M,F,M"/><TAIKYOKU oya="0"/><INIT seed="0,0,0,4,2,130" ten="250,250,250,250" oya="0" hai0="90,6,29,19,101,65,12,40,64,56,78,133,111" hai1="50,118,113,83,63,132,54,4,134,37,81,13,76" hai2="49,75,42,92,124,115,94,72,46,128,0,33,15" hai3="93,109,121,36,125,71,70,18,89,51,69,8,112"/><T119/><D119/><U100/><E118/><V131/><F0/><W5/><G36/><T47/><D111/><U85/><E37/><V60/><F115/><W58/><G121/><T103/><D29/><U11/><E113/><V55/><F124/><W57/><G112/><T97/><D6/><U129/><E129/><N who="2" m="49739" /><F33/><W84/><G109/><T67/><D78/><U20/><E100/><V41/><F15/><W120/><G125/><T7/><D7/><U106/><E106/><V27/><F27/><W10/><G120/><T68/><D68/><U127/><E127/><V105/><F105/><W25/><G51/><T3/><D3/><U88/><E63/><V28/><F28/><W126/><G126/><T66/><D133/><N who="1" m="51307" /><E20/><V107/><F107/><W87/><G87/><T102/><D90/><U86/><E50/><V53/><F72/><W110/><G110/><T98/><N who="0" m="16384" /><DORA hai="77" /><T24/><D24/><U104/><E104/><V22/><F75/><W62/><G62/><T2/><D2/><U23/><E23/><V39/><F22/><W16/><G10/><T82/><D103/><U26/><E26/><V79/><F60/><W38/><G38/><T80/><D102/><U59/><E59/><V108/><F39/><W61/><G25/><T21/><D56/><U123/><E54/><V96/><F55/><N who="3" m="33983" /><G58/><T73/><D101/><U99/><E99/><N who="0" m="37897" /><D73/><U43/><E123/><V48/><F96/><W45/><G45/><T9/><D9/><U114/><E114/><V1/><F46/><W34/><G34/><T32/><D32/><U44/><E44/><N who="2" m="27815" /><F108/><W95/><G71/><RYUUKYOKU ba="0,0" sc="250,15,250,15,250,-15,250,-15" hai0="12,19,21,40,47,80,82" hai1="4,11,13,43,76,81,83,85,86,88" /><INIT seed="0,1,0,5,1,115" ten="265,265,235,235" oya="0" hai0="67,135,109,64,35,103,21,47,70,100,37,85,10" hai1="89,66,24,4,49,42,16,52,17,11,98,25,75" hai2="19,43,46,23,56,26,134,62,92,63,83,112,6" hai3="27,54,104,5,31,125,95,117,107,77,76,29,45"/><T116/><D35/><U28/><E75/><V80/><F112/><W118/><G5/><T133/><D10/><U22/><E42/><V2/><F134/><N who="0" m="51210" /><D109/><U93/><E66/><N who="0" m="25129" /><D70/><U130/><E24/><V61/><F56/><W127/><G95/><T69/><D69/><U74/><E74/><V124/><F124/><N who="3" m="47691" /><G54/><T126/><D126/><U53/><E53/><V8/><REACH who="2" step="1"/><F92/><REACH who="2" ten="265,265,225,235" step="2"/><W119/><G45/><T82/><D47/><N who="1" m="27711" /><E130/><V38/><AGARI ba="1,1" hai="2,6,8,19,23,26,38,43,46,61,62,63,80,83" machi="38" ten="30,4000,0" yaku="1,1,0,1,53,1" doraHai="115" doraHaiUra="1" who="2" fromWho="2" sc="265,-21,265,-11,225,53,235,-11" /><INIT seed="1,0,0,3,1,92" ten="244,254,278,224" oya="1" hai0="86,43,35,72,113,8,24,109,10,60,56,76,133" hai1="84,40,73,59,87,47,101,78,58,26,114,75,38" hai2="70,65,28,89,18,91,61,127,37,68,66,134,82" hai3="121,135,105,74,9,25,104,41,123,57,67,50,85"/><U97/><E114/><V31/><F127/><W54/><G74/><T115/><D72/><U1/><E75/><V108/><F108/><W45/><G135/><T125/><D109/><U119/><E119/><V102/><F134/><W12/><G67/><T49/><D133/><U30/><E1/><V7/><F7/><W2/><G2/><T130/><D125/><U46/><E46/><V90/><F37/><W22/><G105/><T62/><D130/><U64/><E73/><V20/><F102/><W88/><G104/><T52/><D115/><U63/><E59/><V99/><F82/><W42/><G42/><T106/><D113/><U131/><E78/><V83/><F83/><W117/><G117/><T126/><D126/><U3/><E3/><V16/><F18/><W116/><G116/><T100/><D35/><U53/><E53/><V120/><F120/><W69/><G69/><T6/><D24/><U118/><E131/><V13/><REACH who="2" step="1"/><F99/><REACH who="2" ten="244,254,268,224" step="2"/><W95/><G123/><T15/><D100/><U51/><E38/><V33/><F33/><W96/><G96/><T122/><D122/><U110/><E110/><V17/><F17/><W14/><G121/><T34/><D34/><U111/><E111/><V27/><F27/><W124/><G124/><T29/><D29/><U112/><E118/><V11/><F11/><W21/><G9/><T19/><D10/><U23/><REACH who="1" step="1"/><E112/><REACH who="1" ten="244,244,268,224" step="2"/><V0/><F0/><W4/><G4/><T94/><D6/><U5/><E5/><V129/><F129/><W36/><G25/><T71/><D15/><U39/><E39/><V128/><F128/><RYUUKYOKU ba="0,2" sc="244,-30,244,10,268,10,224,10" hai1="23,26,30,40,47,51,58,63,64,84,87,97,101" hai2="13,16,20,28,31,61,65,66,68,70,89,90,91" hai3="12,14,21,22,36,41,45,50,54,57,85,88,95" /><INIT seed="1,1,2,5,3,57" ten="214,254,278,234" oya="1" hai0="53,28,34,22,46,86,127,104,115,2,112,5,62" hai1="45,68,125,126,55,48,105,21,77,31,27,50,87" hai2="42,81,84,133,23,73,17,33,80,129,74,135,95" hai3="20,128,78,76,63,120,101,56,70,39,1,51,52"/><U9/><E105/><V44/><F33/><W16/><G120/><T98/><D127/><N who="1" m="48651" /><E68/><V14/><F95/><W4/><G39/><T64/><D22/><U100/><E100/><V130/><F74/><W131/><G101/><N who="0" m="62519" /><D86/><U111/><E111/><V106/><F73/><W18/><G4/><T71/><D53/><N who="1" m="29839" /><E9/><V59/><F59/><W91/><G1/><T82/><D82/><N who="2" m="31850" /><F84/><W114/><G91/><T124/><D46/><N who="1" m="28119" /><E87/><V36/><F106/><W12/><G18/><T121/><D121/><U117/><E117/><V79/><F79/><AGARI ba="1,2" hai="21,27,31,77,79" m="28119,29839,48651" machi="79" ten="30,1500,0" yaku="18,1" doraHai="57" who="1" fromWho="2" sc="214,0,254,38,278,-18,234,0" /><INIT seed="1,2,0,5,3,66" ten="214,292,260,234" oya="1" hai0="94,23,98,89,35,47,19,119,43,116,109,72,107" hai1="28,8,95,41,103,57,131,11,18,71,113,84,123" hai2="92,115,65,13,44,74,120,117,22,90,87,67,128" hai3="52,40,29,77,91,86,54,17,88,99,85,62,76"/><U83/><E113/><V126/><F120/><W26/><G40/><T4/><D35/><U78/><E123/><V125/><F117/><W30/><G99/><T53/><D72/><U36/><E71/><V114/><F74/><W127/><G127/><N who="2" m="48649" /><F128/><W45/><G45/><T42/><D109/><U81/><E131/><V2/><F2/><W64/><G17/><T39/><D4/><U118/><E118/><V132/><F132/><W16/><G64/><N who="2" m="24649" /><F44/><W129/><G129/><T70/><D43/><U82/><E57/><V135/><F135/><W134/><G134/><T31/><D31/><N who="3" m="11785" /><G62/><T93/><D107/><U101/><E28/><V33/><F33/><W112/><G112/><N who="2" m="43049" /><F13/><W105/><G105/><T48/><D70/><U20/><E41/><V61/><F22/><N who="3" m="13639" /><G77/><T75/><D75/><U0/><E0/><V110/><F110/><W100/><G100/><N who="1" m="38474" /><E36/><V106/><F61/><W108/><G76/><T59/><REACH who="0" step="1"/><D93/><REACH who="0" ten="204,292,260,234" step="2"/><U111/><E111/><V73/><F73/><W3/><G108/><T6/><D6/><U104/><E104/><AGARI ba="2,1" hai="87,90,92,104,106" m="43049,24649,48649" machi="104" ten="40,2600,0" yaku="18,1,11,1" doraHai="66" who="2" fromWho="1" sc="204,0,292,-32,260,42,234,0" /><INIT seed="2,0,0,4,3,118" ten="204,260,302,234" oya="2" hai0="13,58,3,112,60,94,99,34,101,38,88,22,128" hai1="46,70,56,10,100,90,64,132,133,42,107,39,106" hai2="134,17,43,55,63,35,81,97,125,122,62,91,16" hai3="50,82,65,31,52,11,108,102,72,4,32,109,86"/><V27/><F122/><W21/><G72/><T131/><D112/><U83/><E70/><V80/><F125/><W135/><G32/><T75/><D3/><U78/><E90/><V9/><F134/><N who="1" m="51817" /><E100/><V61/><F43/><W12/><G135/><T105/><D34/><U67/><E10/><V123/><F123/><W74/><G74/><T6/><D75/><N who="1" m="43487" /><E56/><V126/><F126/><W8/><G65/><AGARI ba="0,0" hai="39,42,46,64,65,67,106,107" m="43487,51817" machi="65" ten="30,1000,0" yaku="20,1" doraHai="118" who="1" fromWho="3" sc="204,0,260,10,302,0,234,-10" /><INIT seed="3,0,0,1,5,54" ten="204,270,302,224" oya="3" hai0="4,64,114,79,130,123,40,122,53,58,110,72,10" hai1="23,111,62,127,45,119,27,59,56,43,92,78,52" hai2="0,16,70,50,71,86,17,132,84,106,90,14,101" hai3="116,94,133,135,15,109,2,118,124,48,3,30,75"/><W41/><G75/><T29/><D110/><U26/><E111/><V83/><F0/><N who="3" m="43" /><G109/><T117/><D117/><N who="3" m="45161" /><G94/><T31/><D64/><U20/><E119/><V131/><F132/><N who="3" m="50763" /><G41/><T108/><D108/><U128/><E128/><V47/><F131/><W24/><G48/><T107/><D79/><U126/><E78/><V87/><F101/><W98/><G98/><T7/><D72/><U49/><E92/><V13/><F71/><W103/><G103/><T113/><D40/><U100/><E100/><V61/><F70/><W37/><G37/><T9/><D130/><U104/><E104/><V46/><F61/><W80/><G80/><T32/><D107/><U8/><E8/><N who="2" m="6183" /><F106/><W22/><G15/><T1/><D53/><U69/><E69/><V89/><F83/><W129/><G129/><T76/><D76/><U33/><E59/><V68/><F68/><W82/><G82/><T96/><D1/><U57/><E57/><V19/><F14/><W6/><G6/><T93/><D93/><U73/><E73/><V42/><F47/><W99/><G99/><T121/><D96/><U134/><E134/><V105/><F105/><W112/><G112/><T95/><D58/><U81/><E81/><V74/><F74/><W60/><G60/><T125/><D95/><U97/><E97/><V12/><F12/><W36/><G36/><T5/><D114/><U18/><E33/><V25/><F50/><W102/><G102/><T44/><D32/><U120/><E43/><V21/><F46/><W66/><G66/><T34/><D113/><U11/><E45/><V115/><F115/><RYUUKYOKU ba="0,0" sc="204,-10,270,-10,302,-10,224,30" hai3="22,24,30,124" /><INIT seed="3,1,0,1,0,38" ten="194,260,292,254" oya="3" hai0="77,47,107,86,69,8,53,11,131,60,82,7,85" hai1="18,106,113,124,100,42,67,133,10,109,35,104,123" hai2="83,117,6,45,2,105,14,39,129,71,88,97,26" hai3="130,80,125,65,5,28,121,22,50,17,59,132,72"/><W32/><G121/><T128/><D107/><U30/><E113/><V112/><F112/><W55/><G130/><N who="0" m="49707" /><D69/><U134/><E123/><V25/><F129/><W34/><G132/><N who="1" m="50794" /><E109/><V108/><F2/><W24/><G125/><T27/><D27/><N who="1" m="18911" /><E124/><V51/><F39/><W44/><G5/><T40/><D86/><U4/><E67/><V76/><F117/><W63/><G72/><T70/><D7/><U119/><E119/><V81/><F71/><W103/><G80/><T79/><D79/><U127/><E127/><V95/><F83/><W19/><G19/><T9/><D70/><U98/><E18/><V56/><F105/><W52/><G103/><T73/><D73/><U118/><E118/><V41/><F108/><W126/><G126/><T20/><D20/><U29/><E29/><V49/><F81/><W1/><G1/><T13/><D60/><U37/><E106/><V78/><F78/><W23/><REACH who="3" step="1"/><G65/><REACH who="3" ten="194,260,292,244" step="2"/><T68/><D82/><U110/><E110/><V120/><F120/><W92/><G92/><T122/><D122/><U43/><E37/><V58/><F76/><W48/><G48/><T46/><D77/><U75/><E75/><V94/><F49/><W91/><G91/><T115/><D115/><U99/><E99/><V84/><F95/><W90/><G90/><T96/><D96/><U33/><E98/><V61/><F97/><W16/><G16/><T31/><D31/><U93/><E93/><V57/><F61/><W101/><G101/><T89/><D85/><U12/><E100/><V54/><F94/><W114/><G114/><T0/><D89/><RYUUKYOKU ba="1,1" sc="194,-10,260,-10,292,-10,244,30" hai3="17,22,23,24,28,32,34,44,50,52,55,59,63" /><INIT seed="3,2,1,1,1,9" ten="184,250,282,274" oya="3" hai0="99,131,1,94,4,55,120,67,98,45,102,125,70" hai1="42,24,113,48,85,34,117,95,93,126,80,10,116" hai2="82,57,20,11,50,15,31,76,105,26,134,114,91" hai3="73,69,107,65,33,29,13,52,121,83,2,0,84"/><W123/><G107/><T30/><D120/><U36/><E113/><V39/><F105/><W86/><G73/><T64/><D131/><U60/><E36/><V104/><F39/><W90/><G69/><T78/><D125/><U81/><E126/><V133/><F104/><W92/><G65/><T96/><D1/><U35/><E60/><V130/><F114/><W58/><G0/><T118/><D118/><N who="1" m="45675" /><E24/><V27/><F91/><W61/><G2/><T87/><D4/><U63/><E63/><V135/><F130/><W21/><G33/><N who="1" m="12298" /><E10/><V8/><F27/><W124/><G124/><T18/><D30/><U75/><E75/><N who="2" m="43295" /><F15/><W17/><REACH who="3" step="1"/><G29/><REACH who="3" ten="184,250,282,264" step="2"/><T37/><D70/><U43/><E81/><V28/><F28/><W72/><G72/><T23/><D67/><U56/><E93/><V122/><F122/><W41/><G41/><T106/><D64/><U132/><E95/><V115/><F115/><W6/><G6/><T129/><D129/><U38/><E43/><V3/><F3/><W88/><AGARI ba="2,2" hai="13,17,21,52,58,61,83,84,86,88,90,92,121,123" machi="88" ten="20,18000,2" yaku="1,1,0,1,7,1,52,1,54,2,53,0" doraHai="9" doraHaiUra="97" who="3" fromWho="3" sc="184,-62,250,-62,282,-62,264,206" /><INIT seed="3,3,0,4,2,104" ten="122,188,220,470" oya="3" hai0="34,77,75,4,1,81,23,5,135,26,112,83,9" hai1="22,73,68,3,37,40,98,133,91,60,11,132,117" hai2="130,12,35,15,85,78,119,94,113,38,82,131,54" hai3="27,100,122,127,118,129,55,6,21,108,31,25,120"/><W80/><G100/><T64/><D135/><N who="1" m="51787" /><E117/><V87/><F113/><W92/><G92/><T79/><D112/><U123/><E123/><V30/><F119/><W93/><G93/><T56/><D34/><U32/><E32/><V114/><F38/><W18/><G118/><T65/><D56/><U70/><E22/><V128/><F114/><W115/><G115/><T42/><D5/><N who="1" m="1471" /><E60/><V17/><F54/><W106/><G106/><T101/><D101/><U57/><E57/><V69/><F69/><N who="1" m="26729" /><E91/><N who="2" m="53631" /><F17/><W84/><G6/><T95/><D42/><U71/><E71/><V111/><F111/><W24/><G108/><T53/><D53/><U105/><E98/><V90/><F90/><W61/><G122/><T58/><D58/><U44/><E105/><V19/><F19/><W10/><G120/><T51/><D51/><U13/><E13/><N who="2" m="5195" /><F30/><W2/><G2/><T45/><D45/><U126/><E126/><V99/><F35/><W116/><G127/><T103/><D103/><U96/><E96/><AGARI ba="3,0" hai="78,82,85,96,99,128,130,131" m="5195,53631" machi="96" ten="40,1300,0" yaku="19,1" doraHai="104" who="2" fromWho="1" sc="122,0,188,-22,220,22,470,0" /><INIT seed="4,0,0,0,0,69" ten="122,166,242,470" oya="0" hai0="101,87,14,132,117,102,22,56,42,67,4,127,17" hai1="12,6,47,129,92,51,124,45,29,21,107,31,54" hai2="84,125,60,85,16,71,74,130,26,108,120,5,40" hai3="49,96,13,11,15,115,46,2,121,106,63,59,65"/><T23/><D117/><U76/><E107/><V68/><F108/><W52/><G115/><T55/><D132/><U1/><E1/><V89/><F120/><W62/><G121/><T86/><D127/><U75/><E124/><V41/><F125/><W61/><G2/><T134/><D134/><U99/><E129/><V114/><F74/><W78/><G78/><T126/><D126/><U58/><E76/><V27/><F114/><W28/><G28/><N who="1" m="10826" /><E75/><V44/><F5/><W93/><G106/><T37/><D67/><U32/><E32/><V111/><F41/><W48/><G48/><T109/><D109/><U33/><E33/><V3/><F3/><W73/><G73/><T91/><D4/><U128/><E128/><V36/><F27/><W72/><G72/><T116/><D116/><U24/><E24/><V20/><F111/><W118/><G15/><T112/><D112/><U70/><E70/><V113/><F113/><W57/><G65/><T25/><D87/><U81/><E81/><V50/><F130/><W43/><G43/><T34/><D34/><U83/><E83/><V122/><F60/><W97/><G97/><T135/><D135/><U8/><E21/><V38/><F122/><W53/><G53/><T66/><D66/><U103/><AGARI ba="0,0" hai="6,8,12,45,47,51,54,58,92,99,103" m="10826" machi="103" ten="30,1100,0" yaku="8,1" doraHai="69" who="1" fromWho="1" sc="122,-5,166,11,242,-3,470,-3" /><INIT seed="5,0,0,3,4,87" ten="117,177,239,467" oya="1" hai0="42,45,65,38,133,100,104,2,12,85,93,7,76" hai1="110,71,88,57,89,117,69,60,15,63,49,122,47" hai2="78,1,34,103,68,119,113,121,99,72,81,56,84" hai3="102,31,46,125,3,66,22,105,90,51,108,112,83"/><U55/><E117/><V109/><F68/><W37/><G108/><T24/><D133/><U14/><E122/><V126/><F119/><W129/><G37/><T79/><D104/><U107/><E107/><V16/><F109/><W44/><G3/><T27/><D2/><U101/><E101/><V48/><F1/><W53/><G66/><T40/><D65/><U95/><E110/><V58/><F121/><W25/><G112/><T11/><D40/><N who="1" m="24807" /><E71/><V64/><F126/><W19/><G125/><T91/><REACH who="0" step="1"/><D100/><REACH who="0" ten="107,177,239,467" step="2"/><U61/><E69/><V17/><F64/><W130/><G102/><T98/><D98/><N who="1" m="57703" /><E89/><V77/><F99/><W23/><G105/><T124/><D124/><U0/><E0/><V114/><F103/><W13/><G90/><T4/><D4/><U39/><E39/><V123/><F114/><W97/><G97/><T73/><D73/><U33/><E33/><V43/><F34/><W70/><G70/><T132/><D132/><U118/><E118/><V74/><F74/><W41/><G130/><T52/><D52/><U6/><E6/><V82/><F123/><W21/><G129/><T94/><D94/><U10/><E10/><V36/><F36/><W59/><G83/><T35/><D35/><U54/><E54/><V86/><F113/><W128/><G128/><T67/><D67/><U131/><E131/><V135/><F135/><W116/><G116/><T30/><D30/><U75/><E75/><V111/><F111/><W26/><G41/><T127/><D127/><U96/><E96/><V20/><F72/><W9/><G9/><T134/><D134/><RYUUKYOKU ba="0,1" sc="107,10,177,10,239,-30,467,10" hai0="7,11,12,24,27,38,42,45,76,79,85,91,93" hai1="14,15,55,57,60,61,63" hai3="13,19,21,22,23,25,26,31,44,46,51,53,59" /><INIT seed="5,1,1,5,3,2" ten="117,187,209,477" oya="1" hai0="132,14,111,26,7,96,112,84,64,45,88,23,109" hai1="107,50,78,87,46,57,98,124,134,116,61,12,83" hai2="127,110,90,1,91,32,108,86,92,5,122,66,69" hai3="131,77,25,128,39,115,67,0,51,80,68,100,106"/><U89/><E116/><V72/><F122/><W119/><G0/><T11/><D132/><U9/><E124/><V30/><F127/><W28/><G39/><T63/><D112/><U4/><E134/><V40/><F72/><W82/><G115/><T118/><D118/><U44/><E107/><V47/><F32/><W22/><G119/><T36/><D96/><U105/><E105/><V27/><F66/><W60/><G51/><T70/><D45/><U21/><E21/><V35/><F69/><W49/><G49/><T85/><D85/><U117/><E117/><V20/><F35/><W130/><G77/><T8/><D8/><U113/><E113/><V54/><F54/><W37/><G37/><T34/><D34/><U13/><E13/><V114/><F114/><W38/><G38/><T16/><D36/><U31/><E31/><V75/><F75/><W133/><G133/><T101/><D101/><U65/><E50/><V55/><F55/><W42/><G42/><T29/><D29/><U48/><E48/><V73/><F73/><W94/><G106/><T97/><D97/><AGARI ba="1,1" hai="22,25,28,60,67,68,80,82,94,97,100,128,130,131" machi="97" ten="40,1300,0" yaku="19,1" doraHai="2" who="3" fromWho="0" sc="117,-16,187,0,209,0,477,26" /><INIT seed="6,0,0,5,0,89" ten="101,187,209,503" oya="2" hai0="28,126,6,128,7,133,21,40,54,17,30,50,97" hai1="0,93,57,99,96,117,127,80,101,129,66,62,65" hai2="42,53,72,135,14,100,84,111,103,37,78,134,104" hai3="44,120,85,115,94,39,91,112,16,74,98,105,13"/><V56/><F37/><W22/><G74/><T82/><D133/><U130/><E117/><V108/><F42/><W12/><G120/><T38/><D128/><N who="1" m="49259" /><E127/><V73/><F14/><W18/><G39/><T102/><D126/><U110/><E110/><N who="2" m="42027" /><F53/><W64/><G44/><T124/><D124/><U48/><E0/><V76/><F56/><W70/><G64/><T36/><D82/><U79/><E99/><N who="2" m="61471" /><F103/><W121/><G70/><T19/><D40/><U33/><E33/><V90/><F78/><W88/><G121/><T26/><D38/><U77/><E77/><V27/><F27/><W15/><G105/><T113/><D113/><N who="3" m="43593" /><G22/><T132/><D36/><U11/><E11/><V31/><F31/><W81/><AGARI ba="0,0" hai="12,13,15,16,18,81,85,88,91,94,98" m="43593" machi="81" ten="30,8000,1" yaku="15,1,11,1,52,1,54,2" doraHai="89" who="3" fromWho="3" sc="101,-20,187,-20,209,-40,503,80" /><INIT seed="7,0,0,4,1,103" ten="81,167,169,583" oya="3" hai0="51,31,83,18,47,26,104,41,68,35,55,13,134" hai1="106,34,28,42,7,112,91,11,37,111,110,5,65" hai2="3,122,133,61,125,120,73,19,27,130,132,116,98" hai3="6,40,100,32,131,128,109,38,9,57,69,59,75"/><W64/><G109/><T105/><D134/><N who="2" m="51818" /><F116/><W119/><G119/><T79/><D68/><U102/><E91/><V86/><F125/><W30/><G75/><T127/><D55/><U94/><E94/><V8/><F73/><W81/><G81/><T80/><D127/><U53/><E53/><V48/><F130/><W29/><G69/><T60/><D60/><U16/><E65/><V1/><F48/><W24/><G30/><T44/><D44/><N who="1" m="23631" /><E16/><V54/><F98/><W49/><G100/><T74/><REACH who="0" step="1"/><D83/><REACH who="0" ten="71,167,169,583" step="2"/><U21/><E111/><V115/><F54/><W99/><G64/><T17/><D17/><U52/><E110/><V46/><F19/><W33/><G40/><T107/><D107/><U89/><E52/><V135/><F46/><W43/><G43/><T20/><AGARI ba="0,1" hai="13,18,20,26,31,35,41,47,51,74,79,80,104,105" machi="20" ten="20,12000,2" yaku="1,1,0,1,7,1,52,2,53,1" doraHai="103" doraHaiUra="45" who="0" fromWho="0" sc="71,130,167,-30,169,-30,583,-60" owari="201,0.1,137,-36.3,139,-26.1,523,62.3" /></mjloggm>