<mjloggm ver="2.3"><GO type="169" lobby="0"/><UN n0="%48%61%6C%66%73" n1="%E3%81%94%E3%83%BC%E3%81%A9%E3%82%93" n2="%E6%8E%A2%39" n3="%E6%99%82%E8%A8%88%E5%9D%82%E9%9B%B6" dan="17,16,17,16" rate="2167.65,2105.69,2187.92,2159.13" sx="M,M,M,M"/><TAIKYOKU oya="0"/><INIT seed="0,0,0,5,1,107" ten="250,250,250,250" oya="0" hai0="128,124,15,3,122,46,50,38,19,52,32,85,26" hai1="54,51,84,30,37,135,57,20,130,120,133,7,113" hai2="63,47,101,86,13,56,109,91,80,94,11,41,125" hai3="6,31,118,96,108,98,87,36,112,24,82,97,76"/><T90/><D122/><U111/><E120/><V67/><F109/><W55/><G112/><T119/><D119/><U64/><E111/><V104/><F125/><W79/><G118/><T60/><D124/><U103/><E37/><V29/><F29/><W34/><G108/><T0/><D38/><U4/><E113/><V61/><F104/><W99/><N who="3" m="24576" /><DORA hai="68" /><W8/><G55/><T39/><D128/><U95/><E64/><V16/><F61/><W62/><G62/><T42/><D26/><N who="1" m="16711" /><E103/><V33/><F33/><W49/><G49/><T66/><D32/><U45/><E130/><V14/><F14/><W105/><G105/><T106/><D106/><U81/><E95/><V58/><F101/><W89/><REACH who="3" step="1"/><G36/><REACH who="3" ten="250,250,250,240" step="2"/><T116/><D116/><U129/><E129/><V70/><REACH who="2" step="1"/><F94/><REACH who="2" ten="250,250,240,240" step="2"/><W117/><G117/><T78/><D60/><N who="1" m="35895" /><E135/><V131/><F131/><W121/><G121/><T1/><D66/><U43/><E133/><V18/><F18/><W115/><G115/><T134/><D134/><U72/><E72/><V88/><F88/><AGARI ba="0,2" hai="4,7,43,45,51,81,84,88" m="35895,16711" machi="88" ten="30,2000,0" yaku="8,1,54,1" doraHai="107,68" who="1" fromWho="2" sc="250,0,250,40,240,-20,240,0" /><INIT seed="1,0,0,3,4,133" ten="250,290,220,240" oya="1" hai0="87,52,8,122,60,51,91,18,0,27,132,32,126" hai1="12,86,7,119,88,81,101,73,127,112,104,84,39" hai2="55,19,123,65,109,29,66,131,79,24,135,43,5" hai3="20,89,45,41,114,34,83,21,68,23,85,96,64"/><U38/><E112/><V36/><F123/><W31/><G114/><T95/><D132/><U49/><E119/><V90/><F135/><W69/><G64/><T14/><D122/><U98/><E73/><V74/><F109/><W128/><G128/><T33/><D126/><U115/><E115/><V53/><F19/><W47/><G47/><T80/><D60/><U78/><E127/><V71/><F90/><W70/><G34/><T37/><D37/><U6/><E49/><V134/><F5/><W1/><G1/><T30/><D0/><U107/><E107/><V102/><F102/><W10/><G10/><T94/><REACH who="0" step="1"/><D32/><REACH who="0" ten="240,290,220,240" step="2"/><U54/><E38/><V105/><F36/><W121/><G121/><T61/><D61/><U77/><E39/><V26/><F134/><W46/><G69/><T110/><D110/><U28/><E78/><V56/><F79/><W62/><G70/><T124/><D124/><U13/><E77/><V108/><F71/><W72/><G62/><T125/><D125/><U103/><E104/><V42/><F105/><W17/><G68/><T25/><D25/><U75/><E75/><V63/><F74/><W11/><G72/><T59/><AGARI ba="0,1" hai="8,14,18,27,30,33,51,52,59,80,87,91,94,95" machi="59" ten="20,5200,0" yaku="1,1,0,1,7,1,54,1,53,0" doraHai="133" doraHaiUra="97" who="0" fromWho="0" sc="240,62,290,-26,220,-13,240,-13" /><INIT seed="2,0,0,1,2,73" ten="302,264,207,227" oya="2" hai0="103,58,76,71,100,116,34,119,59,63,120,25,21" hai1="18,64,26,127,114,99,42,85,12,82,86,22,52" hai2="49,33,50,129,0,104,27,4,38,80,97,1,65" hai3="47,16,37,46,113,32,123,10,130,112,24,72,62"/><V110/><F38/><W87/><G72/><T98/><D120/><U68/><E127/><V88/><F65/><W74/><G74/><T28/><D100/><U43/><E114/><N who="3" m="44138" /><G123/><T131/><D76/><N who="1" m="46279" /><E68/><V93/><F129/><W108/><G108/><T36/><D36/><U51/><E64/><V56/><F110/><W101/><G130/><T13/><D131/><U94/><E86/><V78/><F104/><W29/><G37/><T81/><D71/><U92/><E26/><V23/><F33/><W9/><G101/><T61/><D34/><U135/><E135/><V45/><F4/><W115/><N who="3" m="44146" /><W105/><DORA hai="48" /><G105/><T109/><D103/><N who="1" m="60903" /><E94/><V96/><F96/><W117/><G117/><T84/><D98/><U102/><E102/><V3/><F56/><AGARI ba="0,0" hai="12,18,22,42,43,51,52,56" m="60903,46279" machi="56" ten="30,7700,0" yaku="8,1,52,2,54,1" doraHai="73,48" who="1" fromWho="2" sc="302,0,264,77,207,-77,227,0" /><INIT seed="3,0,0,5,0,57" ten="302,341,130,227" oya="3" hai0="125,119,0,104,76,113,45,28,26,22,13,6,48" hai1="84,88,33,36,67,9,72,56,124,71,128,135,89" hai2="95,117,90,107,83,103,66,132,127,11,106,78,31" hai3="116,87,100,121,105,81,19,27,74,52,58,126,42"/><W69/><G69/><T85/><D104/><U133/><E72/><V93/><F11/><W63/><G116/><T16/><D125/><U35/><E36/><V97/><F31/><W55/><G121/><T47/><D113/><U4/><E71/><V134/><F66/><W34/><G126/><T130/><D130/><U91/><E124/><V14/><F14/><W53/><G74/><T61/><D6/><U110/><E128/><V120/><F127/><W3/><G3/><T5/><D5/><U2/><E110/><V49/><F49/><W111/><G42/><T10/><D0/><U109/><E109/><V7/><F7/><W51/><G111/><T41/><D47/><U86/><E35/><V38/><F38/><W24/><G34/><T115/><D115/><U46/><E46/><V96/><F117/><W114/><G114/><T64/><D119/><U102/><E102/><V79/><F120/><W80/><G80/><T30/><D30/><U70/><E70/><V12/><F12/><W62/><G100/><T50/><D85/><U112/><E33/><V60/><F60/><N who="3" m="23083" /><G105/><N who="2" m="39945" /><F83/><W59/><G19/><T65/><D65/><U39/><E39/><V43/><F43/><W15/><G15/><T40/><D40/><U98/><E112/><V99/><F99/><W77/><G53/><T101/><D101/><U37/><E37/><V131/><F131/><W108/><G108/><T123/><D123/><U54/><E54/><V29/><F29/><W44/><G44/><T8/><D45/><U94/><E2/><V17/><F17/><W21/><G21/><N who="0" m="11407" /><D41/><U20/><E67/><RYUUKYOKU ba="0,0" sc="302,-15,341,-15,130,15,227,15" hai2="78,79,90,93,95,96,97,103,132,134" hai3="24,27,51,52,55,58,59,77,81,87" /><INIT seed="3,1,0,4,0,77" ten="287,326,145,242" oya="3" hai0="11,49,38,0,67,95,117,135,58,78,13,81,127" hai1="114,7,90,42,31,1,22,99,123,51,50,23,86" hai2="89,71,101,96,87,65,132,59,18,134,40,112,66" hai3="82,15,43,32,93,47,128,120,115,100,116,10,84"/><W62/><G32/><T69/><D117/><U104/><E123/><V39/><F71/><W60/><G116/><T121/><D121/><U129/><E114/><V35/><F112/><W48/><G120/><T6/><D38/><U53/><E129/><V56/><F35/><W97/><G128/><T88/><D127/><U103/><E1/><V52/><F18/><W5/><REACH who="3" step="1"/><G115/><REACH who="3" ten="287,326,145,232" step="2"/><T75/><D135/><U70/><E70/><V17/><F134/><W108/><G108/><T3/><D69/><U133/><E133/><V24/><F132/><W26/><G26/><T16/><D6/><U92/><E7/><V28/><F24/><W107/><G107/><T25/><D25/><U9/><E104/><V54/><F28/><W46/><G46/><T36/><D36/><U105/><E31/><V61/><F39/><W68/><G68/><T118/><D118/><U98/><E105/><V27/><F27/><W30/><G30/><T110/><D110/><U83/><E103/><V76/><F101/><W131/><G131/><T29/><D29/><U109/><E109/><V14/><F56/><W122/><G122/><T125/><D125/><U12/><E42/><V80/><F40/><W19/><G19/><T64/><D64/><U55/><E12/><V130/><F66/><W63/><G63/><T91/><D67/><U85/><E50/><V8/><F130/><W57/><G57/><T79/><D58/><U124/><E51/><V45/><F45/><W2/><G2/><T113/><D49/><U4/><E124/><V74/><F96/><W111/><G111/><T41/><D41/><RYUUKYOKU ba="1,1" sc="287,-15,326,-15,145,15,232,15" hai2="8,14,17,52,54,59,61,65,74,76,80,87,89" hai3="5,10,15,43,47,48,60,62,82,84,93,97,100" /><INIT seed="3,2,1,0,4,71" ten="272,311,160,247" oya="3" hai0="77,40,34,51,5,114,10,122,101,82,111,123,102" hai1="43,13,56,65,16,72,49,120,126,113,55,97,1" hai2="76,60,112,33,12,27,73,115,125,26,58,87,117" hai3="63,95,135,134,57,53,91,41,119,61,98,75,92"/><W68/><G75/><T110/><D34/><U4/><E120/><V80/><F117/><W50/><G119/><T132/><D132/><N who="3" m="50729" /><G68/><T69/><D69/><U20/><E113/><V45/><F125/><W127/><G127/><T28/><D28/><U32/><E126/><V93/><F12/><W89/><G41/><T121/><D114/><U99/><E32/><V3/><F3/><W74/><G74/><T23/><D23/><U62/><E43/><V107/><F107/><W48/><G63/><T64/><D64/><U116/><E72/><V54/><F45/><W6/><G6/><T30/><D30/><U31/><E31/><V88/><REACH who="2" step="1"/><F33/><REACH who="2" ten="272,311,150,247" step="2"/><W106/><G106/><T94/><D122/><U29/><E116/><V21/><F21/><W42/><G42/><T79/><D123/><U8/><REACH who="1" step="1"/><E29/><REACH who="1" ten="272,301,150,247" step="2"/><V109/><F109/><W36/><G36/><T44/><D121/><U70/><AGARI ba="2,3" hai="1,4,8,13,16,20,49,55,56,62,65,70,97,99" machi="70" ten="20,12000,2" yaku="1,1,2,1,0,1,7,1,54,1,53,1" doraHai="71" doraHaiUra="19" who="1" fromWho="1" sc="272,-32,301,156,150,-32,247,-62" /><INIT seed="4,0,0,3,0,89" ten="240,457,118,185" oya="0" hai0="115,126,1,32,128,79,111,91,134,94,62,135,131" hai1="123,98,122,77,75,73,15,24,4,124,119,37,88" hai2="54,121,67,8,93,56,59,35,127,26,110,9,17" hai3="97,107,117,25,118,3,86,28,44,58,120,109,50"/><T105/><D1/><U34/><E37/><V99/><F110/><W125/><G3/><T45/><D32/><U83/><E34/><V11/><F121/><N who="1" m="46089" /><E24/><V20/><F127/><W81/><G109/><T102/><D45/><U82/><E15/><V114/><F114/><W87/><G125/><T65/><D115/><U69/><E4/><V100/><F35/><W40/><G120/><T60/><D111/><U78/><E69/><V108/><F108/><W106/><G86/><T0/><D0/><U55/><E55/><V95/><F67/><W129/><G129/><N who="0" m="49739" /><D62/><U85/><E98/><N who="2" m="59471" /><F54/><W47/><G117/><T30/><D30/><U130/><E124/><V49/><F49/><W12/><G118/><T116/><D116/><U42/><E42/><V5/><F5/><W22/><G12/><T18/><D18/><U61/><E61/><V23/><F20/><W31/><G31/><T10/><D60/><U21/><E21/><V27/><F27/><W53/><G97/><N who="0" m="61647" /><D65/><U29/><E29/><V41/><F41/><W46/><REACH who="3" step="1"/><G40/><REACH who="3" ten="240,457,118,175" step="2"/><T6/><D126/><U43/><E43/><V101/><AGARI ba="0,1" hai="8,9,11,17,23,26,56,59,95,99,101" m="59471" machi="101" ten="30,4000,0" yaku="8,1,52,2" doraHai="89" who="2" fromWho="2" sc="240,-20,457,-10,118,50,175,-10" /><INIT seed="5,0,0,5,0,101" ten="220,447,168,165" oya="1" hai0="53,32,2,41,89,94,116,121,19,125,46,126,103" hai1="62,24,97,74,133,117,57,12,5,123,15,120,75" hai2="11,8,83,111,102,23,50,28,54,78,79,31,64" hai3="113,76,14,4,134,82,130,108,124,34,104,119,105"/><U27/><E57/><V128/><F111/><W67/><G108/><T51/><D116/><U37/><E62/><V43/><F128/><W59/><G34/><T45/><D121/><U60/><E60/><V71/><F102/><W48/><G130/><T58/><D2/><U22/><E97/><V52/><F71/><W109/><G109/><T110/><D32/><U35/><E37/><V56/><F64/><W66/><G119/><T17/><D103/><U92/><E92/><V80/><F43/><W55/><G113/><T90/><D46/><U106/><E22/><V100/><F100/><W0/><G0/><T26/><D110/><U6/><E35/><V63/><F23/><W96/><G124/><N who="0" m="47723" /><D26/><U114/><E117/><V77/><F83/><W10/><G134/><T131/><D90/><U33/><E33/><V87/><F8/><W3/><G3/><T95/><D95/><U129/><E129/><V68/><F11/><W42/><G42/><T72/><D72/><U65/><E133/><V99/><F99/><W1/><G1/><T81/><D81/><U127/><E127/><V112/><F68/><W98/><G98/><N who="0" m="57679" /><D131/><U16/><E114/><V47/><REACH who="2" step="1"/><F112/><REACH who="2" ten="220,447,158,165" step="2"/><W84/><REACH who="3" step="1"/><G96/><REACH who="3" ten="220,447,158,155" step="2"/><T25/><D41/><U49/><E123/><V86/><F86/><W85/><G85/><T135/><D135/><U38/><E120/><V115/><F115/><W13/><G13/><T73/><D73/><U61/><E74/><V93/><F93/><W118/><G118/><T91/><D25/><U70/><E24/><V107/><F107/><AGARI ba="0,2" hai="4,10,14,48,55,59,66,67,76,82,84,104,105,107" machi="107" ten="40,8000,1" yaku="1,1,52,3,53,0" doraHai="101" doraHaiUra="29" who="3" fromWho="2" sc="220,0,447,0,158,-80,155,100" /><INIT seed="6,0,0,0,0,116" ten="220,447,78,255" oya="2" hai0="61,67,6,46,110,89,16,45,129,78,98,0,87" hai1="134,30,12,73,108,121,83,105,74,119,3,135,130" hai2="127,38,123,101,17,50,39,2,57,111,25,99,13" hai3="91,104,88,48,81,96,107,40,122,49,31,85,22"/><V55/><F2/><W65/><G122/><T5/><D110/><U69/><E83/><V9/><F111/><W117/><G117/><T84/><D129/><U43/><E12/><V37/><F127/><W11/><G65/><T15/><D98/><U34/><E43/><V41/><F25/><W56/><G11/><T10/><D78/><U66/><E30/><V79/><F79/><W35/><G35/><T36/><D84/><U128/><E66/><V21/><F123/><W32/><G32/><T26/><D26/><U120/><E3/><V20/><REACH who="2" step="1"/><F41/><REACH who="2" ten="220,447,68,255" step="2"/><W64/><G40/><T82/><D0/><U54/><E121/><V90/><F90/><W132/><G91/><T77/><D89/><U103/><E120/><V24/><F24/><W60/><G88/><T33/><D77/><U72/><E108/><V19/><F19/><W51/><G31/><T53/><D16/><U75/><E119/><V42/><F42/><W58/><G96/><T52/><D5/><U80/><E128/><V14/><F14/><W94/><G81/><T1/><D15/><U133/><E80/><V59/><F59/><W114/><G58/><T97/><D82/><U29/><E130/><V86/><F86/><W131/><G85/><T113/><D87/><U112/><E74/><V27/><F27/><W109/><G56/><T93/><D1/><U92/><E73/><V102/><F102/><W7/><G109/><T62/><D6/><U18/><E75/><V115/><F115/><W8/><G114/><T4/><D113/><U100/><E72/><V106/><AGARI ba="0,1" hai="9,13,17,20,21,37,38,39,50,55,57,99,101,106" machi="106" ten="30,3000,0" yaku="1,1,0,1,53,0" doraHai="116" doraHaiUra="76" who="2" fromWho="2" sc="220,-10,447,-10,68,40,255,-10" /><INIT seed="6,1,0,0,5,69" ten="210,437,108,245" oya="2" hai0="37,45,88,53,44,132,26,111,66,40,130,42,80" hai1="75,48,67,2,86,103,34,19,39,52,107,64,51" hai2="118,16,134,15,20,60,98,35,114,50,115,105,5" hai3="117,6,0,3,77,125,73,22,92,61,43,57,96"/><V87/><F35/><W84/><G117/><T41/><D111/><U79/><E75/><V62/><F118/><W8/><G125/><T13/><D132/><U24/><E2/><V55/><F134/><W28/><G0/><T21/><D130/><U85/><E51/><V82/><F5/><W78/><G73/><T56/><D66/><U127/><E127/><V99/><F60/><W81/><G77/><T72/><D13/><U116/><E116/><V128/><F62/><W1/><G1/><T49/><D37/><U101/><E39/><V58/><F128/><W102/><G43/><T31/><D72/><U27/><E19/><V135/><F135/><W131/><G131/><T122/><D122/><U95/><E107/><V93/><F105/><W17/><G28/><T11/><D11/><U38/><E38/><V119/><F119/><W126/><G126/><T129/><D129/><U123/><E123/><V89/><REACH who="2" step="1"/><F82/><REACH who="2" ten="210,437,98,245" step="2"/><W18/><G81/><T108/><D108/><U70/><E34/><V106/><F106/><W121/><G61/><T33/><D33/><U71/><E67/><V9/><F9/><W110/><G8/><T104/><D104/><U30/><E64/><V65/><F65/><W25/><G6/><T4/><D4/><U10/><E70/><V63/><F63/><W7/><G7/><T54/><D54/><U120/><E52/><V12/><F12/><W83/><G3/><T46/><D41/><U109/><E10/><V32/><F32/><W23/><G110/><T113/><D113/><AGARI ba="1,1" hai="15,16,20,50,55,58,87,89,93,98,99,113,114,115" machi="113" ten="40,18000,2" yaku="1,1,25,2,15,1,54,1,53,1" doraHai="69" doraHaiUra="14" who="2" fromWho="0" sc="210,-183,437,0,98,193,245,0" /><INIT seed="6,2,0,1,4,31" ten="27,437,291,245" oya="2" hai0="86,28,49,22,40,68,116,15,133,95,115,50,125" hai1="9,99,134,3,110,63,82,64,135,118,66,80,65" hai2="55,117,97,4,72,20,46,38,85,96,23,74,77" hai3="131,58,6,104,29,106,41,119,122,132,21,87,32"/><V90/><F117/><W48/><G119/><T18/><D116/><U8/><E118/><RYUUKYOKU type="kaze4" ba="2,0" sc="27,0,437,0,291,0,245,0" /><INIT seed="6,3,0,2,3,111" ten="27,437,291,245" oya="2" hai0="46,117,126,18,11,125,24,112,33,110,121,97,115" hai1="22,70,66,48,27,109,15,87,103,128,3,81,63" hai2="68,129,130,119,16,133,30,108,116,65,44,12,113" hai3="77,80,114,98,95,26,79,51,53,90,74,59,127"/><V47/><F30/><W20/><G127/><N who="0" m="48651" /><D46/><N who="2" m="17450" /><F108/><W2/><G2/><T86/><D86/><U0/><E109/><V36/><F36/><W89/><G114/><N who="0" m="43563" /><D110/><U62/><E15/><V56/><F68/><W96/><G79/><T23/><D121/><U82/><E48/><V58/><F133/><W122/><G122/><T131/><D131/><N who="2" m="50186" /><F113/><W75/><G75/><T106/><D117/><N who="2" m="45130" /><F65/><W54/><G54/><T57/><D57/><U107/><E66/><V29/><F29/><W28/><G96/><T76/><D76/><U83/><E128/><V38/><F38/><W52/><G53/><T123/><D123/><U34/><E70/><V67/><F67/><W45/><G45/><T92/><D106/><U99/><E107/><V41/><F41/><W50/><G50/><T61/><D61/><U73/><E62/><V21/><AGARI ba="3,0" hai="12,16,21,56,58" m="45130,50186,17450" machi="21" ten="40,3900,0" yaku="19,1,54,1" doraHai="111" who="2" fromWho="2" sc="27,-16,437,-16,291,48,245,-16" /><INIT seed="6,4,0,5,4,11" ten="11,421,339,229" oya="2" hai0="75,86,87,124,15,102,85,58,114,76,47,50,34" hai1="109,93,73,106,116,66,112,67,35,71,78,6,51" hai2="79,54,135,1,65,19,96,129,115,16,49,32,105" hai3="0,9,59,61,117,103,120,22,24,30,122,99,46"/><V28/><F1/><W95/><G117/><T110/><D110/><U107/><E109/><V14/><F65/><N who="3" m="39103" /><G46/><T17/><D114/><U104/><E116/><V63/><F63/><W70/><G70/><T36/><D124/><U27/><E112/><V111/><F79/><W121/><G121/><T29/><D102/><U43/><E6/><AGARI ba="4,0" hai="0,6,9,22,24,30,95,99,103,120,122" m="39103" machi="6" ten="30,1000,0" yaku="25,1" doraHai="11" who="3" fromWho="1" sc="11,0,421,-22,339,0,229,22" /><INIT seed="7,0,0,4,5,120" ten="11,399,339,251" oya="3" hai0="121,107,31,18,28,77,38,108,134,100,122,41,61" hai1="127,95,23,19,80,117,85,88,118,49,17,84,126" hai2="50,115,12,24,37,6,2,64,9,70,22,102,39" hai3="110,113,130,54,20,60,109,13,42,82,0,16,72"/><W91/><G0/><T131/><D18/><N who="1" m="6667" /><E23/><V14/><F102/><W68/><G113/><T33/><D28/><U99/><E49/><V94/><F94/><W124/><G124/><N who="1" m="47658" /><E84/><V135/><F135/><W116/><G116/><T56/><D31/><U132/><E132/><V97/><F64/><N who="3" m="40967" /><G130/><T21/><D21/><U106/><E106/><V35/><F2/><W59/><G42/><T55/><D77/><AGARI ba="0,0" hai="77,80,85,88,95,99,117,118" m="47658,6667" machi="77" ten="30,2000,0" yaku="18,1,54,1" doraHai="120" who="1" fromWho="0" sc="11,-20,399,20,339,0,251,0" owari="-9,-50.9,419,51.9,339,13.9,251,-14.9" /></mjloggm>