<mjloggm ver="2.3"><GO type="169" lobby="0"/><UN n0="%E6%B9%8A%E6%96%97%E3%81%8B%E3%81%92%E3%81%82%E3%81%8D" n1="%E9%BA%BB%E9%9B%80%49%51%31%32%30" n2="%E5%8D%88%E5%BE%8C%E3%82%B4%E3%83%AA%E3%83%A9" n3="%E6%99%82%E8%A8%88%E5%9D%82%E9%9B%B6" dan="16,16,16,16" rate="2104.47,2102.20,2135.13,2145.32" sx="M,M,M,M"/><TAIKYOKU oya="0"/><INIT seed="0,0,0,1,5,51" ten="250,250,250,250" oya="0" hai0="26,28,134,76,67,97,50,116,61,95,98,11,59" hai1="126,9,132,46,93,2,43,78,135,34,21,108,27" hai2="7,83,57,122,66,39,1,79,104,120,107,18,106" hai3="115,131,8,15,101,65,80,40,63,69,13,33,105"/><T119/><D134/><U103/><E103/><V55/><F39/><W94/><G115/><T29/><D76/><U5/><E93/><V19/><F66/><W133/><G133/><T60/><D60/><U16/><E108/><V64/><F64/><W71/><G71/><T127/><D127/><U44/><E126/><V109/><F109/><W112/><G112/><T53/><D11/><U62/><E62/><V96/><F96/><W42/><G131/><T91/><D97/><U87/><E46/><V90/><F90/><W22/><G33/><T14/><D14/><U10/><E10/><V73/><F7/><W88/><G80/><T24/><D24/><U30/><E87/><V85/><F73/><W48/><G101/><T81/><D28/><U32/><E32/><V114/><F1/><W38/><G38/><T129/><D81/><U102/><E102/><V52/><F114/><W77/><G77/><T124/><D129/><U130/><E78/><V25/><F55/><W86/><G105/><T72/><D72/><U31/><E31/><V36/><F36/><W23/><G15/><T100/><D91/><U75/><E75/><V20/><REACH who="2" step="1"/><F19/><REACH who="2" ten="250,250,240,250" step="2"/><W118/><G65/><T49/><D124/><U58/><E130/><V82/><F82/><W84/><G88/><T3/><D3/><U45/><E135/><V37/><F37/><W128/><G128/><T0/><D0/><U56/><E132/><V99/><F99/><W125/><G125/><T17/><D17/><U41/><E41/><V113/><F113/><W92/><G40/><T111/><D111/><U54/><E2/><RYUUKYOKU ba="0,1" sc="250,-10,250,-10,240,30,250,-10" hai2="18,20,25,52,57,79,83,85,104,106,107,120,122" /><INIT seed="1,1,1,2,0,124" ten="240,240,270,240" oya="1" hai0="67,94,49,92,95,0,66,4,3,130,41,9,11" hai1="2,16,78,119,133,85,108,128,87,91,35,46,14" hai2="28,70,59,116,79,44,54,38,57,53,131,110,72" hai3="23,120,60,103,27,101,51,113,65,26,43,1,125"/><U62/><E119/><V100/><F28/><W55/><G1/><T114/><D114/><U5/><E35/><V109/><F100/><W42/><G120/><T12/><D130/><U98/><E133/><V32/><F32/><W118/><G125/><T121/><D121/><U68/><E2/><V126/><F126/><W6/><G6/><T69/><D69/><U135/><E5/><V50/><F116/><W39/><G113/><T97/><D97/><U88/><E135/><V33/><F33/><W52/><G118/><T22/><D22/><U104/><E46/><V71/><F79/><W15/><G15/><T134/><D134/><U75/><E75/><V64/><F72/><W34/><G34/><T61/><D61/><U115/><E115/><V48/><F38/><W86/><G86/><T90/><D90/><U89/><E78/><V56/><F131/><W36/><G23/><T37/><D37/><U105/><E128/><V106/><F106/><W17/><G17/><T76/><D76/><U83/><E108/><N who="2" m="41579" /><F64/><W84/><G84/><T111/><D111/><U129/><E129/><V102/><F102/><W127/><G127/><T19/><D0/><U18/><E98/><V96/><F96/><W30/><G65/><T40/><D40/><U77/><E87/><V73/><F73/><W107/><G107/><T13/><D3/><U123/><E123/><V21/><F21/><W80/><G30/><T81/><D81/><U93/><E93/><V112/><F112/><W10/><G80/><T117/><D117/><U20/><E18/><V74/><F74/><W29/><G29/><RYUUKYOKU ba="1,1" sc="240,10,240,10,270,10,240,-30" hai0="4,9,11,12,13,19,41,49,66,67,92,94,95" hai1="14,16,20,62,68,77,83,85,88,89,91,104,105" hai2="44,48,50,53,54,56,57,59,70,71" /><INIT seed="1,2,1,4,1,122" ten="250,250,280,210" oya="1" hai0="70,56,103,12,117,19,49,0,23,106,135,91,8" hai1="105,61,46,33,35,38,45,47,21,66,107,76,34" hai2="88,57,126,109,78,114,6,15,127,121,30,42,28" hai3="63,104,81,67,71,92,13,54,118,124,112,52,133"/><U51/><E38/><V43/><F78/><W84/><G104/><T111/><D70/><U20/><E76/><V53/><F121/><W93/><G112/><T90/><D117/><U87/><E87/><V74/><F74/><W73/><G73/><T44/><D135/><U82/><E82/><V130/><F114/><W94/><G133/><T101/><D111/><U4/><E51/><V89/><F130/><W50/><G118/><T55/><D106/><U24/><E20/><V125/><F109/><W119/><G119/><T59/><D0/><U128/><E4/><V79/><F79/><W100/><G100/><N who="0" m="38475" /><D23/><U75/><E128/><V115/><F115/><W123/><G124/><T85/><D91/><N who="2" m="34890" /><F15/><W9/><G123/><T77/><D77/><U80/><E80/><AGARI ba="2,1" hai="8,12,19,44,49,55,56,59,80,85,90" m="38475" machi="80" ten="30,2000,0" yaku="25,1,8,1" doraHai="122" who="0" fromWho="1" sc="250,36,250,-26,280,0,210,0" /><INIT seed="2,0,0,4,3,129" ten="286,224,280,210" oya="2" hai0="55,72,2,59,37,1,106,77,98,78,73,74,81" hai1="84,109,130,126,117,104,115,86,10,90,53,121,131" hai2="101,9,44,50,60,105,132,7,57,111,94,28,39" hai3="122,54,85,58,15,92,49,99,42,83,112,96,87"/><V38/><F105/><W4/><G122/><T66/><D37/><U13/><E115/><V95/><F28/><W127/><G127/><T47/><D47/><U32/><E32/><V65/><F111/><W24/><G112/><T40/><D40/><U35/><E35/><V18/><F18/><W27/><G42/><T91/><D66/><U116/><E104/><V113/><F113/><W108/><G108/><T45/><D45/><U8/><E109/><V21/><F21/><W79/><G87/><T12/><D12/><U33/><E33/><V34/><F34/><W71/><G71/><T124/><D124/><U41/><E41/><V76/><F76/><W23/><G96/><T0/><D78/><U120/><E126/><V5/><F5/><W88/><REACH who="3" step="1"/><G23/><REACH who="3" ten="286,224,280,200" step="2"/><T51/><D98/><U48/><E84/><V16/><F39/><W103/><G103/><T56/><D72/><U69/><E69/><V135/><F38/><W93/><G93/><T29/><D74/><U80/><E121/><V3/><F101/><W134/><G134/><N who="2" m="51241" /><F16/><W52/><G52/><AGARI ba="0,1" hai="3,7,9,44,50,52,57,60,65,94,95" m="51241" machi="52" ten="30,12000,1" yaku="20,1,52,3,54,1" doraHai="129" who="2" fromWho="3" sc="286,0,224,0,280,130,200,-120" /><INIT seed="2,1,0,5,1,92" ten="286,224,410,80" oya="2" hai0="61,23,29,28,121,44,42,11,119,102,73,56,89" hai1="31,82,45,6,69,15,55,123,99,51,97,41,127" hai2="129,93,100,67,91,57,40,105,25,0,110,117,111" hai3="7,34,132,49,38,130,64,84,22,63,72,70,112"/><V9/><F117/><W120/><G34/><T71/><D121/><U107/><E123/><V48/><F129/><W86/><G72/><T133/><D71/><U66/><E127/><V101/><F25/><W115/><G38/><T26/><D73/><U94/><E31/><V83/><F83/><W106/><G120/><T60/><D119/><U128/><E128/><V20/><F20/><W90/><G130/><T134/><D29/><U87/><E107/><V78/><F78/><W13/><G132/><N who="0" m="50795" /><D102/><U39/><E94/><V18/><F40/><W10/><G106/><T54/><D89/><U53/><E66/><V98/><F18/><W30/><G49/><N who="0" m="30799" /><D11/><N who="1" m="4599" /><E69/><V65/><F65/><W113/><REACH who="3" step="1"/><G90/><REACH who="3" ten="286,224,410,70" step="2"/><T126/><D126/><U17/><E39/><AGARI ba="1,1" hai="23,26,28,39,42,44,60,61" m="30799,50795" machi="39" ten="30,1000,0" yaku="20,1" doraHai="92" who="0" fromWho="1" sc="286,23,224,-13,410,0,70,0" /><INIT seed="3,0,0,2,3,33" ten="309,211,410,70" oya="3" hai0="92,94,32,133,71,52,74,12,56,65,109,50,83" hai1="30,108,67,62,90,82,88,27,84,26,10,39,91" hai2="107,44,124,25,51,35,111,105,85,0,127,1,16" hai3="89,96,11,93,125,21,78,63,59,5,22,123,100"/><W122/><G125/><N who="2" m="48201" /><F85/><W131/><G131/><T14/><D32/><U132/><E132/><V86/><F86/><W55/><G78/><T46/><D109/><U15/><E39/><V98/><F111/><W17/><G100/><T2/><D2/><N who="2" m="1130" /><F98/><W48/><G48/><T20/><D71/><U13/><E108/><V76/><F76/><W31/><G31/><T95/><D133/><U54/><E54/><N who="2" m="30055" /><F16/><W112/><G112/><T53/><D74/><U43/><E43/><V126/><F126/><W135/><G135/><T23/><D83/><U57/><E13/><N who="0" m="5225" /><D65/><U18/><REACH who="1" step="1"/><E27/><REACH who="1" ten="309,201,410,70" step="2"/><V97/><F97/><W47/><G96/><T72/><D72/><U79/><E79/><V116/><F116/><W19/><G123/><T42/><D42/><U102/><E102/><V115/><F115/><W70/><G122/><T128/><D128/><U110/><E110/><V106/><F106/><W64/><G89/><T40/><D40/><U61/><E61/><AGARI ba="0,1" hai="20,23,46,50,52,53,56,61,92,94,95" m="5225" machi="61" ten="30,2000,0" yaku="8,1,54,1" doraHai="33" who="0" fromWho="1" sc="309,30,201,-20,410,0,70,0" /><INIT seed="4,0,0,5,2,128" ten="339,181,410,70" oya="0" hai0="63,87,96,29,120,53,67,114,30,28,31,16,14" hai1="124,59,5,64,134,102,95,11,81,56,111,133,135" hai2="51,38,49,93,100,109,4,22,84,27,42,41,76" hai3="54,58,116,107,66,75,34,99,6,97,57,43,127"/><T62/><N who="0" m="7168" /><DORA hai="18" /><T112/><D120/><U37/><E111/><V130/><F109/><W15/><G34/><T3/><D3/><U74/><E124/><V106/><F106/><W45/><G75/><T77/><D96/><N who="1" m="59679" /><E37/><V52/><F38/><W88/><G116/><T23/><D53/><U12/><E64/><V68/><F68/><W26/><G107/><T85/><D63/><U122/><E122/><V10/><F49/><W91/><G127/><T13/><D14/><U70/><E70/><V79/><F130/><W50/><G26/><T46/><D46/><U40/><E40/><V36/><F36/><W71/><G71/><N who="0" m="42487" /><D77/><AGARI ba="0,0" hai="5,11,12,56,59,74,77,81,133,134,135" m="59679" machi="77" ten="30,7700,0" yaku="20,1,52,3" doraHai="128,18" who="1" fromWho="0" sc="339,-77,181,77,410,0,70,0" /><INIT seed="5,0,0,2,4,110" ten="262,258,410,70" oya="1" hai0="54,44,100,118,27,130,55,92,109,101,74,45,18" hai1="4,127,36,95,114,56,61,80,9,59,126,57,8" hai2="33,24,122,116,12,69,104,50,17,131,67,78,98" hai3="22,64,83,107,72,68,28,120,99,102,76,43,65"/><U60/><E36/><V117/><F122/><W20/><G120/><T132/><D109/><U40/><E40/><V79/><F131/><W39/><G20/><T103/><D118/><U90/><E80/><V52/><F116/><W38/><G43/><T70/><D74/><U77/><E77/><V86/><F67/><W10/><G22/><N who="0" m="13783" /><D70/><U89/><E95/><V115/><F69/><W75/><G65/><T73/><D73/><U47/><E47/><N who="0" m="17993" /><D132/><U123/><E123/><V48/><F48/><W129/><G129/><T6/><D6/><U84/><E84/><V119/><F119/><W94/><G94/><T121/><D130/><U105/><E105/><V0/><F0/><W2/><G28/><T66/><D66/><U37/><E37/><V51/><F51/><W5/><REACH who="3" step="1"/><G75/><REACH who="3" ten="262,258,410,60" step="2"/><T31/><D31/><U106/><E106/><V91/><F117/><W53/><G53/><T30/><D30/><U88/><E8/><V62/><F52/><N who="0" m="20010" /><D121/><U85/><E85/><V58/><F104/><W42/><G42/><T21/><D21/><U16/><E60/><AGARI ba="0,1" hai="2,5,10,38,39,60,64,68,72,76,83,99,102,107" machi="60" ten="40,8000,1" yaku="1,1,33,3,53,0" doraHai="110" doraHaiUra="87" who="3" fromWho="1" sc="262,0,258,-80,410,0,60,90" /><INIT seed="6,0,0,1,4,67" ten="262,178,410,150" oya="2" hai0="97,2,43,23,93,89,42,69,33,17,19,57,41" hai1="10,64,102,45,74,77,135,104,50,25,113,118,125" hai2="40,81,21,6,34,60,85,105,132,52,20,109,36" hai3="131,94,82,127,58,22,46,15,121,27,62,134,116"/><V79/><F34/><W98/><G116/><T38/><D33/><U65/><E118/><V124/><F105/><W110/><G110/><T91/><D2/><U51/><E74/><V130/><F109/><W53/><G121/><T95/><D69/><U119/><E77/><V92/><F124/><W56/><G127/><T26/><D38/><U76/><E76/><V71/><F132/><W28/><G134/><T12/><D57/><U32/><E119/><V18/><F6/><W11/><G82/><T59/><D59/><U31/><E50/><V7/><F7/><W108/><G131/><T39/><D39/><U44/><E44/><V78/><F78/><W107/><G107/><T120/><D120/><U99/><E125/><V73/><F40/><W88/><G108/><T133/><D133/><U80/><E80/><V3/><F3/><W16/><G62/><T9/><REACH who="0" step="1"/><D42/><REACH who="0" ten="252,178,410,150" step="2"/><U61/><E135/><V24/><F71/><W84/><G98/><AGARI ba="0,1" hai="9,12,17,19,23,26,41,43,89,91,93,95,97,98" machi="98" ten="30,8000,1" yaku="1,1,2,1,7,1,9,1,8,1,53,0" doraHai="67" doraHaiUra="72" who="0" fromWho="3" sc="252,90,178,0,410,0,150,-80" /><INIT seed="7,0,0,2,0,15" ten="342,178,410,70" oya="3" hai0="35,51,60,67,118,128,113,59,31,89,83,41,12" hai1="109,115,108,85,63,70,124,18,79,80,116,26,0" hai2="52,93,43,68,121,42,69,44,40,22,119,36,47" hai3="27,48,111,58,129,95,13,50,74,37,105,16,53"/><W39/><G105/><T66/><D118/><U102/><E0/><V76/><F119/><W84/><G74/><T34/><D128/><U24/><E116/><V54/><F76/><W2/><G2/><T78/><D31/><U46/><E115/><V45/><F93/><W110/><G129/><T49/><D113/><U86/><E124/><V82/><F82/><W120/><G27/><T94/><D66/><U62/><E102/><V91/><F91/><N who="3" m="53735" /><G50/><T133/><D133/><U126/><E126/><V17/><F121/><W130/><G130/><T10/><D34/><U87/><E24/><V99/><F99/><W117/><G120/><T103/><D35/><U134/><E134/><V5/><F5/><W64/><G64/><T101/><D41/><U73/><E70/><V65/><F36/><W135/><G135/><T106/><D106/><U7/><E7/><V9/><F9/><W30/><G30/><T38/><D38/><N who="3" m="14345" /><G117/><T55/><D67/><U28/><E46/><V100/><F100/><W23/><AGARI ba="0,0" hai="13,16,23,48,53,58,110,111" m="14345,53735" machi="23" ten="30,6000,0" yaku="25,1,52,1,54,1" doraHai="15" who="3" fromWho="3" sc="342,-20,178,-20,410,-20,70,60" /><INIT seed="7,1,0,2,2,59" ten="322,158,390,130" oya="3" hai0="58,84,11,1,60,97,28,95,130,42,31,96,53" hai1="112,52,73,118,115,4,70,34,21,92,29,43,24" hai2="72,98,132,14,76,90,68,122,71,7,114,64,106" hai3="3,33,135,49,67,62,94,93,123,111,104,6,57"/><W10/><G123/><T41/><D130/><U127/><E127/><V47/><F47/><W22/><G33/><T56/><D1/><U38/><E73/><V66/><F122/><W27/><G104/><T44/><D11/><U116/><E70/><V23/><F114/><N who="1" m="43561" /><E4/><V86/><F66/><W45/><G111/><T19/><D19/><U108/><E108/><V5/><F90/><W100/><G100/><T83/><D56/><U51/><E43/><V87/><F86/><W113/><G113/><T18/><D18/><U120/><E38/><V81/><F98/><W35/><G135/><T134/><D134/><U126/><E126/><V69/><F81/><W75/><G35/><T80/><D80/><U8/><E8/><V105/><F76/><W109/><G75/><T46/><D46/><N who="1" m="27767" /><E120/><V39/><F87/><W103/><G109/><T0/><D0/><U40/><E40/><V25/><F14/><W88/><G103/><T125/><D41/><U15/><E92/><V12/><F105/><W16/><REACH who="3" step="1"/><G88/><REACH who="3" ten="322,158,390,120" step="2"/><N who="0" m="55399" /><D125/><U131/><E131/><V121/><F121/><W128/><G128/><T48/><D97/><U74/><E74/><V9/><F72/><W91/><G91/><AGARI ba="1,1" hai="28,31,42,44,48,53,58,60,83,84,91" m="55399" machi="91" ten="30,3900,0" yaku="8,1,52,1,54,1" doraHai="59" who="0" fromWho="3" sc="322,52,158,0,390,0,120,-42" owari="374,17.4,158,-24.2,390,49.0,78,-42.2" /></mjloggm>