<mjloggm ver="2.3"><GO type="169" lobby="0"/><UN n0="%73%79%75%70%6F%6E" n1="%E3%81%A8%E3%81%B3%E3%81%BE%E3%81%93" n2="%E7%A8%B2%E5%A6%BB%E3%81%A1%E3%82%83%E3%81%A3%E3%81%B4%E3%83%BC" n3="%E2%97%8E%E3%82%88%E3%81%97%E2%97%8E" dan="17,16,17,16" rate="2171.16,2171.73,2174.06,2148.17" sx="M,M,M,M"/><TAIKYOKU oya="0"/><INIT seed="0,0,0,1,1,127" ten="250,250,250,250" oya="0" hai0="55,36,80,51,15,95,123,11,69,13,33,85,92" hai1="90,7,18,107,9,103,134,121,133,12,8,83,30" hai2="98,42,73,135,130,124,17,126,89,68,27,79,21" hai3="46,28,53,59,10,112,25,111,47,132,54,24,91"/><T38/><D123/><U16/><E121/><V128/><F68/><W99/><G112/><T88/><D33/><U108/><E108/><V113/><F113/><W65/><G132/><N who="1" m="50794" /><E30/><V14/><F135/><W109/><G10/><T74/><D69/><U56/><E56/><V64/><F64/><W41/><G65/><T114/><D114/><U86/><E9/><V2/><F2/><W97/><G91/><T6/><D15/><U58/><E58/><V81/><F42/><W5/><G59/><T44/><REACH who="0" step="1"/><D74/><REACH who="0" ten="240,250,250,250" step="2"/><U66/><E66/><V120/><F14/><W20/><G109/><T50/><D50/><U93/><E107/><V0/><F120/><W67/><G111/><T39/><AGARI ba="0,1" hai="6,11,13,36,38,39,44,51,55,80,85,88,92,95" machi="39" ten="30,6000,0" yaku="1,1,0,1,54,1,53,0" doraHai="127" doraHaiUra="110" who="0" fromWho="0" sc="240,70,250,-20,250,-20,250,-20" /><INIT seed="0,1,0,4,0,18" ten="310,230,230,230" oya="0" hai0="83,90,113,80,67,86,111,100,89,44,121,54,5" hai1="61,102,10,64,20,40,41,65,74,118,55,49,94" hai2="79,78,56,106,34,36,116,130,46,48,76,69,58" hai3="4,16,6,131,82,117,105,7,110,77,95,103,14"/><T21/><D113/><U22/><E74/><V122/><F122/><W39/><G117/><T97/><D121/><U23/><E118/><V45/><F116/><W59/><G39/><T109/><D67/><N who="1" m="25675" /><E10/><V30/><F69/><W126/><G126/><T135/><D5/><U35/><E35/><V98/><F130/><W88/><G131/><T120/><D120/><U50/><E61/><V133/><F133/><W119/><G119/><T60/><D60/><U57/><E50/><V108/><F108/><N who="0" m="41546" /><D54/><U62/><E62/><V0/><F0/><W51/><G110/><T29/><D44/><U33/><E33/><V99/><F34/><W17/><G51/><T114/><D114/><U96/><AGARI ba="1,0" hai="20,22,23,40,41,49,55,57,94,96,102" m="25675" machi="96" ten="30,7900,0" yaku="8,1,52,3" doraHai="18" who="1" fromWho="1" sc="310,-40,230,82,230,-21,230,-21" /><INIT seed="1,0,0,4,5,113" ten="270,312,209,209" oya="1" hai0="132,105,37,74,25,22,32,107,119,18,104,16,53" hai1="111,80,69,34,118,123,117,36,128,78,21,56,93" hai2="60,103,115,101,65,81,76,83,48,126,70,58,14" hai3="3,8,15,43,57,44,67,47,122,63,19,109,90"/><U24/><E69/><V95/><F126/><W120/><G109/><T108/><D74/><U61/><E123/><V71/><F115/><W12/><G3/><T23/><D32/><U72/><E36/><V26/><F81/><W6/><G90/><T29/><D37/><U10/><E111/><V82/><F82/><W92/><G92/><T5/><D108/><U97/><E10/><V133/><F133/><W98/><G98/><T7/><D132/><U134/><E34/><V110/><F110/><W54/><G47/><T112/><D112/><U1/><E1/><V96/><F103/><W38/><REACH who="3" step="1"/><G67/><REACH who="3" ten="270,312,209,199" step="2"/><T131/><D107/><U33/><E134/><V124/><F95/><W2/><G2/><T0/><D105/><U66/><E33/><V87/><F96/><W51/><G51/><T106/><D106/><U114/><E114/><V39/><F48/><W86/><G86/><T75/><D104/><U73/><E73/><V9/><F65/><W68/><G68/><T127/><D75/><U35/><E35/><V102/><F70/><W55/><G55/><T27/><D53/><U99/><E99/><V77/><F71/><W79/><G79/><T89/><D0/><U135/><E135/><V49/><F77/><W52/><G52/><T64/><D64/><U84/><E72/><V31/><F76/><W45/><G45/><T129/><D89/><U20/><E128/><V50/><F50/><W94/><G94/><T130/><D130/><U41/><E41/><V17/><F49/><W62/><G62/><T11/><D131/><U125/><E78/><V46/><F46/><RYUUKYOKU ba="0,1" sc="270,-10,312,-10,209,-10,199,30" hai3="6,8,12,15,19,38,43,44,54,57,63,120,122" /><INIT seed="2,1,1,0,1,72" ten="260,302,199,229" oya="2" hai0="111,105,45,35,12,9,104,42,122,115,84,25,59" hai1="8,56,46,7,44,107,62,91,129,17,57,74,21" hai2="55,40,32,60,134,31,89,127,63,69,14,4,128" hai3="96,0,52,88,50,67,47,6,116,27,100,135,61"/><V99/><F127/><W117/><G135/><T83/><D122/><U80/><E107/><V2/><F134/><W68/><G27/><T112/><D111/><U103/><E103/><V114/><F114/><W43/><G6/><T33/><D59/><U19/><E129/><V108/><F128/><W26/><G0/><T98/><D112/><U97/><E57/><V133/><F133/><W110/><G110/><T118/><D118/><U106/><E106/><V10/><F40/><W77/><G88/><T75/><D75/><U13/><E74/><V82/><F108/><W78/><G43/><T15/><D15/><U93/><E80/><V123/><F123/><W130/><G130/><T95/><D105/><U36/><E36/><V119/><F119/><W102/><G102/><T101/><D25/><U71/><E71/><V90/><F2/><W30/><G116/><T73/><D73/><U86/><E86/><V79/><F63/><W51/><G51/><N who="0" m="27063" /><D104/><U76/><E76/><V121/><F121/><W16/><G117/><T126/><D126/><U54/><REACH who="1" step="1"/><E19/><REACH who="1" ten="260,292,199,229" step="2"/><V66/><F69/><W113/><G16/><T81/><D115/><U20/><E20/><V48/><F82/><W49/><G113/><T132/><D132/><U3/><AGARI ba="1,2" hai="3,7,8,13,17,21,44,46,54,56,62,91,93,97" machi="3" ten="20,5200,0" yaku="1,1,0,1,7,1,53,1" doraHai="72" doraHaiUra="1" who="1" fromWho="1" sc="260,-14,292,75,199,-27,229,-14" /><INIT seed="3,0,0,5,5,61" ten="246,367,172,215" oya="3" hai0="18,60,112,46,62,86,100,50,131,126,42,114,103" hai1="58,77,21,13,101,29,24,41,30,99,9,88,110" hai2="11,40,67,115,135,95,107,121,12,97,93,72,106" hai3="48,0,92,128,133,83,85,65,122,39,127,70,35"/><W17/><G122/><T104/><D126/><U20/><E110/><V8/><F115/><N who="0" m="44074" /><D131/><U2/><E2/><V31/><F72/><W91/><G39/><T51/><D86/><U123/><E41/><V132/><F121/><W80/><G35/><T64/><D18/><U74/><E77/><V116/><F116/><W4/><G133/><T3/><D3/><U108/><E74/><V66/><F31/><W45/><G127/><T96/><D100/><U22/><E108/><V79/><F79/><W69/><G128/><T81/><D81/><U15/><E101/><V7/><F40/><W55/><G70/><N who="0" m="42247" /><D62/><U36/><E29/><V130/><F130/><W47/><G17/><T49/><AGARI ba="0,0" hai="42,46,49,50,51,96,103,104" m="42247,44074" machi="49" ten="30,2000,0" yaku="11,1,52,1" doraHai="61" who="0" fromWho="0" sc="246,20,367,-5,172,-5,215,-10" /><INIT seed="4,0,0,3,5,123" ten="266,362,167,205" oya="0" hai0="0,33,68,82,1,107,101,29,16,94,128,37,120" hai1="78,81,106,119,110,22,67,63,71,103,86,77,6" hai2="47,91,34,97,133,20,116,18,79,15,13,65,96" hai3="76,30,14,53,74,105,109,95,108,104,12,80,39"/><T21/><D120/><U3/><E110/><V70/><F34/><W127/><G39/><T92/><D37/><U113/><E119/><V7/><F133/><W9/><G14/><T90/><D68/><U19/><E113/><V132/><F132/><W72/><G72/><T52/><D128/><U28/><E78/><V4/><F116/><W121/><G121/><T40/><D40/><U84/><E28/><V11/><F79/><W100/><G127/><T35/><D82/><U66/><E66/><V27/><F47/><W50/><G30/><T99/><D52/><U122/><E122/><V118/><F118/><W51/><G95/><T44/><D44/><U87/><E6/><V112/><F112/><W61/><G61/><T131/><D131/><U98/><E3/><V23/><F70/><W57/><G51/><T17/><D17/><U5/><E5/><V125/><F65/><W38/><G38/><T126/><D126/><U88/><REACH who="1" step="1"/><E77/><REACH who="1" ten="266,352,167,205" step="2"/><V8/><F125/><W73/><G73/><T85/><D29/><U2/><E2/><V124/><F124/><W58/><G76/><T31/><D31/><U117/><E117/><V36/><F36/><W129/><G74/><T114/><D114/><U93/><E93/><V69/><F69/><W102/><G129/><T41/><D94/><U130/><E130/><V54/><F4/><W115/><G115/><T75/><D75/><U26/><AGARI ba="0,1" hai="19,22,26,63,67,71,81,84,86,87,88,98,103,106" machi="26" ten="20,5200,0" yaku="1,1,0,1,7,1,54,1,53,0" doraHai="123" doraHaiUra="46" who="1" fromWho="1" sc="266,-26,352,62,167,-13,205,-13" /><INIT seed="5,0,0,1,3,18" ten="240,414,154,192" oya="1" hai0="99,89,120,27,41,26,69,1,130,6,54,51,101" hai1="68,37,133,67,105,28,122,45,132,39,11,5,55" hai2="74,97,85,10,35,106,96,80,107,60,76,24,84" hai3="49,109,56,116,113,20,61,59,66,3,111,50,14"/><U93/><E105/><V53/><F10/><W40/><G3/><T34/><D69/><U29/><E122/><V135/><F135/><N who="1" m="51785" /><E67/><V87/><F35/><W78/><G113/><T16/><D130/><U75/><E68/><V64/><F53/><W124/><G124/><T19/><D41/><U102/><E75/><V81/><F24/><W30/><G116/><T57/><D27/><U126/><E55/><V103/><F60/><W36/><G30/><N who="1" m="11882" /><E126/><V112/><F64/><W25/><G25/><T117/><D26/><U77/><E77/><N who="2" m="44087" /><F112/><W114/><G78/><T94/><D54/><U47/><E93/><V70/><F70/><W72/><G72/><T15/><D94/><U46/><E102/><AGARI ba="0,0" hai="76,81,84,85,87,96,97,102,103,106,107" m="44087" machi="102" ten="30,8000,1" yaku="35,5" doraHai="18" who="2" fromWho="1" sc="240,0,414,-80,154,80,192,0" /><INIT seed="6,0,0,2,2,118" ten="240,334,234,192" oya="2" hai0="106,127,38,10,115,2,93,31,89,26,134,68,78" hai1="21,23,36,6,45,129,98,33,108,5,132,91,35" hai2="70,101,18,122,54,16,99,15,62,9,133,3,44" hai3="114,46,128,87,73,1,58,119,30,4,27,37,11"/><V51/><F133/><W92/><G119/><T96/><D134/><U110/><E132/><V48/><F3/><W66/><G128/><T75/><D38/><U69/><E69/><V125/><F125/><W76/><G114/><T50/><D68/><U83/><E83/><V81/><F81/><W20/><G66/><T61/><D115/><U47/><E36/><V71/><F122/><W77/><G58/><T105/><D61/><U24/><E98/><V64/><F51/><W123/><G123/><T63/><D63/><U88/><REACH who="1" step="1"/><E24/><REACH who="1" ten="240,324,234,192" step="2"/><V86/><F71/><W56/><G37/><T100/><D26/><U113/><E113/><V74/><F74/><W104/><G73/><T7/><D96/><U49/><E49/><V85/><REACH who="2" step="1"/><F18/><REACH who="2" ten="240,324,224,192" step="2"/><W97/><G77/><T39/><D50/><U72/><E72/><V57/><F57/><W52/><G76/><T13/><D78/><U84/><E84/><V131/><F131/><AGARI ba="0,2" hai="5,6,21,23,33,35,45,47,88,91,108,110,129,131" machi="131" ten="25,6400,0" yaku="1,1,22,2,54,1,53,0" doraHai="118" doraHaiUra="112" who="1" fromWho="2" sc="240,0,324,84,224,-64,192,0" /><INIT seed="7,0,0,4,5,115" ten="240,408,160,192" oya="3" hai0="22,85,81,127,63,98,117,27,94,76,73,54,93" hai1="135,116,6,108,118,34,45,32,0,72,86,88,101" hai2="2,37,107,3,120,75,106,82,50,74,125,33,83" hai3="102,48,13,60,119,25,56,26,80,62,126,128,20"/><W23/><G128/><T110/><D110/><U95/><E72/><V129/><F129/><W89/><G126/><T130/><D117/><N who="1" m="45163" /><E108/><V10/><F125/><W15/><G102/><T40/><D40/><U67/><E135/><V124/><F124/><W17/><G48/><T7/><D7/><U92/><E67/><V49/><F10/><W24/><G119/><T134/><D76/><U114/><E114/><V51/><F33/><N who="1" m="12905" /><E45/><V121/><REACH who="2" step="1"/><F51/><REACH who="2" ten="240,408,150,192" step="2"/><W29/><G62/><T105/><D63/><U84/><E84/><V104/><F104/><W30/><G60/><T14/><D105/><U112/><E112/><V123/><F123/><W11/><G56/><T103/><D127/><U43/><E43/><V46/><F46/><W1/><G1/><T52/><D130/><U97/><E6/><V35/><F35/><W100/><G30/><T65/><D134/><U42/><E42/><V79/><F79/><W61/><G61/><T87/><D87/><U99/><E86/><V132/><F132/><W28/><G28/><T5/><D5/><U12/><E12/><V41/><F41/><W4/><G29/><T18/><D14/><U9/><E9/><V133/><F133/><W91/><G15/><T90/><D85/><U39/><E0/><V69/><F69/><W131/><G131/><T96/><D73/><U113/><E113/><V19/><F19/><W78/><G4/><T58/><D18/><U44/><E44/><V64/><F64/><W111/><G11/><T68/><D65/><U31/><E88/><N who="3" m="33866" /><G13/><T53/><D68/><U21/><E95/><V8/><F8/><RYUUKYOKU ba="0,1" sc="240,-10,408,-10,150,30,192,-10" hai2="2,3,37,49,50,74,75,82,83,106,107,120,121" owari="230,3.0,408,50.8,180,-32.0,182,-21.8" /></mjloggm>