<mjloggm ver="2.3"><GO type="225" lobby="0"/><UN n0="%E3%81%82%E3%81%84%E3%81%82%E3%81%8A%E3%81%84" n1="%E6%97%A5%E6%9B%9C%E6%97%A5%E3%82%88%E3%82%8A%E3%81%AE%E4%BD%BF%E8%80%85" n2="%6C%61%6D%62" n3="%E9%A6%AC%E5%BC%95%E7%81%AB%33" dan="18,17,16,16" rate="2260.08,2224.02,2241.32,2139.47" sx="M,M,M,M"/><TAIKYOKU oya="0"/><INIT seed="0,0,0,5,5,63" ten="250,250,250,250" oya="0" hai0="105,112,70,96,107,2,36,89,88,101,57,60,47" hai1="55,35,93,14,64,66,24,73,71,110,39,48,23" hai2="67,95,0,126,76,6,82,94,130,123,121,117,120" hai3="74,5,131,53,90,58,45,114,20,10,41,28,119"/><T3/><D112/><U51/><E73/><V92/><F0/><W7/><G119/><T106/><D70/><U87/><E39/><V13/><F6/><W85/><G74/><T18/><D2/><U99/><E71/><V11/><F117/><W125/><G114/><T34/><D34/><U100/><E110/><V133/><F13/><W113/><G125/><T22/><D3/><U72/><E72/><N who="2" m="43271" /><F11/><W75/><G131/><T97/><D47/><U12/><E35/><V46/><F46/><W65/><G75/><T27/><D36/><U118/><E118/><V40/><F67/><N who="1" m="25641" /><E87/><V91/><F40/><W38/><G65/><T68/><D68/><U31/><E51/><V17/><F17/><W129/><G85/><T54/><D89/><U62/><E62/><V103/><F126/><W69/><G90/><T16/><D18/><U116/><E116/><V43/><F43/><W108/><G41/><T86/><REACH who="0" step="1"/><D97/><REACH who="0" ten="240,250,250,250" step="2"/><U104/><E104/><V33/><F33/><W98/><G69/><T80/><AGARI ba="0,1" hai="16,22,27,54,57,60,80,86,88,96,101,105,106,107" machi="80" ten="20,18000,2" yaku="1,1,2,1,0,1,7,1,54,2,53,0" doraHai="63" doraHaiUra="135" who="0" fromWho="0" sc="240,190,250,-60,250,-60,250,-60" /><INIT seed="0,1,0,2,4,93" ten="430,190,190,190" oya="0" hai0="106,87,54,27,114,101,108,83,90,1,17,34,81" hai1="112,128,61,15,8,96,33,31,37,120,126,110,125" hai2="104,41,10,78,47,84,129,16,11,40,0,73,94" hai3="67,97,127,113,26,44,86,117,63,62,116,100,39"/><T66/><D114/><U91/><E37/><V18/><F104/><W122/><G113/><T123/><D123/><U25/><E112/><V2/><F129/><W95/><G122/><T13/><D1/><U133/><E120/><V19/><F73/><W64/><G127/><N who="1" m="48650" /><E110/><V109/><F109/><W105/><G26/><T118/><D118/><U52/><E128/><V12/><F0/><W60/><G86/><T99/><D108/><U119/><E119/><V23/><F2/><W75/><G75/><T42/><D42/><N who="2" m="16490" /><F47/><W85/><G39/><T103/><D103/><U74/><E74/><V21/><F19/><W80/><G44/><T111/><D111/><U14/><E133/><V29/><F29/><W132/><G105/><T56/><D66/><U89/><E96/><V98/><F78/><W36/><G36/><T76/><D34/><U38/><E38/><V3/><F84/><W69/><G132/><T43/><D43/><U4/><E14/><N who="2" m="7263" /><F3/><W130/><G130/><T50/><D27/><U115/><E115/><V79/><F79/><N who="3" m="46239" /><G117/><T28/><D28/><U82/><E82/><V49/><F49/><W124/><G116/><T55/><D81/><U6/><E4/><V22/><F10/><W77/><G77/><T72/><D72/><U88/><E89/><AGARI ba="1,0" hai="12,18,21,22,23,89,94,98" m="7263,16490" machi="89" ten="30,3900,0" yaku="8,1,52,1,54,1" doraHai="93" who="2" fromWho="1" sc="430,0,190,-42,190,42,190,0" /><INIT seed="1,0,0,2,3,130" ten="430,148,232,190" oya="1" hai0="75,56,48,64,11,124,109,68,131,126,112,86,135" hai1="69,115,122,30,44,129,94,0,114,22,87,90,74" hai2="38,67,20,2,101,96,111,28,23,88,52,3,83" hai3="117,82,6,57,92,34,60,33,121,36,128,8,17"/><U113/><E122/><V1/><F38/><W105/><G105/><T108/><D75/><U5/><E69/><V42/><F42/><W107/><G107/><T100/><D112/><U25/><E129/><V104/><F111/><N who="0" m="42570" /><D131/><U91/><E74/><V62/><F28/><W123/><G36/><T95/><D68/><U35/><E44/><V55/><F23/><W51/><G128/><T50/><D11/><U103/><E103/><V65/><F20/><W134/><G51/><N who="0" m="19499" /><D86/><U80/><E35/><V73/><F67/><W110/><G33/><T9/><D9/><U18/><E0/><V70/><REACH who="2" step="1"/><F88/><REACH who="2" ten="430,148,222,190" step="2"/><W13/><G34/><T66/><D66/><U79/><E91/><V16/><F16/><W49/><G17/><T21/><D21/><U93/><E5/><V47/><F47/><W77/><G6/><T119/><D64/><U27/><E90/><V53/><F53/><W4/><G4/><T99/><D119/><U84/><E30/><V43/><F43/><W98/><G117/><T120/><D120/><U78/><REACH who="1" step="1"/><E27/><REACH who="1" ten="430,138,222,190" step="2"/><V63/><F63/><W41/><G60/><T133/><D56/><U26/><E26/><V12/><F12/><W61/><G13/><T132/><AGARI ba="0,2" hai="95,99,100,124,126,132,133,135" m="19499,42570" machi="132" ten="40,8000,1" yaku="20,1,14,1,52,3" doraHai="130" who="0" fromWho="0" sc="430,100,138,-40,222,-20,190,-20" /><INIT seed="2,0,0,4,4,135" ten="530,98,202,170" oya="2" hai0="89,27,6,30,103,90,34,80,49,12,97,104,54" hai1="107,116,66,114,108,79,35,112,25,37,71,31,84" hai2="86,43,111,63,45,29,81,120,74,68,60,2,70" hai3="59,83,23,67,88,21,62,77,44,130,11,85,78"/><V51/><F120/><W100/><G130/><T40/><D40/><U4/><E116/><V28/><F2/><W101/><G11/><T5/><D80/><U122/><E37/><V22/><F74/><W32/><G32/><T93/><D12/><U7/><E122/><V102/><F102/><N who="3" m="39531" /><G44/><T50/><D50/><U73/><E84/><V47/><F111/><W18/><G21/><T0/><D0/><U48/><E48/><N who="2" m="26687" /><F68/><W53/><G53/><T94/><D104/><U17/><E107/><V38/><F38/><W134/><G134/><T75/><D75/><U76/><E73/><V15/><F15/><AGARI ba="0,0" hai="15,18,23,59,62,67,77,78,83,85,88" m="39531" machi="15" ten="30,2000,0" yaku="8,1,54,1" doraHai="135" who="3" fromWho="2" sc="530,0,98,0,202,-20,170,20" /><INIT seed="3,0,0,1,1,28" ten="530,98,182,190" oya="3" hai0="87,129,19,85,88,13,109,46,61,130,125,95,84" hai1="124,57,102,115,113,80,133,2,26,43,30,127,17" hai2="134,22,73,83,32,52,123,16,67,47,3,68,120" hai3="128,10,119,33,11,48,20,126,86,23,9,77,122"/><W24/><G119/><T15/><D109/><U117/><E102/><V131/><F3/><W103/><G122/><N who="2" m="46633" /><F32/><W5/><G103/><T27/><D125/><N who="1" m="48203" /><E57/><V106/><F131/><N who="0" m="50186" /><D61/><U55/><E80/><V118/><F134/><W69/><G10/><T121/><D121/><U93/><E93/><V78/><F106/><W105/><G86/><N who="0" m="52631" /><D46/><U25/><E43/><V132/><F132/><W94/><G69/><T21/><AGARI ba="0,0" hai="13,15,19,21,27,84,85,87" m="52631,50186" machi="21" ten="40,2700,0" yaku="19,1,54,1" doraHai="28" who="0" fromWho="0" sc="530,27,98,-7,182,-7,190,-13" owari="557,65.7,91,-40.9,175,-22.5,177,-2.3" /></mjloggm>