<mjloggm ver="2.3"><GO type="169" lobby="0"/><UN n0="%E7%9C%9F%E9%BE%8D%E5%85%84%E8%B2%B4" n1="%E3%81%88%E3%81%8C%E3%82%8F%E3%82%8A%E3%81%8A" n2="%71%75%61%72%6B" n3="%E3%81%82%E3%81%95%E3%81%B4%E3%82%93%EF%BC%A0%EF%BD%8D%EF%BD%8A" dan="16,16,16,18" rate="2069.34,2117.57,2042.74,2296.65" sx="M,M,M,M"/><TAIKYOKU oya="0"/><INIT seed="0,0,0,4,2,28" ten="250,250,250,250" oya="0" hai0="118,82,73,132,130,124,26,40,117,127,90,55,2" hai1="59,19,17,95,47,91,121,72,42,9,56,110,79" hai2="43,62,116,134,29,125,6,3,102,13,78,71,122" hai3="23,96,10,37,1,97,0,128,83,39,35,108,53"/><T105/><D2/><U58/><E121/><V48/><F122/><W30/><G108/><T88/><D40/><U14/><E110/><V20/><F134/><W61/><G128/><T75/><D26/><U51/><E72/><N who="0" m="27721" /><D55/><U109/><E109/><V45/><F78/><W7/><G23/><T120/><D120/><U32/><E79/><V36/><F125/><N who="0" m="48202" /><D130/><U33/><REACH who="1" step="1"/><E19/><REACH who="1" ten="250,240,250,250" step="2"/><V98/><F116/><N who="0" m="44650" /><D132/><U52/><E52/><V85/><F43/><W5/><G53/><T129/><D129/><U11/><E11/><V21/><F6/><W101/><G10/><T63/><D63/><U106/><E106/><V50/><F62/><W27/><G61/><T34/><D34/><U94/><E94/><V103/><F45/><W126/><G126/><T69/><D69/><U133/><E133/><V66/><F71/><W111/><G111/><T84/><D105/><U15/><E15/><V74/><F13/><W93/><G5/><T65/><D65/><U67/><E67/><V60/><F66/><W24/><G7/><T92/><D92/><U87/><AGARI ba="0,1" hai="9,14,17,32,33,42,47,51,56,58,59,87,91,95" machi="87" ten="30,7900,0" yaku="1,1,0,1,52,2,53,0" doraHai="28" doraHaiUra="25" who="1" fromWho="1" sc="250,-39,240,89,250,-20,250,-20" /><INIT seed="1,0,0,0,3,105" ten="211,329,230,230" oya="1" hai0="12,19,66,94,120,43,92,132,23,77,11,25,37" hai1="119,52,33,135,2,35,34,116,82,97,107,122,62" hai2="68,87,127,108,100,8,72,121,118,91,67,103,86" hai3="88,7,104,78,117,83,49,0,26,125,48,102,75"/><U60/><E122/><V20/><F121/><W59/><G125/><T133/><D120/><U50/><E2/><V15/><F118/><W29/><G117/><T36/><D66/><U28/><E28/><V106/><F127/><W79/><G79/><T113/><D113/><U74/><E135/><N who="0" m="51785" /><D77/><U42/><E42/><V30/><F72/><W134/><G134/><T51/><D51/><U112/><E112/><V99/><F103/><W56/><G7/><N who="0" m="3199" /><D43/><U84/><E74/><V64/><F108/><W17/><G17/><T10/><D10/><U13/><E13/><V14/><F14/><W18/><G18/><T31/><D19/><U41/><E41/><V9/><F9/><W53/><G0/><T111/><D111/><U32/><E116/><V55/><F67/><W126/><G126/><T73/><D73/><U24/><E24/><V39/><F64/><W54/><G26/><T98/><D94/><U38/><E38/><V109/><F39/><W57/><G29/><T124/><D124/><U70/><E119/><V44/><F30/><W71/><G71/><T69/><D69/><U93/><E70/><V46/><F68/><W115/><G115/><T90/><AGARI ba="0,0" hai="23,25,31,36,37,90,92,98" m="3199,51785" machi="90" ten="30,1100,0" yaku="20,1" doraHai="105" who="0" fromWho="0" sc="211,11,329,-5,230,-3,230,-3" /><INIT seed="2,0,0,5,3,72" ten="222,324,227,227" oya="2" hai0="67,117,107,0,31,135,129,70,103,119,15,100,68" hai1="30,5,99,121,92,51,42,122,105,87,4,6,7" hai2="79,47,106,64,18,33,115,127,131,62,10,81,21" hai3="36,69,101,26,91,50,53,83,111,96,41,59,86"/><V55/><F115/><W85/><G111/><T48/><D0/><U13/><E30/><V40/><F33/><W22/><G69/><T124/><D31/><U54/><E42/><V134/><F106/><W23/><G36/><T125/><D15/><U2/><E2/><V1/><F134/><W88/><G41/><T46/><D107/><U110/><E110/><V128/><F55/><W29/><G101/><T74/><D74/><U97/><E105/><V52/><F127/><N who="0" m="48714" /><D103/><U38/><E38/><N who="2" m="21911" /><F18/><W27/><G96/><T44/><D100/><U11/><E87/><V89/><F89/><W35/><REACH who="3" step="1"/><G27/><REACH who="3" ten="222,324,227,217" step="2"/><T43/><D135/><U63/><E99/><V49/><F131/><W32/><G32/><T12/><D129/><U95/><E97/><V58/><F128/><W24/><G24/><T108/><D108/><U104/><E104/><V102/><F102/><W56/><G56/><T78/><D46/><U57/><REACH who="1" step="1"/><E51/><REACH who="1" ten="222,314,227,217" step="2"/><V9/><F49/><W116/><G116/><T130/><D130/><U3/><E3/><V126/><F1/><W120/><G120/><AGARI ba="0,2" hai="4,5,6,7,11,13,54,57,63,92,95,120,121,122" machi="120" ten="40,2600,0" yaku="1,1,13,1,53,0" doraHai="72" doraHaiUra="80" who="1" fromWho="3" sc="222,0,314,46,227,0,217,-26" /><INIT seed="3,0,0,1,0,130" ten="222,360,227,191" oya="3" hai0="56,15,72,119,50,92,90,59,57,9,107,103,76" hai1="132,95,28,70,131,4,91,88,82,37,21,64,7" hai2="63,51,126,128,45,23,42,83,102,22,108,80,77" hai3="78,122,68,115,81,34,106,124,36,105,58,60,62"/><W134/><G115/><T39/><D39/><U85/><E37/><V61/><F108/><W129/><G122/><T69/><D69/><U117/><E131/><V46/><F128/><W89/><G129/><T52/><D119/><U13/><E117/><V71/><F126/><W17/><G34/><T127/><D127/><U109/><E109/><V100/><F71/><W112/><G112/><T87/><D9/><U135/><E70/><V49/><F77/><W101/><G89/><T20/><D107/><U1/><E64/><V66/><F66/><W86/><G101/><T104/><D72/><U35/><E35/><V97/><F97/><W25/><G36/><T79/><D104/><U3/><E28/><V75/><REACH who="2" step="1"/><F42/><REACH who="2" ten="222,360,217,191" step="2"/><W110/><G110/><T74/><D103/><U118/><E118/><V43/><F43/><W116/><G116/><T31/><D74/><AGARI ba="0,1" hai="22,23,45,46,49,51,61,63,74,75,80,83,100,102" machi="74" ten="25,3200,0" yaku="1,1,22,2,53,0" doraHai="130" doraHaiUra="26" who="2" fromWho="0" sc="222,-32,360,0,217,42,191,0" /><INIT seed="4,0,0,1,4,13" ten="190,360,259,191" oya="0" hai0="45,133,38,130,64,46,101,52,12,61,105,19,22" hai1="72,104,94,129,71,90,76,6,16,23,48,55,115" hai2="69,58,18,116,54,27,73,29,35,93,92,3,10" hai3="49,56,63,135,34,123,59,124,0,78,20,39,67"/><T125/><D125/><U134/><E104/><V26/><F73/><W106/><G34/><T51/><D130/><U7/><E71/><V36/><F36/><W42/><G0/><T107/><D133/><U30/><E134/><V57/><F69/><W75/><G106/><T89/><D89/><U77/><E30/><V121/><F121/><W62/><G135/><T122/><D122/><U132/><E132/><V2/><F116/><W33/><G33/><T53/><D101/><U47/><E129/><V24/><F58/><W111/><G111/><T43/><REACH who="0" step="1"/><D53/><REACH who="0" ten="180,360,259,191" step="2"/><U118/><E118/><V88/><F88/><W102/><G102/><T84/><D84/><N who="1" m="52551" /><E72/><V110/><F54/><W112/><G124/><T86/><D86/><U37/><E76/><V8/><F110/><W15/><G123/><T60/><D60/><U114/><E77/><V97/><F97/><W41/><G75/><T96/><D96/><U4/><E55/><V68/><F93/><W79/><G79/><T83/><D83/><U103/><E103/><V31/><F92/><W11/><G78/><T65/><D65/><U74/><E74/><V126/><F126/><W87/><G87/><T109/><D109/><U44/><E115/><V9/><F68/><AGARI ba="0,1" hai="12,19,22,38,43,45,46,51,52,61,64,68,105,107" machi="68" ten="30,11600,0" yaku="1,1,7,1,52,1,54,1,53,0" doraHai="13" doraHaiUra="1" who="0" fromWho="2" sc="180,126,360,0,259,-116,191,0" /><INIT seed="4,1,0,2,5,26" ten="306,360,143,191" oya="0" hai0="66,65,123,0,10,16,9,78,47,90,13,2,100" hai1="25,118,109,6,45,135,36,17,58,42,83,130,86" hai2="77,79,35,131,14,51,57,108,12,99,126,125,40" hai3="62,64,113,1,38,27,95,119,117,59,24,116,23"/><T48/><D123/><U67/><E109/><V32/><F108/><W5/><G38/><T69/><D100/><U82/><E118/><V88/><F131/><W8/><G113/><T20/><D78/><N who="2" m="29706" /><F35/><W31/><G117/><T85/><D2/><U92/><E130/><V91/><F32/><W11/><G11/><N who="0" m="4107" /><D69/><U81/><E6/><V74/><F74/><W52/><G95/><N who="0" m="54735" /><D0/><U56/><E67/><V50/><F99/><W94/><G94/><T132/><D132/><U122/><E135/><V37/><F37/><W87/><G87/><T93/><D93/><U15/><E92/><V111/><F111/><W107/><G107/><T28/><D28/><U84/><E84/><V61/><F40/><AGARI ba="1,0" hai="13,16,20,40,47,48,65,66" m="54735,4107" machi="40" ten="30,2900,0" yaku="8,1,54,1" doraHai="26" who="0" fromWho="2" sc="306,32,360,0,143,-32,191,0" /><INIT seed="4,2,0,0,0,123" ten="338,360,111,191" oya="0" hai0="25,105,108,30,26,50,18,16,12,31,72,130,58" hai1="83,125,135,59,86,61,103,91,70,66,111,11,109" hai2="55,23,38,62,41,21,131,42,106,5,122,113,14" hai3="100,48,115,68,28,4,33,121,20,85,10,9,120"/><T67/><D72/><U40/><E125/><V81/><F122/><N who="3" m="47211" /><G115/><T84/><D105/><U79/><E135/><V104/><F113/><W19/><G68/><T114/><D114/><U34/><E34/><V80/><F131/><W76/><G100/><T52/><D130/><U82/><E103/><V88/><F106/><W29/><G48/><T116/><D116/><U134/><E134/><V92/><F104/><W43/><G43/><N who="2" m="16393" /><F38/><W94/><G33/><T110/><D67/><U107/><E107/><V90/><F90/><N who="3" m="53583" /><G76/><T1/><D1/><U77/><E40/><V127/><F127/><W129/><G129/><T99/><D99/><U117/><E117/><V119/><F119/><W69/><G69/><T45/><D84/><U133/><E133/><V124/><F124/><W37/><G37/><T6/><D45/><U71/><E91/><V87/><F62/><W126/><G126/><T60/><D60/><U13/><E71/><V35/><F35/><W46/><G46/><T51/><D6/><U118/><E70/><V49/><F5/><W8/><G4/><T101/><D101/><U89/><E118/><V3/><F3/><W78/><G78/><T128/><D128/><U22/><E77/><V32/><F32/><W64/><G64/><T93/><D93/><U0/><E0/><V63/><F63/><W57/><G57/><T53/><D58/><U95/><E95/><V73/><F73/><W54/><G54/><T24/><D24/><AGARI ba="2,0" hai="8,9,10,19,20,24,28,29" m="53583,47211" machi="24" ten="30,1000,0" yaku="13,1" doraHai="123" who="3" fromWho="0" sc="338,-16,360,0,111,0,191,16" /><INIT seed="5,0,0,4,5,78" ten="322,360,111,207" oya="1" hai0="86,6,77,87,3,102,109,114,35,43,104,85,80" hai1="128,122,54,126,121,70,58,96,26,59,31,14,55" hai2="132,74,56,33,76,116,36,25,51,20,68,101,27" hai3="44,110,66,81,40,11,2,60,71,15,79,131,130"/><U30/><E70/><V1/><F68/><W0/><G110/><T50/><D35/><U38/><E38/><V12/><F36/><N who="3" m="21511" /><G15/><T113/><D109/><U42/><E42/><V61/><F116/><W9/><G11/><T75/><D6/><U39/><E39/><V82/><F1/><W119/><G119/><T5/><D5/><U123/><E126/><V115/><F132/><W95/><G95/><T7/><D7/><U32/><E31/><V41/><F115/><N who="0" m="44042" /><D3/><N who="3" m="1065" /><G9/><T106/><D50/><U97/><E14/><V117/><F117/><W134/><G134/><T73/><D43/><U67/><E67/><V83/><F33/><W19/><G19/><T69/><D69/><U92/><E92/><V10/><F101/><W57/><G57/><T63/><D63/><U46/><E46/><N who="2" m="26063" /><F74/><AGARI ba="0,0" hai="60,66,71,74,79,81,130,131" m="1065,21511" machi="74" ten="30,2000,0" yaku="23,1,52,1" doraHai="78" who="3" fromWho="2" sc="322,0,360,0,111,-20,207,20" /><INIT seed="6,0,0,2,5,91" ten="322,360,91,227" oya="2" hai0="121,89,93,99,95,80,62,113,94,18,40,55,52" hai1="83,24,51,105,66,116,23,7,117,34,10,4,56" hai2="38,21,97,17,100,118,43,101,42,20,90,73,16" hai3="103,82,50,108,29,15,98,9,111,131,135,63,37"/><V88/><F118/><W3/><G37/><T130/><D121/><U92/><E105/><V104/><F73/><W31/><G3/><T109/><D109/><U107/><E107/><V44/><F43/><W65/><G131/><T6/><D130/><U47/><E34/><V54/><F54/><W81/><G50/><T33/><D33/><U8/><E83/><V25/><REACH who="2" step="1"/><F101/><REACH who="2" ten="322,360,81,227" step="2"/><W124/><G103/><T119/><D119/><U0/><E116/><V76/><F76/><W1/><G111/><T127/><D40/><U36/><E117/><V106/><F106/><W125/><G108/><T61/><D127/><U120/><E120/><V78/><F78/><W129/><G129/><T68/><D55/><U87/><E36/><V74/><F74/><W53/><G53/><T126/><D126/><U123/><E123/><V59/><F59/><W69/><G124/><T132/><D52/><U71/><E56/><V39/><F39/><W96/><G125/><T102/><D102/><U45/><E51/><V79/><F79/><W48/><G48/><T60/><D68/><U32/><E71/><V133/><F133/><W134/><G134/><T30/><D132/><U115/><E47/><V41/><F41/><W112/><G135/><T58/><D58/><U75/><E45/><V2/><F2/><W11/><G1/><T72/><D72/><U27/><E75/><V77/><F77/><W12/><G69/><T22/><D61/><U28/><E0/><V67/><F67/><W14/><G65/><T35/><D60/><U13/><E66/><V84/><F84/><W86/><G86/><RYUUKYOKU ba="0,1" sc="322,-10,360,-10,81,30,227,-10" hai2="16,17,20,21,25,38,42,44,88,90,97,100,104" /><INIT seed="6,1,1,1,4,107" ten="312,350,111,217" oya="2" hai0="113,122,92,43,125,101,11,97,108,60,56,14,20" hai1="39,59,54,49,29,32,129,128,62,130,80,75,16" hai2="74,10,61,103,79,118,131,9,132,53,135,4,110" hai3="100,36,34,24,73,133,35,91,68,63,102,123,119"/><V51/><F118/><W45/><G119/><T105/><D113/><U76/><E39/><V72/><F131/><W57/><G123/><T87/><D108/><U33/><E29/><V23/><F110/><W7/><G68/><T114/><D114/><U98/><E98/><V71/><F103/><W58/><G7/><T121/><D125/><U88/><E88/><V44/><F23/><W46/><G91/><T19/><D43/><U48/><E16/><V17/><F17/><W21/><G21/><T69/><D69/><U70/><E70/><V124/><F124/><W111/><G111/><T106/><D106/><U96/><E96/><V86/><F10/><W40/><G40/><T3/><D87/><U38/><E38/><V90/><F79/><W31/><G133/><N who="2" m="51273" /><F61/><W83/><G63/><T93/><D121/><U99/><E99/><V37/><F37/><W42/><G35/><AGARI ba="1,1" hai="32,33,35,48,49,54,59,62,75,76,80,128,129,130" machi="35" ten="50,3200,0" yaku="19,1,52,1" doraHai="107" who="1" fromWho="3" sc="312,0,350,45,111,0,217,-35" /><INIT seed="7,0,0,2,2,36" ten="312,395,111,182" oya="3" hai0="47,40,106,89,59,131,77,15,122,12,103,22,112" hai1="85,6,108,104,45,109,74,19,41,114,111,93,49" hai2="29,37,23,82,21,115,62,125,20,90,126,9,11" hai3="65,117,124,96,57,39,72,118,91,123,75,31,94"/><W135/><G39/><T101/><D122/><U100/><E104/><V97/><F62/><W76/><G31/><T2/><D2/><U110/><E110/><V30/><F97/><W35/><G35/><T68/><D68/><U66/><E74/><N who="3" m="28202" /><G57/><T113/><D77/><U63/><E6/><V102/><F102/><N who="0" m="38922" /><D106/><U127/><E19/><V5/><F37/><W3/><G65/><T52/><D89/><U83/><E93/><V0/><F90/><W1/><G1/><T17/><D131/><U69/><E100/><V27/><F82/><W80/><G3/><T70/><D70/><U43/><E109/><V42/><F42/><W24/><G24/><T10/><D15/><U67/><E108/><V60/><F60/><W130/><G123/><T46/><D22/><N who="2" m="8810" /><F115/><N who="0" m="44106" /><D40/><U99/><E114/><V107/><F107/><W28/><G130/><T92/><D92/><U61/><E111/><V81/><F81/><W25/><G80/><T16/><D17/><U95/><E83/><V133/><F133/><W78/><G135/><T116/><D116/><U32/><E69/><V132/><F132/><W79/><G118/><T73/><D73/><U14/><E95/><V18/><F11/><W84/><G84/><T7/><D7/><U87/><E85/><V120/><F120/><W8/><G8/><T55/><D55/><U86/><E87/><V128/><F128/><W48/><G78/><T33/><D33/><U58/><E86/><V105/><F105/><W98/><G79/><T34/><D34/><U38/><E43/><V54/><F54/><W53/><G53/><T50/><AGARI ba="0,0" hai="10,12,16,46,47,50,52,59" m="44106,38922" machi="50" ten="30,8000,1" yaku="5,1,15,1,11,1,54,2" doraHai="36" who="0" fromWho="0" sc="312,80,395,-20,111,-20,182,-40" owari="392,49.2,375,17.5,91,-40.9,142,-25.8" /></mjloggm>