<mjloggm ver="2.3"><GO type="169" lobby="0"/><UN n0="%E5%BA%84%E5%8F%B8%E5%81%A5%E5%A4%AA%E6%9C%97" n1="%48%61%6C%66%73" n2="%E8%B5%A4%E6%AF%9B%E3%81%AE%E3%82%AD%E3%83%A7%E3%83%B3" n3="%E9%B3%B4%E8%8C%B6" dan="16,17,18,16" rate="2067.55,2176.01,2279.41,2123.04" sx="M,M,M,M"/><TAIKYOKU oya="0"/><INIT seed="0,0,0,1,4,134" ten="250,250,250,250" oya="0" hai0="88,103,12,55,84,62,48,113,25,127,133,117,35" hai1="54,125,61,52,13,108,59,6,107,105,30,86,78" hai2="101,67,99,53,79,31,121,82,120,60,123,34,29" hai3="114,112,93,14,19,49,36,43,109,76,2,37,20"/><T85/><D113/><U98/><E108/><V97/><F53/><W80/><G109/><T70/><D117/><U66/><E125/><V27/><F29/><W89/><G2/><T83/><D103/><U1/><E1/><V91/><F91/><W74/><G112/><T46/><D133/><U4/><E30/><V15/><F15/><W110/><G110/><T3/><D3/><U51/><E54/><V111/><F111/><W38/><G114/><T42/><D35/><U8/><E98/><V50/><F50/><W81/><G80/><T0/><D0/><U16/><E105/><V122/><N who="2" m="30720" /><DORA hai="41" /><V130/><F130/><W5/><G5/><T100/><D25/><U56/><REACH who="1" step="1"/><E107/><REACH who="1" ten="250,240,250,250" step="2"/><V40/><F40/><W44/><REACH who="3" step="1"/><G36/><REACH who="3" ten="250,240,250,240" step="2"/><T72/><D127/><U102/><E102/><V64/><F101/><W87/><AGARI ba="0,2" hai="14,19,20,37,38,43,44,49,74,76,81,87,89,93" machi="87" ten="20,12000,2" yaku="1,1,2,1,0,1,7,1,52,1,53,1" doraHai="134,41" doraHaiUra="17,132" who="3" fromWho="3" sc="250,-60,240,-30,250,-30,240,140" /><INIT seed="1,0,0,0,1,48" ten="190,210,220,380" oya="1" hai0="26,19,67,104,4,72,95,128,30,84,110,9,14" hai1="11,130,92,43,73,76,13,115,18,49,117,107,113" hai2="46,0,123,56,101,116,65,78,100,47,83,105,121" hai3="74,77,124,127,91,50,69,5,133,114,6,22,135"/><U25/><E117/><V125/><F116/><W118/><G118/><T94/><D104/><U17/><E107/><V52/><F0/><W120/><G120/><T16/><D72/><U53/><E130/><V102/><F105/><W129/><G114/><T35/><D110/><U55/><E73/><V80/><F125/><N who="3" m="48203" /><G69/><T58/><D128/><U10/><E76/><V63/><F83/><N who="3" m="45495" /><G129/><T15/><D84/><U37/><E37/><V8/><F8/><W45/><G91/><T98/><D15/><N who="1" m="7423" /><E115/><V24/><F24/><W54/><G22/><T34/><D34/><U59/><E113/><V12/><F12/><W82/><G82/><T88/><REACH who="0" step="1"/><D95/><REACH who="0" ten="180,210,220,380" step="2"/><U7/><E92/><V79/><F79/><W21/><G21/><T112/><D112/><U41/><E25/><V90/><F78/><W68/><G68/><T31/><D31/><U29/><E29/><V33/><F33/><W106/><G106/><T64/><D64/><U51/><E18/><V2/><F2/><W126/><G126/><T103/><D103/><U57/><AGARI ba="0,1" hai="7,10,13,41,43,49,51,53,55,57,59" m="7423" machi="57" ten="30,6000,0" yaku="8,1,52,2" doraHai="48" who="1" fromWho="1" sc="180,-20,210,70,220,-20,380,-20" /><INIT seed="1,1,0,1,5,9" ten="160,280,200,360" oya="1" hai0="29,27,26,125,74,12,69,107,47,42,41,90,115" hai1="112,18,75,119,10,87,114,123,38,60,106,135,50" hai2="93,39,24,127,48,96,17,4,45,31,35,124,23" hai3="56,8,118,92,98,88,133,58,20,19,100,109,49"/><U101/><E119/><V46/><F39/><W37/><G109/><T110/><D115/><U11/><E75/><V99/><F4/><W78/><G133/><T30/><D69/><U102/><E123/><V65/><F65/><W130/><G130/><T97/><D125/><N who="2" m="48202" /><F93/><N who="3" m="58447" /><G37/><T122/><D74/><U33/><E33/><V16/><F45/><W2/><G2/><T104/><D110/><U7/><E38/><V80/><F80/><W55/><G78/><T95/><D122/><U22/><E135/><V28/><F17/><W32/><G32/><T105/><D47/><U68/><E18/><V57/><F57/><N who="3" m="33007" /><G8/><T83/><D30/><N who="2" m="11306" /><F35/><W61/><G61/><T82/><D29/><U103/><E60/><V52/><AGARI ba="1,0" hai="16,23,24,46,48,52,96,99" m="11306,48202" machi="52" ten="30,4000,0" yaku="18,1,54,2" doraHai="9" who="2" fromWho="2" sc="160,-11,280,-21,200,43,360,-11" /><INIT seed="2,0,0,1,3,68" ten="149,259,243,349" oya="2" hai0="107,64,48,84,85,87,105,108,132,60,13,116,81" hai1="10,126,135,58,104,25,36,65,17,90,49,44,4" hai2="8,16,97,100,129,51,93,66,62,61,67,101,21" hai3="28,134,1,9,15,75,122,88,71,55,117,43,96"/><V32/><F129/><W46/><G122/><T31/><D31/><U94/><E104/><V18/><F32/><W3/><G117/><T119/><D48/><U130/><E126/><V35/><F35/><W115/><G75/><T120/><D13/><U22/><E135/><V14/><F51/><W34/><G71/><T53/><D53/><U29/><E36/><V27/><REACH who="2" step="1"/><F101/><REACH who="2" ten="149,259,233,349" step="2"/><W83/><G34/><T110/><D132/><U74/><E130/><V33/><F33/><W2/><G134/><T26/><D120/><U106/><E49/><V80/><F80/><W5/><G83/><T113/><D81/><U42/><E42/><V12/><F12/><W19/><G43/><T125/><D26/><U98/><E25/><V7/><F7/><W89/><G5/><T70/><D125/><U69/><E4/><V50/><F50/><W6/><G6/><T63/><D113/><U121/><E121/><V128/><F128/><W123/><G115/><T78/><D63/><AGARI ba="0,1" hai="8,14,16,18,21,27,61,62,63,66,67,93,97,100" machi="63" ten="40,18000,2" yaku="1,1,8,1,54,1,53,3" doraHai="68" doraHaiUra="56" who="2" fromWho="0" sc="149,-180,259,0,233,190,349,0" owari="-31,-53.1,259,-14.1,423,52.3,349,14.9" /></mjloggm>