<mjloggm ver="2.3"><GO type="169" lobby="0"/><UN n0="%E3%82%A2%E3%83%B3%E3%81%95%E3%82%93" n1="%E3%81%9F%E3%81%AA%E3%81%8B%E6%95%99%E7%A5%96" n2="%E3%81%93%E3%81%AB" n3="%E3%82%A8%E3%83%AB%E3%82%B2%E3%83%AB%E3%83%BC%E3%82%B8" dan="18,17,16,16" rate="2217.30,2167.25,2154.03,2151.20" sx="M,M,M,M"/><TAIKYOKU oya="0"/><INIT seed="0,0,0,4,1,78" ten="250,250,250,250" oya="0" hai0="13,59,60,84,32,111,81,40,134,128,58,8,92" hai1="101,76,30,24,29,21,6,79,4,124,106,1,135" hai2="47,133,114,109,51,55,70,2,14,102,123,88,45" hai3="67,108,44,117,0,33,131,99,9,16,63,110,3"/><T115/><D115/><U23/><E135/><V49/><F123/><W116/><G33/><T91/><D134/><U64/><E124/><V121/><F121/><W100/><G44/><T65/><D128/><U54/><E64/><V28/><F2/><W75/><G75/><T120/><D120/><U113/><E113/><V18/><F70/><N who="3" m="42367" /><G16/><T118/><D32/><U104/><E54/><V96/><F109/><N who="3" m="42091" /><G131/><T7/><D111/><U34/><E34/><V94/><F114/><W85/><G85/><T25/><D118/><N who="3" m="45673" /><G9/><T89/><D40/><U20/><E20/><V95/><F133/><W69/><G69/><T46/><D46/><U122/><E122/><V66/><F28/><W125/><G125/><T132/><D132/><U12/><E101/><V72/><F72/><W82/><G82/><T130/><D130/><U22/><E22/><V57/><F66/><W80/><G80/><T62/><D25/><U73/><E73/><V15/><F57/><W39/><G39/><T37/><D37/><U119/><E119/><V26/><F26/><W77/><G77/><T50/><D91/><U43/><E24/><V87/><REACH who="2" step="1"/><F18/><REACH who="2" ten="250,250,240,250" step="2"/><W98/><G98/><T107/><D65/><U90/><E30/><V129/><F129/><W10/><G10/><T61/><D59/><U83/><E29/><V74/><F74/><W93/><AGARI ba="0,1" hai="0,3,93,99,100" m="45673,42091,42367" machi="93" ten="30,1100,0" yaku="14,1" doraHai="78" who="3" fromWho="3" sc="250,-5,250,-3,240,-3,250,21" /><INIT seed="1,0,0,3,4,91" ten="245,247,237,271" oya="1" hai0="35,70,108,106,75,24,118,102,25,76,31,57,130" hai1="79,11,97,127,87,62,63,65,22,103,41,45,86" hai2="40,99,5,6,124,33,104,19,74,28,60,26,0" hai3="2,90,88,113,61,94,82,23,72,53,83,1,4"/><U121/><E121/><V15/><F74/><W78/><G113/><T114/><D114/><U47/><E127/><V115/><F40/><W36/><G36/><T59/><D118/><U93/><E62/><V52/><F115/><W12/><G83/><T18/><D108/><U73/><E73/><V51/><F60/><W84/><G90/><T117/><D117/><U10/><E47/><V129/><F0/><W64/><G53/><T81/><D130/><U111/><E111/><V50/><F50/><W101/><G101/><T109/><D109/><U134/><E134/><V126/><F129/><W107/><G107/><T8/><D70/><U14/><E22/><V66/><F66/><W49/><G49/><T119/><D119/><U32/><E32/><V27/><F27/><W120/><G120/><T55/><D24/><U29/><E29/><V39/><F39/><W54/><G54/><T9/><D18/><U105/><E105/><V21/><F104/><W80/><G80/><T95/><D59/><N who="1" m="37119" /><E79/><V133/><F99/><W17/><REACH who="3" step="1"/><G4/><REACH who="3" ten="245,247,237,261" step="2"/><T46/><D106/><U100/><E100/><V67/><F133/><W58/><AGARI ba="0,1" hai="1,2,12,17,23,58,61,64,72,78,82,84,88,94" machi="58" ten="20,12000,2" yaku="1,1,2,1,0,1,7,1,52,1,54,1,53,0" doraHai="91" doraHaiUra="43" who="3" fromWho="3" sc="245,-30,247,-60,237,-30,261,130" /><INIT seed="2,0,0,4,2,7" ten="215,187,207,391" oya="2" hai0="64,103,2,62,135,97,10,79,50,52,123,20,116" hai1="109,6,70,29,72,125,49,31,108,18,73,93,133" hai2="61,48,47,114,111,105,16,14,106,129,43,67,57" hai3="3,75,36,8,33,12,124,110,35,90,100,25,28"/><V66/><F114/><W86/><G75/><T21/><D123/><U88/><E70/><V23/><F129/><W17/><G36/><T87/><D135/><U4/><E133/><V83/><F111/><N who="1" m="42569" /><E125/><V102/><F67/><W24/><G110/><T119/><D79/><U30/><E18/><V99/><REACH who="2" step="1"/><F83/><REACH who="2" ten="215,187,197,391" step="2"/><W85/><G124/><T94/><D119/><U122/><E122/><V42/><F42/><W77/><G35/><T9/><D116/><U134/><E134/><V54/><F54/><W59/><G33/><T45/><D87/><N who="1" m="52383" /><E49/><V101/><F101/><W39/><G100/><T113/><D113/><U81/><E73/><V56/><F56/><W34/><G59/><N who="0" m="36959" /><D2/><U71/><E71/><V127/><F127/><W15/><G3/><T121/><D121/><U41/><E41/><V19/><F19/><W51/><G17/><T128/><D128/><U115/><E115/><V60/><F60/><W40/><G40/><T46/><D46/><U32/><E32/><V13/><F13/><W84/><G15/><T112/><D112/><U27/><E27/><V58/><F58/><W130/><G25/><T53/><D53/><U91/><E72/><V92/><AGARI ba="0,1" hai="14,16,23,43,47,48,57,61,66,92,99,102,105,106" machi="92" ten="20,7800,0" yaku="1,1,0,1,7,1,54,1,53,0" doraHai="7" doraHaiUra="82" who="2" fromWho="2" sc="215,-26,187,-26,197,88,391,-26" /><INIT seed="2,1,0,4,4,121" ten="189,161,285,365" oya="2" hai0="114,8,135,55,78,46,53,112,69,120,105,21,43" hai1="41,132,32,29,107,97,33,1,10,39,134,82,25" hai2="111,73,72,110,7,113,6,50,83,20,60,130,98" hai3="125,19,16,12,94,71,11,74,115,51,86,91,79"/><V56/><F113/><N who="0" m="43626" /><D21/><U89/><E33/><V28/><F130/><W34/><G115/><T106/><D8/><U133/><E82/><V49/><F98/><W37/><G37/><T63/><D78/><U100/><E89/><V27/><F83/><W42/><G71/><T40/><D120/><U77/><E77/><V61/><F61/><W14/><G125/><T3/><D3/><U24/><E24/><V119/><F119/><W92/><G34/><T59/><D106/><U47/><E10/><V15/><F50/><W64/><G64/><N who="0" m="41119" /><D105/><U96/><E96/><V18/><F49/><W76/><G74/><T129/><D135/><U5/><E5/><V84/><F84/><W4/><G94/><T75/><D75/><U2/><AGARI ba="1,0" hai="1,2,25,29,32,39,41,47,97,100,107,132,133,134" machi="2" ten="40,8000,1" yaku="0,1,20,1,23,2" doraHai="121" who="1" fromWho="1" sc="189,-21,161,83,285,-41,365,-21" /><INIT seed="3,0,0,0,0,49" ten="168,244,244,344" oya="3" hai0="128,36,1,70,100,111,119,65,30,89,40,18,7" hai1="109,96,13,112,33,93,121,114,126,76,84,101,72" hai2="54,118,125,127,110,27,108,97,74,62,92,11,98" hai3="123,75,124,22,10,82,116,59,21,67,55,107,5"/><W106/><G116/><T28/><D119/><U45/><E33/><V57/><F118/><W46/><G123/><T86/><D111/><N who="2" m="42538" /><F74/><W38/><G124/><N who="2" m="47689" /><F11/><W95/><G67/><T133/><D100/><U73/><E109/><V44/><F27/><W115/><G115/><N who="1" m="44074" /><E45/><V102/><F98/><W134/><G134/><T50/><D36/><U0/><E13/><V131/><F44/><W88/><G106/><T31/><D133/><U42/><E0/><V69/><F69/><W16/><G107/><T12/><D1/><U53/><E126/><V39/><F39/><W85/><G5/><T132/><D7/><U3/><E3/><V78/><F78/><N who="3" m="46295" /><G75/><T122/><D70/><U64/><E76/><V34/><F34/><W103/><G103/><T99/><D132/><U2/><E2/><V35/><F35/><W130/><G46/><T19/><D99/><U90/><E101/><V26/><F26/><W43/><G38/><T29/><D12/><U77/><E77/><V87/><F87/><N who="3" m="52639" /><G43/><T120/><D120/><U24/><E42/><V94/><F94/><W113/><G113/><T68/><D122/><U83/><E24/><V91/><F102/><W48/><G130/><AGARI ba="0,0" hai="54,57,62,91,92,97,130,131" m="47689,42538" machi="130" ten="40,5200,0" yaku="14,1,18,1,52,1" doraHai="49" who="2" fromWho="3" sc="168,0,244,0,244,52,344,-52" /><INIT seed="4,0,0,1,1,101" ten="168,244,296,292" oya="0" hai0="41,24,52,25,106,14,76,116,75,28,19,29,102" hai1="126,98,1,34,43,8,97,117,85,38,67,83,47" hai2="9,71,70,73,120,3,45,100,132,131,48,107,2" hai3="58,27,103,12,94,33,96,110,78,74,91,115,31"/><T36/><D116/><U66/><E117/><V133/><F120/><W109/><G115/><T37/><D25/><U95/><E126/><V22/><F73/><W49/><G12/><T10/><D29/><U21/><E34/><V53/><F22/><W72/><G72/><T56/><D41/><U121/><E121/><V79/><F79/><W13/><G13/><T62/><D102/><U42/><E21/><V59/><F59/><W108/><G74/><T87/><D75/><U23/><E23/><V5/><F3/><W50/><G78/><T30/><D30/><U114/><E114/><V51/><F51/><W84/><REACH who="3" step="1"/><G58/><REACH who="3" ten="168,244,296,282" step="2"/><T40/><D40/><U80/><E43/><V0/><F0/><W99/><G99/><T20/><REACH who="0" step="1"/><D106/><AGARI ba="0,1" hai="27,31,33,49,50,84,91,94,96,103,106,108,109,110" machi="106" ten="40,2600,0" yaku="1,1,52,1,53,0" doraHai="101" doraHaiUra="6" who="3" fromWho="0" sc="168,-26,244,0,296,0,282,36" /><INIT seed="5,0,0,1,5,104" ten="142,244,296,318" oya="1" hai0="40,110,90,76,106,29,47,50,6,56,121,41,131" hai1="85,23,27,130,83,60,64,37,57,61,79,55,132" hai2="133,49,22,53,2,58,74,54,99,116,42,120,89" hai3="73,86,119,30,17,11,67,82,24,66,80,33,109"/><U7/><E130/><V105/><F116/><W59/><G109/><T81/><D110/><U65/><E132/><V93/><F2/><W92/><G119/><T10/><D131/><U5/><E37/><V122/><F133/><W94/><G73/><T62/><D121/><U19/><REACH who="1" step="1"/><E55/><REACH who="1" ten="142,234,296,318" step="2"/><V72/><F120/><W101/><G67/><N who="0" m="39367" /><D106/><U16/><E16/><V13/><F105/><W107/><G66/><T52/><D29/><U69/><AGARI ba="0,1" hai="5,7,19,23,27,57,60,61,64,65,69,79,83,85" machi="69" ten="20,3900,0" yaku="1,1,0,1,7,1,53,0" doraHai="104" doraHaiUra="48" who="1" fromWho="1" sc="142,-13,234,49,296,-13,318,-13" /><INIT seed="5,1,0,5,0,68" ten="129,283,283,305" oya="1" hai0="13,80,49,132,28,69,15,127,18,67,113,90,65" hai1="34,120,5,33,16,101,133,82,0,108,81,107,117" hai2="110,17,64,35,62,37,124,102,112,50,119,77,122" hai3="42,123,56,43,100,74,19,25,63,41,92,32,26"/><U45/><E117/><V72/><F102/><W78/><G123/><T52/><D113/><U104/><E120/><V105/><F77/><W60/><G32/><T129/><D127/><U21/><E133/><V23/><F50/><W47/><G47/><T75/><D129/><U31/><E108/><V54/><F54/><W1/><G1/><T66/><D132/><U24/><E34/><V40/><F40/><W88/><G100/><T36/><D28/><U10/><E45/><V39/><F23/><W57/><G78/><T53/><D53/><U83/><REACH who="1" step="1"/><E101/><REACH who="1" ten="129,273,283,305" step="2"/><V118/><F118/><W51/><G74/><T128/><D128/><U89/><E89/><V7/><F72/><W95/><G88/><T86/><D75/><U55/><E55/><V71/><F119/><W99/><G43/><T22/><D69/><U38/><E38/><V76/><F37/><W98/><G51/><T135/><D135/><U14/><AGARI ba="1,1" hai="0,5,10,14,16,21,24,31,33,81,82,83,104,107" machi="14" ten="30,12000,1" yaku="1,1,0,1,24,2,54,1,53,0" doraHai="68" doraHaiUra="134" who="1" fromWho="1" sc="129,-41,273,133,283,-41,305,-41" /><INIT seed="5,2,0,5,5,36" ten="88,406,242,264" oya="1" hai0="128,7,63,112,20,26,51,57,92,81,94,44,12" hai1="39,76,3,28,10,8,34,121,87,49,82,91,89" hai2="48,105,37,78,50,84,13,65,45,108,53,93,38" hai3="66,72,9,134,33,15,79,68,2,41,135,122,46"/><U123/><E39/><V58/><F105/><W73/><G122/><T95/><D112/><U16/><E34/><V56/><F108/><W59/><G33/><T74/><D128/><U117/><E117/><V55/><F78/><W119/><G119/><T60/><D74/><U99/><E28/><V11/><F65/><W32/><G32/><T129/><D129/><U126/><E126/><V22/><F45/><W109/><G109/><T23/><D81/><U5/><E49/><V115/><F115/><W80/><G72/><T27/><D7/><U110/><E110/><V62/><F62/><N who="3" m="40023" /><G15/><T132/><D132/><N who="3" m="50729" /><G59/><T101/><D12/><U31/><E31/><V47/><F47/><W111/><G111/><T42/><D101/><U102/><E10/><V85/><F22/><W100/><G100/><T98/><D98/><U19/><E121/><V4/><F85/><W90/><G90/><AGARI ba="2,0" hai="4,11,13,37,38,48,50,53,55,56,58,84,90,93" machi="90" ten="40,1300,0" yaku="9,1" doraHai="36" who="2" fromWho="3" sc="88,0,406,0,242,19,264,-19" /><INIT seed="6,0,0,1,5,89" ten="88,406,261,245" oya="2" hai0="50,16,64,23,78,127,47,9,63,131,44,4,77" hai1="18,24,17,121,10,101,25,14,81,74,130,26,34" hai2="106,97,79,5,110,42,0,29,55,51,12,36,90" hai3="124,111,87,135,27,95,30,69,49,37,113,40,61"/><V31/><F110/><W115/><G111/><T53/><D127/><U72/><E101/><V108/><F108/><W75/><G75/><T68/><D131/><U20/><E130/><V8/><F79/><W128/><G128/><T38/><D4/><U118/><E74/><V21/><F42/><W76/><G124/><T125/><D9/><U57/><E118/><V84/><F36/><W3/><G3/><T98/><D125/><U35/><E57/><V33/><F33/><N who="1" m="12297" /><E81/><V92/><F106/><W56/><G135/><T100/><D47/><U2/><E72/><V105/><F97/><W112/><G37/><T104/><REACH who="0" step="1"/><D38/><REACH who="0" ten="78,406,261,245" step="2"/><U46/><E46/><V117/><F117/><W62/><G115/><T39/><D39/><U120/><E2/><V133/><F133/><W83/><G113/><T73/><D73/><U86/><E86/><V60/><F0/><W58/><G112/><T93/><D93/><U109/><E109/><V66/><F105/><W103/><G95/><T41/><D41/><U43/><E43/><V94/><F94/><W122/><G40/><T65/><D65/><U80/><E80/><V102/><F102/><W107/><G103/><T19/><D19/><U88/><E18/><N who="2" m="10439" /><F8/><W13/><G107/><T59/><D59/><U116/><E116/><V15/><F5/><W114/><G114/><T71/><D71/><U70/><E70/><V82/><F82/><W67/><G69/><T32/><D32/><U85/><E10/><V45/><F66/><W7/><G67/><T96/><D96/><U119/><E119/><V126/><F126/><W134/><G83/><RYUUKYOKU ba="0,1" sc="78,15,406,15,261,-15,245,-15" hai0="16,23,44,50,53,63,64,68,77,78,98,100,104" hai1="14,17,20,24,25,26,85,88,120,121" /><INIT seed="7,1,1,4,5,94" ten="93,421,246,230" oya="3" hai0="91,113,46,58,103,92,20,72,122,64,17,133,112" hai1="109,106,132,28,78,96,34,60,118,5,116,131,101" hai2="57,75,110,41,12,1,29,84,70,7,39,8,30" hai3="95,79,117,38,19,11,81,42,100,115,93,128,31"/><W99/><G117/><N who="1" m="45162" /><E109/><V43/><F70/><W15/><G115/><N who="0" m="44107" /><D46/><U63/><E131/><V87/><F75/><W6/><G128/><T26/><D64/><U98/><E132/><V83/><F110/><W120/><G120/><T130/><D58/><U9/><E78/><N who="2" m="46199" /><F1/><W66/><G66/><T14/><D130/><U86/><E86/><V23/><F39/><W4/><G31/><N who="2" m="11785" /><F23/><W129/><G129/><T59/><D72/><U97/><E60/><V124/><F124/><W73/><G38/><T80/><D80/><U52/><E28/><V77/><F57/><W88/><G42/><T51/><D122/><U107/><E34/><V67/><F67/><W121/><G121/><T111/><D111/><U104/><E63/><V32/><F32/><W61/><G61/><T21/><D133/><U65/><E65/><V36/><F36/><W90/><G100/><T127/><D127/><U2/><E52/><V22/><F22/><W53/><G53/><N who="0" m="32191" /><D103/><AGARI ba="1,1" hai="2,5,9,96,97,98,101,103,104,106,107" m="45162" machi="103" ten="40,8000,1" yaku="12,1,52,3" doraHai="94" who="1" fromWho="0" sc="93,-83,421,93,246,0,230,0" owari="10,-49.0,514,61.4,246,4.6,230,-17.0" /></mjloggm>