<mjloggm ver="2.3"><GO type="169" lobby="0"/><UN n0="%E4%B8%8B%E7%B4%9A%E5%9B%BD%E6%B0%91" n1="%E3%81%82%E3%82%8B%E8%A8%BC%E6%98%8E%EF%BF%A1" n2="%E3%81%95%E3%81%8F%E3%82%88%E3%81%93%E3%81%A1%E3%82%83%E3%82%93" n3="%E3%83%97%E3%83%AC%E3%82%B9%E3%83%97" dan="17,16,16,16" rate="2145.77,2112.39,2092.09,2196.42" sx="M,M,F,M"/><TAIKYOKU oya="0"/><INIT seed="0,0,0,3,4,94" ten="250,250,250,250" oya="0" hai0="110,13,105,118,19,133,29,59,23,102,47,86,66" hai1="1,48,53,74,106,25,125,68,60,40,22,11,27" hai2="55,37,131,89,93,122,65,109,5,88,115,3,63" hai3="70,100,17,121,79,114,26,99,107,33,14,96,34"/><T73/><D73/><U84/><E74/><V43/><F115/><W62/><G114/><T130/><D118/><U95/><E106/><V120/><F109/><W72/><G121/><T135/><D130/><U78/><E125/><V44/><F131/><W64/><G79/><T31/><D47/><U21/><E40/><V28/><F28/><W16/><G72/><T18/><D86/><U2/><E11/><V108/><F108/><W52/><G26/><T58/><D110/><U127/><E127/><V76/><F76/><W92/><G52/><T126/><D126/><U15/><E15/><V69/><F89/><W111/><G111/><T98/><D19/><U46/><E60/><V54/><F5/><W103/><REACH who="3" step="1"/><G17/><REACH who="3" ten="250,250,250,240" step="2"/><T0/><D66/><U9/><E78/><V12/><F120/><W101/><G101/><T83/><D0/><U97/><E1/><V113/><F3/><W116/><G116/><T57/><REACH who="0" step="1"/><D83/><REACH who="0" ten="240,250,250,240" step="2"/><U132/><E2/><V45/><F122/><W82/><G82/><T50/><D50/><U119/><E48/><V56/><F65/><W8/><AGARI ba="0,2" hai="8,14,16,33,34,62,64,70,92,96,99,100,103,107" machi="8" ten="20,12000,2" yaku="1,1,0,1,7,1,52,2,54,1,53,0" doraHai="94" doraHaiUra="80" who="3" fromWho="3" sc="240,-60,250,-30,250,-30,240,140" /><INIT seed="1,0,0,0,0,60" ten="180,220,220,380" oya="1" hai0="118,78,96,132,52,48,12,7,74,117,50,57,42" hai1="109,130,124,131,64,39,83,31,10,126,21,5,9" hai2="11,129,103,98,35,81,66,18,133,2,33,90,69" hai3="6,17,128,45,67,127,135,1,89,56,53,65,59"/><U95/><E39/><V101/><F129/><N who="1" m="49161" /><E83/><V46/><F133/><W13/><G128/><T0/><D0/><U4/><E95/><V27/><F2/><W93/><G135/><T41/><D132/><U88/><E88/><V14/><F46/><W92/><G127/><N who="1" m="48682" /><E64/><V30/><F66/><N who="3" m="25099" /><G6/><N who="1" m="2666" /><E109/><V72/><F81/><W62/><G1/><T38/><D38/><U25/><AGARI ba="0,0" hai="9,10,21,25,31" m="2666,48682,49161" machi="25" ten="40,12000,1" yaku="19,1,18,1,34,2" doraHai="60" who="1" fromWho="1" sc="180,-40,220,120,220,-40,380,-40" /><INIT seed="1,1,0,1,1,4" ten="140,340,180,340" oya="1" hai0="120,108,94,1,105,15,135,57,58,26,125,40,14" hai1="3,22,47,8,30,101,24,46,122,67,0,48,9" hai2="55,37,68,71,52,112,117,21,70,63,115,45,20" hai3="134,72,92,75,90,95,133,99,32,49,11,76,124"/><U110/><E122/><V119/><F21/><W7/><G32/><T60/><D105/><U79/><E110/><V86/><F86/><W100/><G124/><T6/><D108/><U74/><E101/><V89/><F89/><W109/><G109/><T61/><D125/><U96/><E96/><V103/><F20/><W31/><G31/><T131/><D131/><U107/><E107/><V113/><F103/><W73/><G49/><T80/><D135/><N who="3" m="51721" /><G7/><T36/><D26/><U97/><E97/><V54/><F63/><W34/><G34/><T127/><D127/><U41/><E67/><V39/><F45/><W64/><G64/><T111/><D120/><U88/><E47/><V128/><F128/><W123/><G11/><N who="1" m="4170" /><E74/><V93/><F93/><W17/><G123/><T19/><D94/><U5/><E79/><V29/><F29/><W59/><G59/><T66/><D111/><U132/><E132/><V62/><F62/><W116/><G116/><AGARI ba="1,0" hai="37,39,52,54,55,68,70,71,112,113,115,116,117,119" machi="116" ten="60,16000,3" yaku="29,2,28,2,11,1,34,3,54,1" doraHai="4" who="2" fromWho="3" sc="140,0,340,0,180,163,340,-163" /><INIT seed="2,0,0,0,5,116" ten="140,340,343,177" oya="2" hai0="129,24,125,37,86,26,123,133,94,103,25,121,46" hai1="85,95,112,31,16,33,62,58,88,34,10,11,35" hai2="65,105,89,48,32,39,120,79,78,119,113,87,44" hai3="7,45,66,47,102,108,61,122,43,84,68,93,70"/><V73/><F113/><W131/><G108/><T17/><D129/><U60/><E112/><V127/><F105/><W27/><G70/><T97/><D133/><U99/><E31/><V101/><F119/><W117/><G117/><T83/><D125/><U22/><E85/><V80/><F120/><W41/><G131/><T30/><D30/><U55/><REACH who="1" step="1"/><E62/><REACH who="1" ten="140,330,343,177" step="2"/><V74/><F74/><W51/><G84/><T54/><D17/><U20/><E20/><V4/><F87/><W50/><G7/><T8/><D8/><U109/><E109/><V77/><F73/><W2/><G2/><T3/><D3/><U130/><E130/><V135/><F127/><W67/><G67/><T21/><D21/><U49/><E49/><V82/><F48/><W69/><G61/><T104/><D104/><U75/><E75/><V92/><F65/><W59/><G66/><T118/><D118/><U132/><E132/><V19/><F135/><W71/><G51/><T1/><D1/><U106/><E106/><V81/><F32/><W98/><G43/><T134/><D134/><U15/><AGARI ba="0,1" hai="10,11,15,16,22,33,34,35,55,58,60,88,95,99" machi="15" ten="30,7900,0" yaku="1,1,0,1,54,2,53,0" doraHai="116" doraHaiUra="36" who="1" fromWho="1" sc="140,-20,330,89,343,-39,177,-20" /><INIT seed="3,0,0,4,2,125" ten="120,419,304,157" oya="3" hai0="24,61,47,74,133,117,73,7,11,44,128,50,2" hai1="120,36,41,127,56,82,18,13,97,64,129,12,87" hai2="49,108,78,126,71,122,43,46,123,101,111,27,6" hai3="103,104,135,90,45,48,106,20,26,22,121,35,59"/><W132/><G121/><N who="2" m="46089" /><F126/><W69/><G69/><T68/><D117/><U15/><E127/><V77/><F71/><W67/><G35/><T42/><D133/><N who="3" m="51273" /><G90/><T25/><D47/><U28/><E28/><V109/><F101/><W5/><G5/><T92/><D92/><U40/><E120/><V39/><F6/><W58/><G22/><T105/><D105/><N who="3" m="40553" /><G67/><T9/><D9/><U99/><E18/><V75/><F75/><W23/><G23/><T113/><D113/><U33/><E33/><V89/><F39/><W100/><G100/><T83/><D74/><U52/><E36/><V62/><F89/><W81/><G81/><T29/><D83/><U72/><E64/><V94/><F94/><W119/><G103/><T88/><D88/><N who="1" m="51319" /><E72/><V14/><F78/><W124/><G119/><T55/><D73/><U17/><E17/><V60/><F77/><W131/><G131/><T1/><D1/><U32/><E129/><V10/><F27/><W57/><G124/><T53/><D128/><U86/><E32/><V130/><F130/><W91/><G91/><T65/><D25/><U76/><E76/><V93/><F93/><W102/><G102/><T51/><D24/><U8/><E8/><V107/><F107/><W98/><G98/><N who="1" m="37386" /><E86/><V30/><F30/><N who="3" m="17735" /><G45/><N who="0" m="25911" /><D29/><U70/><E70/><V3/><F3/><W66/><G66/><T21/><D21/><U110/><E110/><V116/><F116/><W19/><G19/><T80/><D80/><U95/><E95/><V134/><F134/><W31/><G31/><T114/><D114/><U79/><E79/><V112/><F112/><RYUUKYOKU ba="0,0" sc="120,0,419,0,304,0,157,0" hai0="2,7,11,44,51,53,55,61,65,68" hai1="12,13,15,40,41,52,56" hai2="10,14,43,46,49,60,62,108,109,111" hai3="48,57,58,59" /><INIT seed="3,1,0,3,3,104" ten="120,419,304,157" oya="3" hai0="30,2,54,116,43,36,38,102,109,62,37,87,24" hai1="3,53,49,25,94,97,60,71,57,117,108,41,34" hai2="67,98,19,75,106,40,80,135,31,103,76,33,105" hai3="119,39,21,93,18,11,6,114,10,14,52,121,85"/><W86/><G114/><T90/><D2/><U64/><E108/><V28/><F135/><W100/><G119/><T92/><D116/><U112/><E112/><V131/><F131/><W88/><G121/><T32/><D109/><U130/><E3/><V89/><F106/><W59/><G39/><T65/><D54/><U113/><E130/><V127/><F127/><W111/><G111/><T55/><D55/><U115/><E117/><V66/><F40/><W9/><G100/><T125/><D125/><U8/><E8/><V63/><F33/><W12/><G85/><T69/><REACH who="0" step="1"/><D102/><REACH who="0" ten="110,419,304,157" step="2"/><N who="1" m="60727" /><E115/><V20/><F67/><W48/><AGARI ba="1,1" hai="6,9,10,11,12,14,18,21,48,52,59,86,88,93" machi="48" ten="20,18000,2" yaku="0,1,7,1,25,2,8,1,54,2" doraHai="104" who="3" fromWho="3" sc="110,-61,419,-61,304,-61,157,193" /><INIT seed="3,2,0,1,4,72" ten="49,358,243,350" oya="3" hai0="87,43,65,134,4,112,125,62,49,108,24,102,47" hai1="61,56,31,121,7,80,21,79,113,6,74,116,84" hai2="105,109,36,3,73,23,104,106,78,82,81,46,120" hai3="8,40,9,94,2,26,132,124,25,127,97,17,20"/><W18/><G40/><T44/><D108/><U38/><E113/><V54/><F109/><W98/><G132/><T88/><D125/><N who="3" m="48201" /><G94/><T15/><D134/><U69/><E38/><V51/><F120/><W133/><G133/><T96/><D112/><U83/><E69/><V99/><F3/><W92/><G92/><T111/><D111/><U53/><E121/><V76/><F36/><W39/><G39/><T101/><D24/><N who="3" m="9321" /><G20/><T12/><D47/><U89/><E116/><V135/><F23/><W59/><G59/><T86/><D86/><U129/><E129/><V42/><F135/><W13/><G2/><T90/><D90/><U45/><E45/><V67/><F67/><W75/><G75/><T35/><D35/><U22/><REACH who="1" step="1"/><E31/><REACH who="1" ten="49,348,243,350" step="2"/><V77/><F73/><W68/><G68/><T100/><D96/><N who="3" m="36969" /><G13/><T103/><N who="0" m="25600" /><DORA hai="91" /><T95/><REACH who="0" step="1"/><D4/><AGARI ba="2,1" hai="4,6,7,21,22,53,56,61,74,79,80,83,84,89" machi="4" ten="40,2600,0" yaku="1,1,52,1,53,0" doraHai="72,91" doraHaiUra="126,115" who="1" fromWho="0" sc="49,-32,348,42,243,0,350,0" /><INIT seed="4,0,0,5,5,114" ten="17,390,243,350" oya="0" hai0="112,123,94,118,130,128,49,56,93,97,42,70,74" hai1="39,26,125,58,6,22,21,79,89,67,78,86,83" hai2="3,82,91,129,44,121,57,53,19,105,31,65,120" hai3="76,30,135,54,59,40,122,5,69,14,55,115,43"/><T15/><D74/><U50/><E39/><V16/><F105/><W28/><G69/><T2/><D2/><U33/><E33/><V13/><F3/><W132/><G115/><T95/><D70/><U73/><E125/><V113/><F113/><W90/><G76/><N who="1" m="29226" /><E73/><V117/><F129/><N who="0" m="49770" /><D112/><U47/><E6/><V8/><F117/><W34/><G122/><T37/><D123/><U68/><E68/><V4/><F31/><N who="3" m="11819" /><G34/><T63/><D37/><U25/><E58/><V29/><F29/><W98/><G14/><T46/><D15/><U119/><E119/><V99/><F121/><W35/><G5/><T126/><D126/><U66/><E26/><V20/><F4/><W18/><G18/><T23/><D23/><N who="1" m="8715" /><E25/><V131/><F120/><W116/><G116/><T133/><D118/><U92/><E92/><V107/><F107/><W85/><G98/><T0/><D0/><U75/><E75/><V41/><F131/><W61/><G55/><AGARI ba="0,0" hai="47,50,55,66,67,83,86,89" m="8715,29226" machi="55" ten="30,1000,0" yaku="8,1" doraHai="114" who="1" fromWho="3" sc="17,0,390,10,243,0,350,-10" /><INIT seed="5,0,0,0,0,30" ten="17,400,243,340" oya="1" hai0="101,82,97,63,95,70,132,120,41,26,7,51,5" hai1="98,52,122,67,107,2,1,18,68,112,92,13,113" hai2="81,43,4,59,28,118,24,91,33,106,73,126,85" hai3="121,45,65,53,105,125,29,58,134,75,66,109,116"/><U119/><E119/><V64/><F118/><W49/><G105/><T50/><D132/><U8/><E107/><V61/><F106/><W110/><G75/><T104/><D120/><U89/><E122/><V32/><F126/><W27/><G116/><T46/><D82/><U12/><E67/><V42/><F73/><W37/><G121/><T62/><D95/><U22/><E68/><V31/><F4/><W15/><G134/><T54/><D70/><U55/><E2/><V128/><F128/><W69/><G125/><T108/><D108/><U23/><E23/><V76/><F76/><W115/><G15/><T11/><D26/><AGARI ba="0,0" hai="24,26,28,31,32,33,42,43,59,61,64,81,85,91" machi="26" ten="40,5200,0" yaku="9,1,52,2" doraHai="30" who="2" fromWho="0" sc="17,-52,400,0,243,52,340,0" owari="-35,-53.5,400,50.0,295,-10.5,340,14.0" /></mjloggm>