<mjloggm ver="2.3"><GO type="225" lobby="0"/><UN n0="%EF%BC%AE%EF%BC%A1%EF%BC%AF%33%33%39" n1="%72%61%6B%33" n2="%E7%99%BD%E5%80%89%E5%AF%9B%E4%B9%8B" n3="%E5%91%A8%E6%9D%B1" dan="16,16,16,16" rate="2149.25,2070.70,2162.87,2151.19" sx="M,M,M,M"/><TAIKYOKU oya="0"/><INIT seed="0,0,0,3,4,127" ten="250,250,250,250" oya="0" hai0="70,63,3,102,115,98,47,71,74,38,133,117,124" hai1="60,19,61,20,77,58,126,44,69,129,75,5,51" hai2="65,37,83,42,10,57,107,35,95,80,1,7,103" hai3="50,113,24,56,73,105,132,93,120,12,4,33,131"/><T92/><D3/><U128/><E126/><V46/><F35/><W16/><G113/><T109/><D124/><U134/><E134/><V59/><F107/><W32/><G105/><T2/><D2/><U29/><E5/><V84/><F65/><W36/><G36/><T111/><D74/><U85/><E75/><V45/><F83/><W76/><G132/><T119/><D133/><U110/><E110/><N who="0" m="41993" /><D115/><U64/><E29/><V9/><F9/><W81/><G120/><T89/><D89/><U88/><E77/><V112/><F112/><W116/><G116/><N who="0" m="44619" /><D63/><U72/><E72/><V6/><F6/><W13/><G4/><T31/><D31/><U22/><E60/><V90/><F103/><W62/><G62/><T8/><D8/><U91/><E58/><V52/><REACH who="2" step="1"/><F80/><REACH who="2" ten="250,250,240,250" step="2"/><W39/><G81/><T96/><D102/><U40/><E20/><V104/><F104/><W18/><G33/><T67/><D67/><U54/><E54/><V41/><F41/><W125/><G32/><T123/><D123/><U25/><REACH who="1" step="1"/><E91/><REACH who="1" ten="250,240,240,250" step="2"/><V106/><F106/><W68/><G125/><T97/><D71/><U15/><E15/><V66/><F66/><W0/><G13/><T23/><D70/><U17/><E17/><V26/><F26/><W78/><G16/><T49/><D23/><U101/><E101/><V82/><F82/><AGARI ba="0,2" hai="19,22,25,40,44,51,61,64,69,82,85,88,128,129" machi="82" ten="40,8000,1" yaku="1,1,52,2,54,1,53,1" doraHai="127" doraHaiUra="43" who="1" fromWho="2" sc="250,0,240,100,240,-80,250,0" /><INIT seed="1,0,0,3,4,42" ten="250,340,160,250" oya="1" hai0="76,104,74,126,25,105,80,67,100,82,66,117,49" hai1="36,112,3,111,39,97,24,115,98,62,21,2,75" hai2="17,73,71,48,1,37,70,124,30,50,31,8,57" hai3="14,108,72,133,85,61,77,59,83,32,45,95,13"/><U20/><E62/><V109/><F37/><W44/><G32/><T0/><D0/><U5/><E24/><V131/><F73/><W54/><G133/><T90/><D117/><U64/><E75/><V18/><F124/><W118/><G118/><T102/><D25/><U43/><E43/><V99/><F109/><W63/><G108/><T79/><D49/><U113/><E111/><V114/><F131/><W51/><G63/><T120/><D67/><U6/><REACH who="1" step="1"/><E112/><REACH who="1" ten="250,330,160,250" step="2"/><V125/><F114/><W107/><G72/><N who="0" m="43015" /><D66/><AGARI ba="0,1" hai="2,3,5,6,20,21,36,39,64,66,97,98,113,115" machi="66" ten="25,4800,0" yaku="1,1,22,2,53,0" doraHai="42" doraHaiUra="56" who="1" fromWho="0" sc="250,-48,330,58,160,0,250,0" /><INIT seed="1,1,0,2,1,79" ten="202,388,160,250" oya="1" hai0="74,121,73,63,37,131,4,94,78,125,19,127,122" hai1="22,45,25,32,91,1,128,27,86,95,62,56,39" hai2="20,83,64,53,90,89,41,10,42,120,102,68,46" hai3="18,0,82,117,126,28,52,9,77,59,6,93,54"/><U100/><E128/><V58/><F120/><N who="0" m="46186" /><D37/><U57/><E1/><V30/><F68/><W107/><G126/><N who="0" m="48139" /><D4/><U24/><E32/><V130/><F130/><W108/><G108/><T75/><D63/><U47/><E56/><V34/><F34/><W48/><G117/><T60/><D60/><U87/><E39/><V81/><F102/><W29/><G107/><T61/><D61/><U109/><E109/><V71/><F71/><W55/><G55/><T80/><D19/><U50/><E100/><V8/><F64/><W101/><G18/><T98/><D131/><U105/><E105/><V11/><F46/><N who="1" m="17417" /><E50/><N who="2" m="31031" /><F20/><W135/><G54/><T7/><D7/><U118/><E118/><V132/><F30/><W92/><G135/><T14/><D14/><U65/><E87/><N who="2" m="50415" /><F132/><W67/><G67/><T13/><D13/><U113/><E113/><V123/><F123/><W103/><G103/><AGARI ba="1,0" hai="73,74,75,78,80,94,98,103" m="48139,46186" machi="103" ten="30,8000,1" yaku="13,1,18,1,34,2,52,1" doraHai="79" who="0" fromWho="3" sc="202,83,388,0,160,0,250,-83" /><INIT seed="2,0,0,1,1,55" ten="285,388,160,167" oya="2" hai0="60,101,38,85,63,135,78,124,105,80,97,10,52" hai1="2,65,39,12,125,100,61,82,116,83,74,87,129" hai2="120,42,28,130,112,71,41,27,14,40,46,114,29" hai3="118,13,115,109,4,21,96,23,102,45,24,92,67"/><V49/><F71/><W43/><G109/><T19/><D38/><U104/><E2/><V76/><F120/><W127/><G127/><T20/><D124/><U91/><E116/><V7/><F130/><W64/><G118/><T70/><D70/><U62/><E125/><V47/><F76/><W89/><G115/><T18/><D135/><U31/><E39/><V17/><F7/><W57/><G89/><T77/><D77/><U56/><E129/><V44/><F49/><N who="3" m="26815" /><G4/><T32/><D32/><U3/><E3/><V95/><F95/><W53/><G13/><T132/><D132/><U108/><E108/><V73/><F73/><W111/><G111/><T30/><D60/><U66/><E12/><V123/><F123/><W93/><G93/><T90/><D10/><U22/><E74/><V68/><F68/><W107/><G107/><T34/><D34/><U1/><E1/><V117/><F117/><W16/><G23/><T59/><REACH who="0" step="1"/><D78/><REACH who="0" ten="275,388,160,167" step="2"/><U75/><E61/><AGARI ba="0,1" hai="16,21,24,53,57,61,64,67,92,96,102" m="26815" machi="61" ten="30,3900,0" yaku="8,1,52,1,54,1" doraHai="55" who="3" fromWho="1" sc="275,0,388,-39,160,0,167,49" /><INIT seed="3,0,0,3,4,18" ten="275,349,160,216" oya="3" hai0="113,81,77,4,30,37,69,41,82,13,119,86,40" hai1="0,128,71,118,35,56,124,78,83,60,108,74,88" hai2="24,94,63,48,102,27,10,50,2,32,126,25,107" hai3="129,111,42,23,44,26,72,17,121,132,22,109,87"/><W95/><G72/><T68/><D119/><U61/><E35/><V1/><F107/><W134/><G121/><T55/><D30/><U62/><E0/><V120/><F32/><W57/><G129/><T16/><D4/><U54/><E128/><V89/><F120/><W104/><G104/><T98/><D113/><U58/><E118/><V59/><F102/><W91/><G57/><T14/><D14/><U45/><E108/><N who="3" m="41546" /><G23/><T52/><D68/><U100/><E71/><V123/><F123/><W66/><G66/><T21/><D69/><U106/><E56/><V20/><F126/><W34/><G34/><T101/><D81/><U114/><E58/><V84/><F2/><W67/><G67/><T64/><D64/><U97/><E124/><V90/><F1/><W43/><G43/><N who="0" m="16459" /><D37/><AGARI ba="0,0" hai="17,22,26,37,42,44,87,91,95,132,134" m="41546" machi="37" ten="30,5800,0" yaku="14,1,10,1,52,1" doraHai="18" who="3" fromWho="0" sc="275,-58,349,0,160,0,216,58" /><INIT seed="3,1,0,0,5,22" ten="217,349,160,274" oya="3" hai0="93,56,12,100,49,106,101,115,119,23,1,45,117" hai1="94,111,83,55,76,58,5,103,26,132,62,112,127" hai2="39,48,6,105,133,79,61,17,47,135,30,86,124" hai3="25,54,41,129,9,125,46,121,34,73,51,27,130"/><W15/><G73/><T68/><D1/><U92/><E112/><V99/><F39/><W134/><G121/><T118/><D68/><U97/><E111/><V122/><F122/><W116/><G116/><T104/><D56/><U13/><E127/><V66/><F124/><W60/><G125/><T109/><D109/><U3/><E3/><V114/><F114/><W77/><G77/><T35/><D35/><U89/><E132/><V42/><F105/><W128/><G134/><T64/><D64/><U7/><E13/><V81/><F99/><W36/><G60/><T87/><D115/><U108/><E108/><V2/><F2/><W29/><G27/><T102/><D87/><N who="1" m="48615" /><E26/><V126/><F126/><W71/><G71/><T18/><REACH who="0" step="1"/><D93/><REACH who="0" ten="207,349,160,274" step="2"/><U98/><AGARI ba="1,1" hai="5,7,55,58,62,89,92,94,97,98,103" m="48615" machi="98" ten="30,1100,0" yaku="8,1" doraHai="22" who="1" fromWho="1" sc="207,-4,349,24,160,-4,274,-6" owari="203,-19.7,373,47.3,156,-34.4,268,6.8" /></mjloggm>