<mjloggm ver="2.3"><GO type="225" lobby="0"/><UN n0="%E7%B4%94%E6%BD%94%E3%83%94%E3%83%A9%E3%83%8B%E3%82%A2" n1="%E3%81%BF%E3%81%BF%E3%81%9A" n2="%E3%83%A9%E3%82%B9%E7%8E%87%EF%BC%93%E5%89%B2" n3="%E6%98%93%E5%88%A9%E8%96%A9%E4%BC%AF" dan="16,17,17,17" rate="2189.29,2247.69,2197.14,2215.93" sx="M,M,F,F"/><TAIKYOKU oya="0"/><INIT seed="0,0,0,2,2,39" ten="250,250,250,250" oya="0" hai0="19,97,92,2,29,130,30,76,110,58,57,96,44" hai1="124,134,16,55,17,83,59,15,74,113,111,95,123" hai2="53,116,102,36,81,119,8,14,104,4,20,93,54" hai3="24,3,106,61,100,42,47,114,69,68,89,108,133"/><T73/><D2/><U50/><E123/><V22/><F104/><W23/><G108/><T40/><D110/><U26/><E111/><V103/><F81/><W82/><G3/><T66/><D130/><U131/><E131/><V64/><F64/><W46/><G133/><T105/><D105/><U86/><E134/><V129/><F36/><W118/><G118/><N who="2" m="45097" /><F129/><W27/><G47/><T115/><D115/><U48/><E74/><V25/><F22/><W21/><G100/><N who="2" m="38441" /><F93/><W5/><G106/><T6/><D6/><U99/><E113/><V101/><N who="2" m="38449" /><V128/><DORA hai="125" /><F128/><W98/><G5/><T72/><D92/><U122/><E124/><V11/><F11/><W13/><G82/><T109/><D109/><U132/><E132/><V80/><F80/><W60/><G89/><T51/><D76/><U31/><E122/><V37/><F37/><W7/><G7/><T135/><D135/><U10/><E99/><N who="0" m="37961" /><D66/><U18/><E95/><V112/><F112/><W28/><G98/><T62/><D62/><U9/><E10/><V35/><F35/><W87/><G87/><T52/><D73/><U85/><E50/><V41/><F41/><W70/><G114/><T56/><D72/><U63/><E63/><V107/><F107/><W90/><G90/><T121/><D40/><U49/><E48/><V65/><F65/><W1/><G61/><T126/><D126/><U43/><E43/><V127/><F127/><W33/><G60/><T34/><D34/><N who="1" m="20855" /><E86/><V75/><F75/><W117/><G117/><T71/><D121/><U91/><E83/><V79/><F79/><RYUUKYOKU ba="0,0" sc="250,-15,250,15,250,15,250,-15" hai1="9,15,16,17,18,49,55,59,85,91" hai2="4,8,14,20,25,53,54" /><INIT seed="1,1,0,1,2,14" ten="235,265,265,235" oya="1" hai0="49,29,135,73,59,26,92,39,103,102,22,131,21" hai1="118,18,8,44,52,120,77,2,5,24,11,9,57" hai2="7,37,82,20,62,58,30,66,104,27,56,116,112" hai3="0,46,23,75,36,4,64,108,48,132,10,100,60"/><U12/><E118/><V54/><F116/><W94/><G108/><T84/><D73/><U126/><E120/><V128/><F128/><W89/><G75/><T45/><D135/><U107/><E107/><V115/><F37/><W122/><G122/><T133/><D133/><U101/><E126/><V28/><F104/><W68/><G132/><T79/><D39/><U106/><E77/><V16/><F7/><W134/><G134/><T17/><D59/><U114/><E114/><N who="2" m="43563" /><F82/><W31/><G100/><T47/><D47/><U88/><E44/><V61/><AGARI ba="1,0" hai="16,20,27,28,30,54,56,58,61,62,66" m="43563" machi="61" ten="30,4000,0" yaku="11,1,52,1,54,1" doraHai="14" who="2" fromWho="2" sc="235,-11,265,-21,265,43,235,-11" /><INIT seed="2,0,0,0,4,15" ten="224,244,308,224" oya="2" hai0="103,4,14,66,116,56,91,112,71,68,58,74,110" hai1="113,119,132,0,5,98,8,77,19,57,130,105,43" hai2="65,1,80,86,106,95,134,104,3,115,52,60,133" hai3="47,27,61,73,88,107,26,13,97,111,92,31,100"/><V99/><F115/><W33/><G73/><T21/><D112/><U78/><E113/><V24/><F24/><W122/><G122/><T18/><D74/><U9/><E119/><V82/><F82/><W17/><G111/><T127/><D110/><U30/><E30/><V131/><F131/><W40/><G61/><T25/><D127/><U108/><E108/><V2/><F52/><W101/><G107/><T23/><D103/><U84/><E132/><N who="2" m="50795" /><F106/><W36/><REACH who="3" step="1"/><G27/><REACH who="3" ten="224,244,308,214" step="2"/><T7/><D116/><U34/><E105/><V123/><F104/><W93/><G93/><T22/><D71/><U42/><E130/><V83/><F123/><W64/><G64/><T53/><D68/><U109/><E109/><V12/><F60/><W102/><G102/><T129/><D129/><U63/><E63/><V89/><F65/><W32/><G32/><T94/><D66/><U96/><E34/><V50/><F95/><W118/><G118/><T124/><D124/><U67/><E67/><V120/><F120/><W46/><G46/><T87/><D56/><U6/><E57/><V35/><F35/><W16/><G16/><N who="0" m="10391" /><D22/><AGARI ba="0,1" hai="13,17,22,26,31,33,36,40,47,88,92,97,100,101" machi="22" ten="30,7700,0" yaku="1,1,7,1,52,1,54,1,53,0" doraHai="15" doraHaiUra="44" who="3" fromWho="0" sc="224,-77,244,0,308,0,214,87" /><INIT seed="3,0,0,3,3,68" ten="147,244,308,301" oya="3" hai0="10,128,32,22,35,114,33,115,36,49,72,116,37" hai1="112,78,98,111,104,26,124,59,84,97,92,96,121" hai2="76,88,38,46,19,73,24,34,132,39,67,131,74" hai3="105,48,63,54,17,29,134,64,125,15,102,110,55"/><W87/><G125/><T77/><D116/><U18/><E121/><V126/><F46/><W52/><G134/><T100/><D22/><U123/><E112/><N who="0" m="43049" /><D49/><U86/><E123/><V95/><F131/><W30/><G110/><T25/><D25/><U14/><E111/><V93/><F132/><W108/><G108/><T43/><D43/><U120/><E124/><V42/><F42/><W101/><G48/><T119/><D119/><U60/><E120/><V16/><F126/><W80/><G105/><T40/><D40/><U99/><E104/><V75/><F76/><N who="3" m="46471" /><G64/><T53/><D53/><U51/><E51/><V5/><F5/><W81/><G81/><N who="0" m="45223" /><D100/><N who="3" m="38505" /><G63/><T61/><D61/><U44/><E44/><V82/><F67/><W118/><G118/><T106/><D106/><U109/><E109/><V117/><F117/><W23/><AGARI ba="0,0" hai="15,17,23,29,30,52,54,55" m="38505,46471" machi="23" ten="30,3000,0" yaku="8,1,54,1" doraHai="68" who="3" fromWho="3" sc="147,-10,244,-10,308,-10,301,30" owari="137,-36.3,234,-16.6,298,9.8,331,43.1" /></mjloggm>