<mjloggm ver="2.3"><GO type="225" lobby="0"/><UN n0="%E7%B4%94%E6%BD%94%E3%83%94%E3%83%A9%E3%83%8B%E3%82%A2" n1="%E3%82%BC%E3%83%AB%E3%83%80%E3%81%AE%E4%BC%9D%E8%AA%AC" n2="%72%61%6B%33" n3="%E3%82%A4%E3%83%BC%E3%82%B1%E3%83%97%E3%83%A9" dan="16,17,16,16" rate="2188.42,2159.00,2119.53,2106.03" sx="M,M,M,M"/><TAIKYOKU oya="0"/><INIT seed="0,0,0,2,2,92" ten="250,250,250,250" oya="0" hai0="64,122,114,0,128,15,131,17,108,74,89,54,21" hai1="78,9,18,83,45,62,52,32,50,119,79,134,47" hai2="116,121,110,5,82,1,127,42,38,117,56,98,63" hai3="34,20,99,53,16,4,87,25,43,65,129,115,95"/><T102/><D74/><U72/><E119/><V130/><F110/><W6/><G115/><T59/><D114/><U24/><E134/><V23/><F121/><W91/><G129/><N who="0" m="49739" /><D122/><U7/><E79/><V55/><F130/><W36/><G34/><T96/><D0/><U111/><E111/><V123/><F123/><W30/><G65/><T104/><D108/><U39/><E62/><V107/><F127/><W101/><G36/><T58/><D64/><U105/><E105/><V66/><F23/><W88/><G43/><T41/><D41/><U90/><E90/><V26/><F26/><W86/><G53/><T103/><D103/><U71/><E71/><V44/><F82/><N who="3" m="49239" /><G30/><T28/><D89/><U29/><E18/><V2/><F66/><W22/><G22/><T10/><D54/><U69/><E69/><V46/><F46/><W60/><G60/><T12/><D28/><U68/><E68/><V14/><F117/><W27/><G27/><T120/><D120/><U40/><E39/><V49/><F38/><W135/><G135/><T61/><D61/><U13/><REACH who="1" step="1"/><E40/><REACH who="1" ten="250,240,250,250" step="2"/><V51/><F63/><W133/><G133/><T67/><D67/><U76/><E76/><V93/><F116/><W113/><G113/><T132/><D132/><U109/><E109/><V33/><F42/><W37/><G37/><T3/><D3/><U11/><E11/><V100/><F1/><W70/><G70/><T8/><D10/><U75/><E75/><V81/><F2/><W106/><G106/><T35/><D35/><U31/><E31/><V97/><F33/><W126/><G126/><RYUUKYOKU ba="0,1" sc="250,10,240,10,250,-30,250,10" hai0="8,12,15,17,21,58,59,96,102,104" hai1="7,9,13,24,29,32,45,47,50,52,72,78,83" hai3="4,6,16,20,25,87,91,95,99,101" /><INIT seed="0,1,1,1,2,54" ten="260,250,220,260" oya="0" hai0="90,69,130,66,78,127,36,0,71,115,68,2,27" hai1="14,125,126,45,103,53,121,60,19,104,75,105,92" hai2="108,97,10,100,132,135,56,25,37,89,17,101,26" hai3="133,23,79,34,33,46,24,120,20,81,76,4,87"/><T72/><D115/><U58/><E75/><V112/><F112/><W61/><G133/><T55/><D36/><U13/><E121/><V117/><F37/><W9/><G120/><T8/><D127/><N who="1" m="48651" /><E45/><V30/><F108/><W134/><G134/><N who="2" m="51241" /><F117/><W74/><G23/><T18/><D130/><U16/><E92/><N who="2" m="56463" /><F25/><W116/><G116/><T6/><D78/><U67/><E103/><V99/><F99/><W39/><G61/><T85/><D72/><U111/><E111/><V64/><F17/><N who="1" m="6729" /><E67/><V65/><F10/><W29/><G76/><T131/><D66/><N who="2" m="25706" /><F56/><W47/><G87/><T82/><D131/><U35/><E35/><AGARI ba="1,1" hai="26,30,35,100,101" m="25706,56463,51241" machi="35" ten="30,1000,0" yaku="20,1" doraHai="54" who="2" fromWho="1" sc="260,0,250,-13,220,23,260,0" /><INIT seed="1,0,0,4,5,120" ten="260,237,243,260" oya="1" hai0="128,95,111,54,20,110,56,11,60,68,67,5,99" hai1="57,53,116,78,47,43,91,104,14,29,79,102,73" hai2="98,132,105,34,80,8,119,0,18,127,32,66,51" hai3="70,13,113,46,49,87,69,2,4,25,106,124,86"/><U115/><E115/><V121/><F121/><W82/><G2/><T31/><D128/><U94/><E116/><V16/><F119/><W41/><G106/><T3/><D31/><U40/><E29/><V83/><F66/><W15/><G113/><T58/><D20/><U118/><E118/><V112/><F51/><W23/><G124/><T103/><D54/><U131/><E131/><V123/><F123/><W33/><G33/><T81/><D81/><U72/><E72/><V125/><F112/><W63/><G87/><T109/><AGARI ba="0,0" hai="3,5,11,56,58,60,67,68,95,99,103,109,110,111" machi="109" ten="30,8000,1" yaku="0,1,14,1,52,3" doraHai="120" who="0" fromWho="0" sc="260,80,237,-40,243,-20,260,-20" /><INIT seed="2,0,0,1,3,25" ten="340,197,223,240" oya="2" hai0="125,110,134,24,95,32,117,60,114,28,67,17,21" hai1="4,75,82,84,116,107,79,69,14,47,44,38,61" hai2="92,30,76,46,18,111,88,132,27,31,16,5,3" hai3="109,15,12,106,108,70,0,36,77,33,121,91,72"/><V13/><F132/><W55/><G121/><T126/><D134/><U8/><E116/><V48/><F111/><N who="3" m="42571" /><G0/><T80/><D110/><U7/><E107/><V120/><F120/><W74/><G106/><T39/><D39/><U90/><E38/><V86/><F3/><W89/><G36/><T40/><D40/><U56/><E7/><V123/><F123/><W41/><G41/><T96/><D80/><U104/><E69/><V93/><F76/><W10/><G70/><T85/><D85/><U50/><E104/><V94/><F5/><W53/><G15/><T23/><D114/><U113/><E50/><V135/><F135/><W42/><G42/><T118/><D67/><U62/><E113/><V73/><F73/><N who="3" m="28267" /><G77/><T1/><D60/><U9/><E9/><N who="2" m="6191" /><F18/><N who="3" m="8471" /><G33/><T124/><D1/><U37/><E37/><V51/><F51/><W122/><G122/><T127/><D127/><U98/><E61/><V100/><F27/><W64/><G64/><T54/><D54/><AGARI ba="0,0" hai="53,54,55,89,91" m="8471,28267,42571" machi="54" ten="30,1000,0" yaku="14,1" doraHai="25" who="3" fromWho="0" sc="340,-10,197,0,223,0,240,10" /><INIT seed="3,0,0,2,0,80" ten="330,197,223,250" oya="3" hai0="78,11,92,89,108,56,96,77,115,102,16,103,19" hai1="75,30,50,113,72,122,24,118,126,87,52,106,65" hai2="131,55,105,81,94,57,2,13,134,112,117,119,61" hai3="12,86,18,29,88,27,95,107,67,104,66,10,85"/><W101/><G86/><T69/><D69/><U135/><E113/><V51/><F2/><W110/><G110/><T54/><D108/><U71/><E122/><V60/><F105/><W82/><G107/><T127/><D127/><U133/><E106/><V43/><F112/><W32/><REACH who="3" step="1"/><G82/><REACH who="3" ten="330,197,223,240" step="2"/><T125/><D115/><U129/><E126/><V48/><F81/><W0/><G0/><T23/><D125/><U41/><E118/><V100/><F119/><W114/><G114/><T64/><D78/><U124/><E124/><V99/><F117/><W98/><AGARI ba="0,1" hai="10,12,18,27,29,32,66,67,85,88,95,98,101,104" machi="98" ten="30,11700,0" yaku="1,1,0,1,52,1,54,1,53,0" doraHai="80" doraHaiUra="38" who="3" fromWho="3" sc="330,-39,197,-39,223,-39,240,127" owari="291,9.1,158,-34.2,184,-21.6,367,46.7" /></mjloggm>