<mjloggm ver="2.3"><GO type="169" lobby="0"/><UN n0="%E6%9C%88%E5%A4%9C%E3%81%AB%E9%A2%A8" n1="%4C%61%72%72%6B" n2="%E7%B1%B3%E3%81%BC%E3%81%86%E3%82%84%E3%81%8F%E3%82%93" n3="%E2%97%8E%E3%82%88%E3%81%97%E2%97%8E" dan="16,16,16,17" rate="2080.01,2149.52,2187.28,2162.31" sx="M,M,M,M"/><TAIKYOKU oya="0"/><INIT seed="0,0,0,5,2,133" ten="250,250,250,250" oya="0" hai0="73,122,86,2,26,47,61,70,30,45,8,87,59" hai1="128,44,28,38,51,127,116,27,21,42,71,36,37" hai2="135,113,24,104,56,58,84,6,91,12,80,0,93" hai3="46,34,67,76,72,78,49,4,40,83,106,16,52"/><T22/><D73/><U105/><E116/><V48/><F104/><W17/><G106/><T9/><D122/><U125/><E105/><V65/><F113/><W124/><G34/><T57/><D70/><U74/><E71/><V11/><F135/><W121/><G121/><T14/><D2/><U66/><E66/><V5/><F0/><W62/><G124/><N who="1" m="47690" /><E74/><V109/><F109/><W63/><G4/><T7/><D8/><U97/><E97/><V15/><F24/><W54/><G76/><T10/><D10/><U77/><E77/><V126/><F15/><W100/><G100/><T79/><D57/><U50/><E50/><V75/><F6/><W3/><G3/><T23/><D23/><U31/><E128/><V39/><F65/><W92/><G92/><T81/><REACH who="0" step="1"/><D87/><REACH who="0" ten="240,250,250,250" step="2"/><U89/><E89/><V18/><F84/><W112/><G72/><T132/><D132/><U103/><E103/><V82/><F91/><W69/><G69/><T108/><D108/><U32/><E32/><V102/><F75/><W134/><G134/><T99/><D99/><U107/><E107/><V114/><F126/><W85/><G85/><T96/><D96/><U64/><E64/><AGARI ba="0,1" hai="7,9,14,22,26,30,45,47,59,61,64,79,81,86" machi="64" ten="30,5800,0" yaku="1,1,7,1,8,1,53,0" doraHai="133" doraHaiUra="111" who="0" fromWho="1" sc="240,68,250,-58,250,0,250,0" /><INIT seed="0,1,0,5,1,55" ten="308,192,250,250" oya="0" hai0="110,13,45,111,114,102,51,65,20,41,113,83,85" hai1="135,33,58,44,8,126,123,80,106,122,12,100,97" hai2="90,11,64,72,101,73,24,112,59,42,56,94,50" hai3="2,52,98,37,107,53,134,125,127,36,22,61,104"/><T14/><D102/><U27/><E126/><N who="3" m="48138" /><G2/><T19/><D13/><U74/><E135/><V71/><F112/><W5/><G5/><T38/><D38/><N who="3" m="14953" /><G98/><T92/><D92/><U128/><E128/><V129/><F129/><W26/><G134/><T1/><D65/><U121/><E44/><V10/><F101/><W32/><G32/><T115/><REACH who="0" step="1"/><D1/><REACH who="0" ten="298,192,250,250" step="2"/><U68/><E12/><V99/><F64/><W70/><G70/><T63/><D63/><U109/><E68/><V54/><F94/><W79/><G61/><T66/><D66/><U81/><E100/><V76/><F71/><W9/><G107/><T15/><D15/><U78/><E106/><V82/><F24/><W29/><G104/><T30/><D30/><U95/><E27/><V18/><F50/><W133/><G133/><T25/><D25/><U21/><E123/><V67/><F67/><W130/><G130/><T23/><D23/><U4/><E21/><V105/><F105/><W117/><G22/><T84/><D84/><U31/><E122/><V60/><F60/><W87/><G26/><T6/><D6/><U17/><E31/><V7/><F7/><W108/><G29/><T124/><D124/><U88/><E4/><V69/><F69/><W47/><G9/><T3/><D3/><U131/><E8/><V75/><F11/><W57/><G87/><T39/><D39/><U49/><E131/><V16/><F10/><W43/><G117/><T103/><D103/><U35/><E121/><V62/><F62/><W120/><G120/><T34/><D34/><U119/><E33/><V118/><F118/><RYUUKYOKU ba="1,1" sc="298,30,192,-10,250,-10,250,-10" hai0="14,19,20,41,45,51,83,85,110,111,113,114,115" /><INIT seed="0,2,1,3,5,39" ten="328,182,240,240" oya="0" hai0="108,107,118,113,26,34,93,16,9,23,73,55,82" hai1="37,103,124,100,134,121,131,64,22,5,30,13,125" hai2="135,129,52,43,46,98,67,51,61,20,122,49,110" hai3="17,123,18,47,87,62,102,86,106,83,112,41,80"/><T90/><D113/><U0/><E121/><V15/><F122/><W54/><G123/><T10/><D118/><U109/><E64/><V14/><F110/><W76/><G112/><T89/><D107/><U130/><E109/><V126/><F126/><N who="1" m="48745" /><E37/><V53/><F135/><W66/><G54/><T50/><D108/><U28/><E100/><V120/><F120/><W2/><G2/><T6/><D34/><U74/><E74/><V81/><F129/><N who="1" m="49161" /><E103/><V27/><F98/><W58/><G102/><T38/><D38/><U94/><E94/><V44/><F81/><W105/><G106/><T114/><D114/><U48/><E48/><V19/><F53/><W91/><REACH who="3" step="1"/><G105/><REACH who="3" ten="328,182,240,230" step="2"/><T8/><D55/><U133/><E0/><V12/><REACH who="2" step="1"/><F14/><REACH who="2" ten="328,182,230,230" step="2"/><W33/><G33/><T111/><D111/><U127/><E127/><V72/><F72/><W35/><G35/><T70/><D73/><U101/><E101/><V99/><F99/><W36/><AGARI ba="2,3" hai="17,18,36,41,47,58,62,66,76,80,83,86,87,91" machi="36" ten="20,5200,0" yaku="1,1,0,1,7,1,52,1,53,0" doraHai="39" doraHaiUra="88" who="3" fromWho="3" sc="328,-28,182,-15,230,-15,230,88" /><INIT seed="1,0,0,4,1,121" ten="300,167,215,318" oya="1" hai0="116,38,129,21,60,83,45,42,17,52,101,41,79" hai1="27,16,11,87,8,46,4,119,23,49,114,110,96" hai2="9,76,13,35,37,109,113,111,18,14,91,71,100" hai3="19,58,135,57,72,1,32,122,36,62,68,94,29"/><U112/><E119/><V99/><F35/><W55/><G122/><T20/><D129/><U98/><E98/><V86/><F71/><W117/><G72/><T125/><D125/><U43/><E11/><V132/><F37/><W84/><G36/><T47/><D101/><U22/><E22/><V64/><F64/><W59/><G1/><T128/><D128/><U92/><E87/><V66/><F66/><W108/><G29/><T2/><D2/><U73/><E73/><V0/><F76/><W81/><G32/><T50/><D116/><U70/><E70/><V63/><BYE who="1" /><F63/><UN n1="%4C%61%72%72%6B" /><W88/><G117/><T78/><D83/><U74/><E74/><V106/><F132/><W31/><G31/><T15/><REACH who="0" step="1"/><D21/><REACH who="0" ten="290,167,215,318" step="2"/><U130/><E130/><V51/><F0/><W34/><G34/><T67/><D67/><U28/><E114/><V131/><F113/><W7/><G135/><T75/><D75/><U48/><E112/><V102/><F102/><W61/><G81/><T82/><D82/><U33/><E33/><V93/><F131/><W127/><G127/><T30/><D30/><U124/><E124/><V77/><F77/><W40/><G68/><T107/><D107/><U12/><E28/><V44/><REACH who="2" step="1"/><F14/><REACH who="2" ten="290,167,205,318" step="2"/><W97/><G62/><T104/><D104/><U85/><E49/><V39/><F39/><W105/><G105/><T69/><D69/><U25/><E48/><V3/><F3/><W95/><G61/><T54/><D54/><AGARI ba="0,2" hai="9,13,18,44,51,54,86,91,93,99,100,106,109,111" machi="54" ten="40,8000,1" yaku="1,1,52,2,53,2" doraHai="121" doraHaiUra="123" who="2" fromWho="0" sc="290,-80,167,0,205,100,318,0" /><INIT seed="2,0,0,2,4,44" ten="210,167,305,318" oya="2" hai0="49,24,133,43,67,2,112,11,113,71,135,82,128" hai1="88,106,60,83,40,87,6,78,85,111,72,7,105" hai2="99,10,131,17,61,86,50,90,134,107,130,59,81" hai3="36,103,22,132,57,35,102,65,109,12,126,9,48"/><V108/><F134/><N who="0" m="51210" /><D82/><N who="1" m="45383" /><E60/><V26/><F108/><W122/><G122/><T127/><D127/><U42/><E40/><V123/><F123/><W121/><G35/><T47/><D24/><U8/><E42/><V52/><F107/><N who="1" m="40969" /><E8/><V104/><F104/><W55/><G109/><T119/><D119/><U20/><E20/><V94/><F61/><W91/><G126/><T21/><D21/><U77/><E6/><V96/><F96/><W124/><G124/><T125/><D125/><U98/><E7/><V34/><F10/><W93/><G36/><T13/><D128/><U1/><E1/><V116/><F116/><W114/><G121/><T101/><D2/><U70/><E70/><V25/><F17/><W0/><G114/><T31/><D31/><U62/><E62/><V53/><F53/><W100/><G132/><T97/><D67/><U54/><E54/><V110/><F110/><W69/><G69/><T89/><D71/><U64/><E64/><V4/><F4/><W51/><G65/><T37/><D37/><U33/><E33/><V23/><F23/><W39/><G39/><T75/><D11/><U16/><E16/><V41/><F41/><W15/><G0/><T68/><D43/><U74/><E111/><V66/><F66/><W3/><G3/><T38/><D38/><U58/><E58/><V30/><REACH who="2" step="1"/><F26/><REACH who="2" ten="210,167,295,318" step="2"/><W14/><G22/><T56/><D113/><U5/><E5/><V63/><F63/><N who="3" m="36287" /><G9/><T27/><D27/><U76/><E76/><AGARI ba="0,1" hai="25,30,34,50,52,59,76,81,86,90,94,99,130,131" machi="76" ten="40,12000,1" yaku="1,1,52,1,54,1,53,1" doraHai="44" doraHaiUra="79" who="2" fromWho="1" sc="210,0,167,-120,295,130,318,0" /><INIT seed="2,1,0,0,0,22" ten="210,47,425,318" oya="2" hai0="28,64,12,49,90,122,32,82,73,41,39,132,35" hai1="117,112,27,51,29,126,118,116,56,96,16,119,65" hai2="44,20,50,100,77,129,13,45,5,85,2,47,107" hai3="23,74,4,88,66,25,62,125,99,75,52,48,60"/><V128/><F2/><W115/><G125/><T124/><D122/><U95/><N who="1" m="29696" /><DORA hai="59" /><U69/><E112/><V94/><F107/><W105/><G115/><T98/><D124/><U76/><E126/><V34/><F34/><W106/><G4/><T42/><D132/><U67/><E76/><V18/><F5/><W133/><G133/><T11/><D39/><U55/><E16/><V87/><F50/><W84/><G75/><T36/><D36/><U104/><E104/><V109/><F109/><W113/><G74/><T111/><D98/><U134/><E69/><V40/><F40/><W7/><G7/><T63/><D49/><U10/><E10/><V0/><F0/><W54/><G113/><T92/><D111/><U108/><E134/><V6/><F6/><W1/><G1/><T15/><D92/><U21/><REACH who="1" step="1"/><E108/><REACH who="1" ten="210,37,425,318" step="2"/><V72/><F77/><W135/><G135/><T130/><D11/><U37/><E37/><V24/><F13/><W91/><G105/><T93/><D12/><U103/><AGARI ba="1,1" hai="21,27,29,51,55,56,65,67,95,96,103" m="29696" machi="103" ten="60,7900,0" yaku="1,1,0,1,52,1,53,0" doraHai="22,59" doraHaiUra="8,123" who="1" fromWho="1" sc="210,-21,37,92,425,-40,318,-21" /><INIT seed="3,0,0,3,1,58" ten="189,129,385,297" oya="3" hai0="33,74,67,1,79,3,112,35,57,55,104,89,131" hai1="81,41,97,34,69,106,14,18,78,129,107,126,110" hai2="26,24,77,122,83,29,120,0,60,37,39,43,75" hai3="85,96,127,90,45,63,119,38,20,8,12,40,64"/><W54/><G127/><T115/><D104/><U44/><E34/><N who="0" m="12809" /><D67/><U113/><E113/><N who="0" m="43593" /><D131/><U9/><E129/><V53/><F0/><N who="0" m="74" /><D89/><U71/><E126/><V59/><F26/><W82/><G119/><T99/><D99/><U50/><E110/><V4/><F4/><W7/><G96/><T19/><D19/><U13/><E13/><V95/><F95/><W6/><G54/><T116/><D116/><U25/><E25/><V76/><F43/><W65/><G20/><T56/><D55/><U130/><E130/><V27/><F27/><W23/><G23/><T47/><D47/><U86/><REACH who="1" step="1"/><E107/><REACH who="1" ten="189,119,385,297" step="2"/><V62/><F24/><W100/><BYE who="1" /><G65/><UN n1="%4C%61%72%72%6B" /><T15/><D15/><U102/><AGARI ba="0,1" hai="9,14,18,41,44,50,69,71,78,81,86,97,102,106" machi="102" ten="30,7900,0" yaku="1,1,2,1,0,1,53,1" doraHai="58" doraHaiUra="10" who="1" fromWho="1" sc="189,-20,119,89,385,-20,297,-39" /><INIT seed="4,0,0,2,3,28" ten="169,208,365,258" oya="0" hai0="20,23,6,115,132,113,26,131,29,108,129,0,92" hai1="134,82,121,83,102,76,106,117,89,34,71,5,24" hai2="7,38,8,126,61,42,46,127,78,59,37,105,40" hai3="135,104,55,99,84,91,57,53,109,16,97,100,49"/><T36/><D36/><U116/><E71/><V124/><F105/><W96/><G135/><T67/><D67/><U44/><E5/><V52/><F78/><W45/><G109/><T88/><D132/><U103/><E44/><N who="2" m="23567" /><F8/><W12/><G55/><T35/><D108/><U19/><E134/><V87/><F87/><W47/><G47/><T86/><D6/><AGARI ba="0,0" hai="6,7,38,42,46,52,59,61,124,126,127" m="23567" machi="6" ten="30,2000,0" yaku="18,1,54,1" doraHai="28" who="2" fromWho="0" sc="169,-20,208,0,365,20,258,0" /><INIT seed="5,0,0,3,2,60" ten="149,208,385,258" oya="1" hai0="126,104,113,72,51,40,67,132,15,11,98,88,28" hai1="134,122,82,42,120,35,130,7,69,27,18,90,106" hai2="78,54,76,100,92,6,117,53,36,46,9,52,48" hai3="103,26,89,95,5,85,59,109,0,86,41,21,29"/><U133/><E69/><V84/><F117/><W20/><G109/><T50/><D113/><U83/><E106/><V1/><F36/><W107/><G41/><T25/><D126/><U102/><E102/><V24/><F24/><W99/><G5/><T70/><D132/><N who="1" m="50795" /><E42/><V12/><F1/><W47/><G0/><T74/><D104/><U124/><E7/><V121/><F121/><W55/><G47/><T75/><D40/><U58/><E124/><V108/><F108/><W114/><G114/><T32/><D70/><U44/><E44/><V39/><F39/><W119/><G119/><T13/><D67/><U131/><E58/><V118/><F118/><W112/><G112/><T4/><REACH who="0" step="1"/><D15/><REACH who="0" ten="139,208,385,258" step="2"/><U45/><E120/><V17/><F54/><W63/><G107/><T125/><D125/><U23/><E122/><V129/><F53/><W19/><G103/><T96/><D96/><U37/><E131/><V56/><F129/><W128/><G128/><T123/><D123/><U80/><E130/><V97/><F97/><W116/><G116/><T66/><D66/><U8/><E37/><V73/><F12/><AGARI ba="0,1" hai="12,19,20,21,26,29,55,59,63,85,86,89,95,99" machi="12" ten="30,2000,0" yaku="7,1,8,1" doraHai="60" who="3" fromWho="2" sc="139,0,208,0,385,-20,258,30" /><INIT seed="6,0,0,3,0,112" ten="139,208,365,288" oya="2" hai0="119,29,23,97,32,63,16,117,125,4,72,77,48" hai1="71,127,100,20,59,33,73,47,21,87,111,12,103" hai2="105,101,122,113,133,58,68,43,81,60,55,22,39" hai3="75,57,28,82,76,130,91,95,6,1,110,104,114"/><V37/><F122/><W15/><G1/><T79/><D125/><U88/><E71/><V14/><F105/><W78/><G28/><T10/><D48/><U18/><E33/><V24/><F101/><W108/><G57/><T98/><D63/><U26/><E111/><N who="3" m="42538" /><G15/><N who="0" m="9631" /><D98/><U90/><E73/><V25/><F25/><W128/><G6/><T61/><D61/><U85/><E127/><V9/><F24/><W120/><G120/><T36/><D97/><U109/><E109/><V93/><F22/><W67/><G67/><T45/><D29/><U38/><E38/><V124/><F60/><W69/><G69/><T70/><D70/><U49/><E59/><V115/><F58/><W92/><G104/><T52/><D52/><N who="1" m="29759" /><E85/><V102/><F39/><W31/><G31/><T62/><D62/><U54/><E54/><V30/><F30/><W86/><G114/><T135/><D135/><U56/><E56/><V129/><F133/><W126/><G126/><T132/><D32/><U83/><E90/><V123/><F37/><W94/><G76/><T89/><D89/><U40/><E40/><V134/><F124/><W107/><G107/><T96/><D132/><U74/><E74/><V51/><F43/><W65/><G65/><T19/><D96/><U42/><E42/><V121/><F68/><W53/><G53/><T118/><D72/><U46/><E46/><N who="2" m="28151" /><F123/><W66/><G66/><T7/><D19/><AGARI ba="0,0" hai="12,18,19,20,21,26,83,87,88,100,103" m="29759" machi="19" ten="30,3900,0" yaku="8,1,54,2" doraHai="112" who="1" fromWho="0" sc="139,-39,208,39,365,0,288,0" /><INIT seed="7,0,0,4,3,67" ten="100,247,365,288" oya="3" hai0="111,45,105,112,73,99,51,9,57,76,106,16,110" hai1="28,93,58,14,127,135,54,37,40,43,44,94,92" hai2="125,113,2,114,0,6,97,102,20,126,75,34,84" hai3="3,100,5,132,72,109,18,63,130,53,107,80,10"/><W33/><G33/><T124/><D124/><N who="2" m="47722" /><F75/><W91/><G18/><T82/><D112/><N who="2" m="43114" /><F34/><W22/><G22/><T74/><D57/><U29/><E135/><V7/><F84/><W66/><G72/><T62/><D62/><U83/><E127/><V68/><F68/><W78/><G63/><T39/><D39/><U81/><E40/><V4/><F20/><W131/><G132/><T104/><D73/><U133/><E133/><V86/><F86/><W17/><G78/><T42/><D99/><U55/><E14/><V120/><F120/><W38/><G80/><T24/><D24/><U96/><E96/><V117/><F117/><W52/><G130/><T12/><REACH who="0" step="1"/><D42/><REACH who="0" ten="90,247,365,288" step="2"/><U46/><E58/><V23/><F23/><W103/><G38/><T11/><D11/><U36/><E36/><V15/><F15/><W122/><G10/><T32/><D32/><U64/><E43/><V79/><F79/><W71/><G122/><T50/><D50/><U69/><E37/><V116/><F116/><W21/><G21/><T35/><D35/><U98/><E98/><V85/><F85/><W47/><G131/><T119/><D119/><U65/><E28/><V134/><F134/><W87/><G87/><T70/><D70/><U48/><E29/><V59/><F59/><W27/><G71/><T123/><D123/><U77/><E69/><V128/><F128/><W56/><G56/><T13/><D13/><U31/><E31/><V60/><F60/><W108/><G109/><T25/><D25/><U41/><E48/><V61/><F61/><W19/><G108/><T8/><D8/><RYUUKYOKU ba="0,1" sc="90,15,247,-15,365,15,288,-15" hai0="9,12,16,45,51,74,76,82,104,105,106,110,111" hai2="0,2,4,6,7,97,102" owari="105,-39.5,232,-16.8,390,49.0,273,7.3" /></mjloggm>