<mjloggm ver="2.3"><GO type="169" lobby="0"/><UN n0="%E2%97%8E%E3%82%88%E3%81%97%E2%97%8E" n1="%E3%83%87%E3%83%A9%E3%82%B3%E3%83%83%E3%82%B3" n2="%E3%82%89%E3%81%84%E3%81%B5%E3%81%8C%E3%83%BC%E3%81%A9%E3%81%99%E3%81%8D" n3="%E5%B1%B1%E6%9C%AC%E6%83%A3%E4%B8%80%E6%9C%97" dan="17,16,17,17" rate="2170.83,2137.26,2093.90,2181.26" sx="M,M,M,M"/><TAIKYOKU oya="0"/><INIT seed="0,0,0,5,3,78" ten="250,250,250,250" oya="0" hai0="134,121,113,22,87,74,38,42,21,90,2,28,24" hai1="79,71,92,111,115,103,80,126,84,31,20,120,66" hai2="68,12,85,94,110,104,118,109,52,77,129,99,1" hai3="133,59,18,69,75,102,8,41,35,32,26,48,3"/><T14/><D121/><U23/><E120/><V39/><F1/><W10/><G69/><T16/><D113/><U101/><E115/><V53/><F129/><W82/><G133/><T116/><D134/><U98/><E111/><N who="2" m="42507" /><F39/><W60/><G102/><T47/><D2/><U127/><E103/><N who="2" m="62591" /><F68/><W130/><G130/><T86/><D116/><U93/><E93/><V34/><F34/><W107/><G107/><T105/><D105/><U76/><E76/><V49/><F118/><W128/><G128/><T19/><D74/><U106/><E106/><V81/><F12/><W114/><G114/><T65/><D65/><U44/><E44/><V132/><F132/><W64/><G3/><T55/><D55/><U135/><E31/><V124/><F124/><N who="1" m="47657" /><E135/><V89/><F49/><W63/><G48/><T97/><REACH who="0" step="1"/><D28/><REACH who="0" ten="240,250,250,250" step="2"/><U73/><E73/><AGARI ba="0,1" hai="52,53,73,77,81,85,89,94" m="62591,42507" machi="73" ten="30,7700,0" yaku="24,1,14,1,52,1,54,1" doraHai="78" who="2" fromWho="1" sc="240,0,250,-77,250,87,250,0" /><INIT seed="1,0,0,0,5,2" ten="240,173,337,250" oya="1" hai0="131,21,16,84,75,13,41,108,124,81,46,54,31" hai1="5,129,68,51,125,66,80,42,39,126,53,27,28" hai2="134,120,90,105,61,18,112,103,65,83,45,135,32" hai3="11,52,118,111,128,36,115,1,55,43,22,104,132"/><U33/><E129/><V56/><F120/><W87/><G115/><T76/><D108/><U15/><E80/><V96/><F112/><W82/><G104/><T114/><D114/><U71/><E42/><V8/><F32/><W109/><G128/><T98/><D131/><U25/><E25/><V4/><F45/><N who="3" m="23783" /><G22/><T38/><D124/><N who="1" m="47723" /><E66/><V73/><F18/><W58/><G132/><T67/><D67/><U123/><E39/><V0/><REACH who="2" step="1"/><F90/><REACH who="2" ten="240,173,327,250" step="2"/><N who="3" m="51575" /><G118/><T77/><D31/><U97/><E123/><V133/><F133/><W64/><G111/><T12/><D76/><AGARI ba="0,1" hai="0,4,8,56,61,65,73,76,83,96,103,105,134,135" machi="76" ten="40,5200,0" yaku="1,1,52,1,53,1" doraHai="2" doraHaiUra="101" who="2" fromWho="0" sc="240,-52,173,0,327,62,250,0" /><INIT seed="2,0,0,5,3,70" ten="188,173,389,250" oya="2" hai0="59,106,11,29,26,89,71,23,34,44,83,39,131" hai1="66,107,8,60,133,117,97,18,132,43,62,99,65" hai2="101,128,55,74,51,114,126,53,25,112,3,40,109" hai3="49,64,69,78,9,37,32,100,6,47,96,103,122"/><V4/><F74/><W50/><G122/><T134/><D71/><U63/><E117/><V56/><F128/><W52/><G32/><T61/><D106/><U95/><E107/><V24/><F126/><W94/><G78/><T5/><D131/><U129/><E129/><V58/><F101/><W113/><G113/><T91/><D134/><N who="1" m="51819" /><E43/><V121/><F121/><W21/><G21/><T111/><D111/><U81/><E81/><V10/><F109/><W90/><G37/><T1/><D83/><U12/><E99/><V30/><F40/><W54/><G64/><T72/><D72/><U45/><E45/><V0/><F0/><W105/><G69/><T42/><REACH who="0" step="1"/><D34/><REACH who="0" ten="178,173,389,250" step="2"/><U19/><E19/><V79/><F114/><W16/><G105/><T85/><D85/><U108/><E108/><V125/><F112/><W36/><G16/><T20/><D20/><U48/><E48/><V67/><F51/><W110/><G110/><T93/><D93/><U98/><E98/><V2/><F30/><W41/><G49/><T86/><D86/><U22/><E22/><V120/><F120/><W73/><G73/><T88/><D88/><AGARI ba="0,1" hai="8,12,18,60,62,63,65,66,88,95,97" m="51819" machi="88" ten="30,2000,0" yaku="20,1,54,1" doraHai="70" who="1" fromWho="0" sc="178,-20,173,30,389,0,250,0" /><INIT seed="3,0,0,5,4,89" ten="158,203,389,250" oya="3" hai0="25,129,50,118,23,59,62,22,55,131,108,44,58" hai1="6,72,110,123,20,51,92,119,12,56,76,60,121" hai2="8,42,90,111,120,34,106,64,61,67,48,70,128" hai3="37,132,86,5,46,116,52,7,4,41,82,57,14"/><W31/><G132/><T28/><D118/><U84/><E110/><V68/><F111/><W19/><G31/><T103/><D108/><U69/><E119/><V133/><F34/><W2/><G2/><T85/><D59/><U74/><E69/><V71/><F106/><W3/><G3/><T16/><D103/><U77/><E51/><V93/><F133/><W21/><G116/><T39/><D85/><U104/><E104/><V102/><F102/><W1/><G1/><T122/><D39/><U0/><E0/><V13/><F128/><W87/><REACH who="3" step="1"/><G82/><REACH who="3" ten="158,203,389,240" step="2"/><T98/><D122/><U99/><E123/><V35/><F120/><W15/><G15/><T97/><D129/><U36/><E12/><V33/><F13/><W78/><G78/><T126/><D131/><U80/><E77/><V130/><F130/><W27/><G27/><N who="0" m="14791" /><D126/><U107/><E76/><V83/><F83/><W10/><G10/><T53/><AGARI ba="0,1" hai="23,25,28,44,50,53,55,58,62,97,98" m="14791" machi="53" ten="30,2000,0" yaku="8,1,54,1" doraHai="89" who="0" fromWho="0" sc="158,30,203,-5,389,-5,240,-10" /><INIT seed="4,0,0,3,3,64" ten="188,198,384,230" oya="0" hai0="87,65,32,59,38,48,112,40,51,90,10,86,33" hai1="130,98,113,124,5,9,70,2,118,75,115,111,88" hai2="56,7,132,35,69,15,108,31,11,74,55,129,28" hai3="27,52,97,120,22,68,95,18,71,29,13,128,100"/><T16/><D112/><N who="1" m="43083" /><E118/><V134/><F108/><W57/><G128/><T101/><D38/><U105/><E111/><V81/><F69/><W61/><REACH who="3" step="1"/><G120/><REACH who="3" ten="188,198,384,220" step="2"/><T117/><D117/><U102/><E130/><V17/><F129/><W94/><G94/><T83/><D33/><AGARI ba="0,1" hai="13,18,22,27,29,33,52,57,61,68,71,95,97,100" machi="33" ten="30,12000,2" yaku="1,1,7,1,52,2,54,1,53,1" doraHai="64" doraHaiUra="91" who="3" fromWho="0" sc="188,-120,198,0,384,0,220,130" /><INIT seed="5,0,0,3,0,66" ten="68,198,384,350" oya="1" hai0="92,126,9,109,3,49,27,4,34,55,11,54,110" hai1="77,72,81,132,123,87,15,122,48,53,36,131,67" hai2="117,32,129,63,135,105,28,69,98,94,104,0,6" hai3="103,40,89,115,10,95,23,120,22,29,43,125,100"/><U25/><E131/><V17/><F117/><W51/><G120/><T7/><D126/><U5/><E132/><V74/><F74/><W39/><G39/><T60/><D92/><U134/><E134/><V102/><F135/><W35/><G35/><T47/><D55/><U31/><E36/><V119/><F119/><W97/><G125/><T75/><D75/><U45/><E72/><V62/><F129/><W118/><G115/><T96/><D96/><U8/><REACH who="1" step="1"/><E67/><REACH who="1" ten="68,188,384,350" step="2"/><V33/><F105/><W76/><G118/><T26/><D109/><U111/><E111/><V88/><F104/><W59/><G40/><T90/><D110/><U112/><E112/><V107/><F107/><W2/><G43/><T50/><D34/><AGARI ba="0,1" hai="5,8,15,25,31,34,45,48,53,77,81,87,122,123" machi="34" ten="30,2900,0" yaku="1,1,7,1,53,0" doraHai="66" doraHaiUra="37" who="1" fromWho="0" sc="68,-29,188,39,384,0,350,0" /><INIT seed="5,1,0,4,1,73" ten="39,227,384,350" oya="1" hai0="81,40,18,106,74,78,88,98,84,34,120,61,52" hai1="2,64,115,36,100,71,90,83,72,75,123,92,113" hai2="21,82,63,70,55,44,41,22,58,129,53,5,26" hai3="103,94,35,4,117,6,25,110,9,7,116,118,91"/><U87/><E2/><V12/><F129/><W105/><G110/><T132/><D34/><U65/><E36/><V38/><F70/><W79/><G105/><T89/><D132/><U102/><E71/><V99/><F99/><W119/><G103/><N who="1" m="39466" /><E65/><V1/><F1/><W130/><G130/><T48/><D120/><U69/><E64/><V66/><F82/><W107/><G107/><T68/><D68/><U101/><E69/><V127/><F127/><W124/><G124/><T43/><D106/><U30/><E30/><V45/><F45/><W122/><G122/><T59/><D74/><N who="1" m="28203" /><E123/><V62/><F62/><W50/><G50/><T97/><D18/><U47/><E47/><V56/><F56/><W32/><G79/><T112/><D112/><N who="1" m="43083" /><E101/><V27/><F12/><W114/><G114/><T16/><D16/><U95/><AGARI ba="1,0" hai="83,87,90,92,95" m="43083,28203,39466" machi="95" ten="40,7800,0" yaku="15,1,34,2" doraHai="73" who="1" fromWho="1" sc="39,-27,227,81,384,-27,350,-27" /><INIT seed="5,2,0,2,1,2" ten="12,308,357,323" oya="1" hai0="64,111,88,45,19,55,75,20,110,95,127,74,39" hai1="65,112,35,131,17,40,85,23,93,25,122,116,135" hai2="98,133,103,90,42,47,1,14,68,59,107,118,109" hai3="129,106,6,21,130,94,29,92,102,83,3,86,18"/><U89/><E116/><V87/><F118/><W50/><G29/><T46/><D127/><U124/><E124/><V84/><F109/><W60/><G60/><T49/><D64/><U4/><E122/><V108/><F108/><W70/><G70/><T61/><D110/><U51/><E112/><V105/><F68/><W15/><G50/><T52/><D111/><U9/><E131/><N who="3" m="50186" /><G106/><T80/><D80/><U125/><E125/><V104/><F1/><W113/><G102/><T114/><D114/><U38/><E135/><V81/><F133/><W79/><G113/><T56/><D39/><U101/><E101/><V128/><F128/><W37/><G37/><T36/><D36/><U78/><E65/><V43/><F59/><W76/><G76/><T41/><D41/><U123/><E123/><V54/><F43/><W134/><G134/><T77/><D77/><U30/><E78/><V69/><F69/><W58/><G58/><T99/><REACH who="0" step="1"/><D46/><REACH who="0" ten="2,308,357,323" step="2"/><U119/><E119/><V12/><F42/><W33/><G33/><T10/><D10/><AGARI ba="2,1" hai="3,6,10,15,18,21,79,83,86,92,94" m="50186" machi="10" ten="30,2000,0" yaku="19,1,52,1" doraHai="2" who="3" fromWho="0" sc="2,-26,308,0,357,0,323,36" owari="-24,-52.4,308,-9.2,357,15.7,359,45.9" /></mjloggm>