<mjloggm ver="2.3"><GO type="169" lobby="0"/><UN n0="%7A%6F%6F%31%39%36%34" n1="%5B%5B%79%75%79%75%5D%5D" n2="%E3%83%9F%E3%83%84%E3%83%8F%E3%82%B7%E3%82%A2%E3%82%B9%E3%83%9E" n3="%E3%81%99%E3%81%91%E3%81%B4%E3%82%87%E3%82%93" dan="17,16,16,16" rate="2187.50,2131.05,2048.08,2104.62" sx="M,M,M,M"/><TAIKYOKU oya="0"/><INIT seed="0,0,0,2,1,68" ten="250,250,250,250" oya="0" hai0="108,103,66,73,129,102,125,21,116,99,39,38,104" hai1="124,60,61,15,23,25,9,101,40,89,83,122,93" hai2="50,127,46,84,75,54,58,90,49,56,16,130,82" hai3="112,111,20,94,119,26,3,65,110,118,133,37,22"/><T18/><D116/><U1/><E1/><V95/><F130/><W107/><G3/><T19/><D129/><U64/><E122/><V45/><F127/><W115/><G107/><T28/><D73/><U96/><E124/><V33/><F33/><W80/><G80/><T98/><D125/><U72/><E40/><V67/><F67/><W74/><G74/><T43/><D66/><U4/><E72/><V121/><F121/><W81/><G81/><T44/><D108/><U77/><E77/><V78/><REACH who="2" step="1"/><F16/><REACH who="2" ten="250,250,240,250" step="2"/><W34/><G65/><T70/><D70/><U57/><E83/><V92/><F92/><W10/><G94/><T120/><D120/><U53/><E101/><V6/><F6/><W17/><G34/><T42/><D28/><U51/><E64/><V91/><F91/><W47/><G10/><T69/><D69/><U29/><AGARI ba="0,1" hai="4,9,15,23,25,29,51,53,57,60,61,89,93,96" machi="29" ten="20,2700,0" yaku="0,1,7,1,8,1" doraHai="68" who="1" fromWho="1" sc="250,-13,250,37,240,-7,250,-7" /><INIT seed="1,0,0,0,2,94" ten="237,287,233,243" oya="1" hai0="115,20,8,125,53,27,93,56,98,103,31,6,65" hai1="13,58,69,119,132,64,107,122,43,121,81,26,89" hai2="67,77,15,46,74,75,128,135,32,17,123,127,79" hai3="97,55,104,5,10,129,124,38,30,47,60,51,126"/><U35/><E119/><V61/><F123/><W76/><G129/><T72/><D125/><U85/><E69/><V101/><F32/><W49/><G38/><T111/><D111/><U23/><E107/><V16/><F128/><W73/><G30/><T110/><D110/><U116/><E116/><V92/><F127/><W63/><G124/><T39/><D39/><U40/><E132/><V45/><F135/><W102/><G126/><T29/><D72/><U50/><E122/><V25/><F75/><W131/><G131/><T99/><D31/><U1/><E1/><V57/><F25/><W37/><G37/><T48/><D115/><U100/><E121/><V44/><F74/><W28/><G28/><T54/><D99/><U106/><E35/><V108/><F108/><W4/><G4/><T11/><D6/><U88/><E13/><V84/><F17/><W42/><G76/><T59/><REACH who="0" step="1"/><D65/><REACH who="0" ten="227,287,233,243" step="2"/><U19/><E64/><V78/><F101/><W33/><G73/><T34/><D34/><U66/><E100/><V70/><F70/><W90/><G33/><T22/><D22/><U120/><E120/><V14/><F16/><W9/><G9/><T114/><D114/><U112/><E112/><V68/><F68/><W71/><G71/><T62/><AGARI ba="0,1" hai="8,11,20,27,29,48,53,54,56,59,62,93,98,103" machi="62" ten="20,8000,1" yaku="1,1,0,1,7,1,8,1,52,1,53,0" doraHai="94" doraHaiUra="2" who="0" fromWho="0" sc="227,90,287,-40,233,-20,243,-20" /><INIT seed="2,0,0,2,1,83" ten="317,247,213,223" oya="2" hai0="72,98,110,68,133,125,94,124,92,70,73,108,74" hai1="14,40,38,5,97,77,84,102,57,36,23,29,67" hai2="63,111,18,106,26,24,11,31,22,128,45,34,113" hai3="116,96,58,134,25,16,30,64,27,0,33,46,121"/><V20/><F106/><W86/><G0/><T69/><D98/><U81/><E40/><V101/><F101/><W59/><G116/><T115/><D115/><U65/><E65/><V130/><F63/><W61/><G121/><T129/><D129/><N who="2" m="49770" /><F45/><W4/><G4/><T112/><D133/><U6/><E38/><V2/><F113/><W126/><G134/><T95/><REACH who="0" step="1"/><D112/><REACH who="0" ten="307,247,213,223" step="2"/><U32/><E32/><V51/><F111/><AGARI ba="0,1" hai="68,69,70,72,73,74,92,94,95,108,110,111,124,125" machi="111" ten="60,12000,2" yaku="1,1,2,1,29,2,28,2,14,1,53,0" doraHai="83" doraHaiUra="103" who="0" fromWho="2" sc="307,130,247,0,213,-120,223,0" /><INIT seed="3,0,0,3,4,14" ten="437,247,93,223" oya="3" hai0="57,130,124,60,58,111,113,89,61,12,22,50,83" hai1="98,102,13,84,77,47,71,104,66,103,75,62,41" hai2="46,112,134,44,114,117,86,82,11,4,34,56,128" hai3="35,48,42,129,96,85,76,73,33,36,54,95,1"/><W39/><G1/><T2/><D2/><U70/><E102/><V126/><F117/><W21/><G73/><T132/><D111/><U10/><E75/><V81/><F34/><W29/><G129/><T16/><D130/><U87/><E71/><V109/><F128/><W26/><G39/><T37/><D37/><U115/><E77/><V55/><F109/><W30/><G30/><T3/><D3/><U31/><E31/><V92/><F126/><W43/><G36/><T131/><D131/><U65/><E65/><V32/><F32/><W125/><G125/><T8/><D132/><U28/><E28/><V68/><F68/><W105/><G35/><T23/><D50/><U78/><E78/><V101/><F134/><W25/><G105/><T99/><D113/><U118/><E118/><V123/><F123/><W67/><G67/><N who="0" m="39311" /><D124/><U69/><E69/><V51/><F112/><W93/><G26/><T59/><D59/><U17/><REACH who="1" step="1"/><E115/><REACH who="1" ten="437,237,93,223" step="2"/><V110/><F114/><W20/><G33/><T116/><D116/><U79/><E79/><V72/><F110/><W74/><G74/><T120/><D120/><U108/><E108/><V0/><F72/><W133/><G133/><T24/><D89/><U122/><E122/><V100/><F100/><W107/><G76/><T91/><D91/><U88/><E88/><N who="2" m="53271" /><F101/><W53/><G107/><T80/><D80/><U49/><AGARI ba="0,1" hai="10,13,17,41,47,49,62,66,70,84,87,98,103,104" machi="49" ten="20,8000,1" yaku="1,1,0,1,7,1,52,1,53,1" doraHai="14" doraHaiUra="38" who="1" fromWho="1" sc="437,-20,237,90,93,-20,223,-40" /><INIT seed="4,0,0,5,2,71" ten="417,327,73,183" oya="0" hai0="56,55,106,89,41,105,19,4,120,102,90,110,82" hai1="38,32,109,27,42,61,119,25,10,86,35,129,68" hai2="0,99,23,60,117,108,134,69,65,31,8,107,77" hai3="54,3,67,94,135,91,93,123,81,64,103,125,16"/><T7/><D120/><U63/><E109/><V78/><F108/><W88/><G3/><T45/><D110/><U73/><E73/><V115/><F115/><W100/><G123/><T51/><D19/><U121/><E121/><V17/><F134/><W128/><G135/><T36/><D90/><U113/><E119/><V80/><F117/><W22/><G125/><T84/><REACH who="0" step="1"/><D102/><REACH who="0" ten="407,327,73,183" step="2"/><U34/><E129/><V33/><F17/><W30/><G128/><T6/><AGARI ba="0,1" hai="4,6,7,36,41,45,51,55,56,82,84,89,105,106" machi="6" ten="30,11700,0" yaku="1,1,2,1,0,1,52,1,53,0" doraHai="71" doraHaiUra="131" who="0" fromWho="0" sc="407,127,327,-39,73,-39,183,-39" /><INIT seed="4,1,0,2,5,117" ten="534,288,34,144" oya="0" hai0="16,125,51,8,45,28,47,98,33,60,102,90,124" hai1="59,103,44,10,37,79,27,4,89,69,123,1,92" hai2="24,131,113,106,42,18,108,56,76,13,81,115,50" hai3="32,30,112,64,68,43,128,91,58,34,15,135,134"/><T35/><D90/><U133/><E69/><V36/><F108/><W82/><G68/><T72/><D72/><U122/><E103/><V65/><F106/><W86/><G128/><T66/><D28/><U7/><E133/><V29/><F131/><W61/><G112/><T14/><D35/><U17/><E4/><V100/><F100/><W9/><G43/><T48/><D33/><U78/><E59/><V110/><F110/><W2/><G2/><T0/><D0/><U87/><E78/><V26/><F36/><W77/><G77/><T132/><D132/><N who="3" m="50729" /><G30/><T12/><D12/><U57/><E57/><V21/><F42/><W39/><G39/><T97/><D60/><U88/><E79/><V116/><F116/><W23/><G23/><T94/><D98/><U38/><E38/><V104/><F104/><W3/><G3/><T75/><D66/><U93/><E44/><N who="0" m="16969" /><D75/><U114/><E37/><V5/><F65/><W46/><G46/><T105/><D105/><U120/><E114/><N who="2" m="43531" /><F29/><W130/><G130/><T99/><D99/><U31/><E17/><AGARI ba="1,0" hai="9,15,17,32,34,58,61,64,82,86,91" m="50729" machi="17" ten="30,1000,0" yaku="20,1" doraHai="117" who="3" fromWho="1" sc="534,0,288,-13,34,0,144,13" /><INIT seed="5,0,0,3,5,96" ten="534,275,34,157" oya="1" hai0="75,48,129,38,123,73,87,53,19,92,44,41,117" hai1="88,130,86,57,50,6,133,76,17,32,10,128,126" hai2="3,30,90,100,135,27,70,0,81,66,60,72,115" hai3="82,111,116,23,124,40,34,110,51,25,11,83,33"/><U103/><E32/><V47/><F135/><W125/><G116/><T127/><D117/><U14/><E76/><V31/><F115/><W69/><G69/><T7/><D123/><U121/><E121/><V9/><F31/><W16/><G11/><T2/><D129/><N who="1" m="49771" /><E133/><V4/><F47/><W132/><G132/><T28/><D127/><N who="3" m="48713" /><G34/><T80/><D28/><U54/><E126/><V39/><F90/><W49/><G33/><T26/><D92/><N who="1" m="54295" /><E6/><V55/><F39/><W71/><G71/><T68/><D68/><U77/><E77/><V37/><F37/><W131/><G131/><T95/><D38/><U65/><E65/><V35/><F55/><W21/><G21/><T45/><D53/><U79/><E79/><V101/><F72/><W84/><G84/><T22/><D7/><U98/><E98/><V106/><F81/><N who="3" m="30731" /><G40/><T122/><D41/><U74/><E74/><V108/><F108/><AGARI ba="0,0" hai="16,23,25,49,51,108,110,111" m="30731,48713" machi="108" ten="30,2000,0" yaku="18,1,54,1" doraHai="96" who="3" fromWho="2" sc="534,0,275,0,34,-20,157,20" /><INIT seed="6,0,0,3,5,12" ten="534,275,14,177" oya="2" hai0="87,101,4,129,135,124,56,17,82,77,95,130,26" hai1="84,72,127,1,8,21,33,42,122,116,93,54,97" hai2="96,110,59,112,107,6,24,64,34,120,31,104,81" hai3="28,9,68,19,36,61,71,89,13,80,60,49,2"/><V25/><F120/><W29/><G36/><T57/><D124/><U66/><E127/><V39/><F39/><W83/><G2/><T85/><D135/><U58/><E33/><V123/><F123/><W105/><G105/><T16/><D4/><U102/><E122/><V15/><F112/><W106/><G106/><T88/><D101/><U50/><E72/><V53/><F64/><W119/><G119/><T62/><D57/><U75/><E75/><V121/><F121/><W94/><G68/><T35/><D35/><U63/><E116/><V69/><F69/><W117/><G117/><T0/><D0/><U128/><E128/><N who="0" m="49257" /><D26/><U98/><E42/><V23/><F110/><W79/><G49/><T114/><D114/><U73/><E73/><V78/><F96/><W65/><G61/><T45/><D45/><U70/><E21/><V30/><F15/><W118/><G118/><T11/><D11/><U44/><E84/><V91/><F6/><W74/><REACH who="3" step="1"/><G83/><REACH who="3" ten="534,275,14,167" step="2"/><T76/><D76/><U90/><E70/><V126/><F126/><W3/><G3/><T67/><AGARI ba="0,1" hai="16,17,56,62,67,77,82,85,87,88,95" m="49257" machi="67" ten="30,8000,1" yaku="19,1,52,2,54,2" doraHai="12" who="0" fromWho="0" sc="534,90,275,-20,14,-40,167,-20" owari="624,72.4,255,5.5,-26,-52.6,147,-25.3" /></mjloggm>