<mjloggm ver="2.3"><GO type="225" lobby="0"/><UN n0="%33%74%72%65%65" n1="%E3%81%94%E3%83%BC%E3%81%A9%E3%82%93" n2="%E6%9C%88%E5%A4%9C%E3%81%AB%E9%A2%A8" n3="%E3%82%BC%E3%83%AB%E3%83%80%E3%81%AE%E4%BC%9D%E8%AA%AC" dan="17,16,16,17" rate="2167.64,2098.99,2064.24,2131.71" sx="F,M,M,M"/><TAIKYOKU oya="0"/><INIT seed="0,0,0,3,5,46" ten="250,250,250,250" oya="0" hai0="104,75,101,120,83,11,134,9,30,40,26,103,81" hai1="62,49,61,33,98,37,51,10,50,93,88,6,32" hai2="41,56,68,77,22,76,124,47,118,82,19,35,36" hai3="92,67,2,5,15,135,34,86,21,66,55,31,29"/><T133/><D120/><U89/><E37/><V112/><F112/><W24/><G135/><N who="0" m="51723" /><D40/><U95/><E33/><V129/><F68/><W126/><G126/><T54/><D54/><U130/><E32/><V71/><F71/><W96/><G86/><T107/><D26/><U60/><E130/><V100/><F35/><W38/><G38/><T27/><D27/><U58/><E58/><V45/><F124/><W23/><G29/><T114/><D30/><U16/><E16/><V90/><F129/><W74/><G74/><T108/><D114/><U78/><E78/><V102/><F118/><W4/><G55/><T70/><D70/><U52/><E52/><V79/><F56/><W18/><G23/><T20/><D20/><U99/><E10/><N who="0" m="3593" /><D108/><U72/><E6/><V110/><F110/><W85/><G85/><T113/><D113/><U65/><E65/><V44/><F36/><W7/><REACH who="3" step="1"/><G2/><REACH who="3" ten="250,250,250,240" step="2"/><T59/><D75/><AGARI ba="0,1" hai="49,50,51,60,61,62,72,75,88,89,93,95,98,99" machi="75" ten="40,8000,1" yaku="9,1,52,3,54,1" doraHai="46" who="1" fromWho="0" sc="250,-80,250,90,250,0,240,0" /><INIT seed="1,0,0,0,4,129" ten="170,340,250,240" oya="1" hai0="90,126,62,29,74,50,60,14,109,5,104,78,73" hai1="121,13,108,100,59,42,47,119,63,19,28,61,75" hai2="76,125,110,27,32,31,115,96,80,132,111,118,105" hai3="43,39,57,120,88,99,12,56,10,128,122,92,114"/><U127/><E119/><V85/><F118/><W124/><G114/><T133/><D109/><N who="2" m="41482" /><F115/><W3/><G3/><T35/><D104/><U33/><E121/><V67/><F125/><W117/><G117/><T51/><D126/><U44/><E127/><V11/><F67/><W65/><G124/><T116/><D116/><U97/><E75/><N who="0" m="28681" /><D78/><U81/><E81/><V8/><F132/><W112/><G112/><T15/><D90/><U38/><E28/><V86/><F86/><W26/><G128/><T55/><D55/><U45/><E33/><V52/><F52/><W94/><G26/><T49/><D29/><U40/><E108/><V84/><F84/><W36/><G92/><T83/><D35/><U68/><E68/><V130/><F130/><W16/><G56/><T91/><D91/><U37/><E45/><V66/><F66/><W87/><G87/><T113/><D113/><U17/><E59/><V82/><F80/><W93/><G93/><T103/><D83/><U54/><E54/><V77/><F76/><W6/><G6/><T106/><D106/><U95/><REACH who="1" step="1"/><E19/><REACH who="1" ten="170,330,250,240" step="2"/><V9/><F82/><W41/><G120/><T79/><D79/><U107/><E107/><V53/><F77/><W22/><G122/><T48/><N who="0" m="12288" /><DORA hai="134" /><T64/><D133/><U23/><AGARI ba="0,1" hai="13,17,23,37,38,40,42,44,47,61,63,95,97,100" machi="23" ten="20,7800,0" yaku="1,1,0,1,7,1,9,1,53,0" doraHai="129,134" doraHaiUra="46,24" who="1" fromWho="1" sc="170,-26,330,88,250,-26,240,-26" /><INIT seed="1,1,0,5,2,103" ten="144,418,224,214" oya="1" hai0="84,7,33,30,111,48,115,86,120,29,21,22,127" hai1="107,15,65,132,12,101,16,88,66,74,72,130,116" hai2="77,68,87,58,122,31,2,11,28,13,64,125,32" hai3="1,109,73,108,9,47,114,49,124,106,92,118,96"/><U0/><E116/><V17/><F122/><W57/><G114/><T102/><D115/><U99/><E0/><V34/><F68/><W4/><G118/><T69/><D111/><N who="3" m="42569" /><G124/><T26/><D127/><U90/><E132/><V27/><F125/><W62/><G73/><T97/><D120/><U18/><E130/><V8/><F77/><W82/><G82/><T6/><D69/><U41/><E41/><V128/><F87/><W55/><G106/><T105/><D48/><U35/><E35/><N who="2" m="13355" /><F58/><W3/><G3/><T83/><D84/><U104/><E99/><V42/><F64/><W46/><G62/><T23/><REACH who="0" step="1"/><D29/><REACH who="0" ten="134,418,224,214" step="2"/><U98/><E98/><V50/><F50/><W44/><G44/><T38/><D38/><U76/><E76/><AGARI ba="1,1" hai="6,7,21,22,23,26,30,33,76,83,86,97,102,105" machi="76" ten="40,2600,0" yaku="1,1,52,1,53,0" doraHai="103" doraHaiUra="60" who="0" fromWho="1" sc="134,39,418,-29,224,0,214,0" /><INIT seed="2,0,0,3,5,96" ten="173,389,224,214" oya="2" hai0="24,80,21,130,83,125,54,122,43,68,108,74,118" hai1="82,56,19,120,58,29,23,34,55,98,50,101,102" hai2="126,119,66,20,42,128,100,35,47,13,17,51,88" hai3="90,33,2,36,109,94,53,86,38,131,81,67,0"/><V92/><F119/><W26/><G109/><T64/><D122/><U115/><E115/><V103/><F35/><W40/><G131/><T15/><D108/><U124/><E124/><V60/><F128/><W121/><G121/><T89/><D130/><U5/><E120/><V59/><F126/><W57/><G67/><T123/><D123/><U63/><E5/><V18/><F18/><W62/><G81/><N who="0" m="31307" /><D68/><U104/><E34/><V31/><F31/><W69/><G69/><T73/><D74/><U39/><E29/><V133/><F133/><W41/><G33/><T25/><D73/><U77/><E39/><V44/><F44/><W4/><G26/><N who="0" m="10347" /><D118/><U10/><E10/><V14/><F13/><W85/><G85/><AGARI ba="0,0" hai="14,17,20,42,47,51,59,60,66,85,88,92,100,103" machi="85" ten="30,12000,1" yaku="7,1,8,1,52,2,54,1" doraHai="96" who="2" fromWho="3" sc="173,0,389,0,224,120,214,-120" /><INIT seed="2,1,0,0,3,113" ten="173,389,344,94" oya="2" hai0="2,30,7,1,66,104,53,135,24,65,125,129,94" hai1="74,105,34,111,110,72,54,120,109,22,81,75,88" hai2="20,50,19,41,92,132,127,77,93,40,4,32,86" hai3="130,38,39,87,70,76,33,28,85,121,79,52,31"/><V29/><F127/><W45/><G70/><T58/><D104/><U126/><E126/><V56/><F132/><W8/><G8/><T12/><D125/><U9/><E34/><V63/><F4/><W73/><G73/><T13/><D135/><U131/><E131/><V89/><F32/><W95/><G33/><T78/><D129/><U122/><E105/><V62/><F29/><W42/><G130/><T133/><D133/><U84/><E54/><V14/><F77/><W118/><G121/><N who="1" m="46698" /><E22/><V117/><F117/><W82/><G39/><T123/><D94/><N who="1" m="54535" /><E9/><V61/><F92/><W26/><G118/><T100/><D53/><AGARI ba="1,0" hai="14,19,20,40,41,50,53,56,61,62,63,86,89,93" machi="53" ten="40,7700,0" yaku="25,2,8,1" doraHai="113" who="2" fromWho="0" sc="173,-80,389,0,344,80,94,0" /><INIT seed="2,2,0,4,0,3" ten="93,389,424,94" oya="2" hai0="68,89,32,127,16,13,134,41,114,58,105,88,65" hai1="130,30,9,97,70,4,98,69,12,7,43,33,79" hai2="131,73,45,109,80,117,26,59,56,120,129,81,123" hai3="34,75,61,116,74,17,133,86,121,47,90,118,1"/><V67/><F117/><W42/><G121/><N who="2" m="46665" /><F73/><W39/><G34/><T132/><D114/><U101/><E130/><N who="2" m="49675" /><F26/><W115/><G115/><T50/><D127/><U107/><E43/><V125/><F125/><W122/><G122/><T103/><D32/><U83/><E97/><V95/><F95/><W104/><G104/><T48/><D103/><U124/><E124/><V60/><F109/><W5/><G133/><N who="0" m="51307" /><D105/><U38/><E38/><V63/><F45/><W53/><G118/><T55/><D68/><U62/><E4/><V54/><AGARI ba="2,0" hai="54,56,59,60,63,67,80,81" m="49675,46665" machi="54" ten="30,1500,0" yaku="19,1" doraHai="3" who="2" fromWho="2" sc="93,-7,389,-7,424,21,94,-7" /><INIT seed="2,3,0,1,2,107" ten="86,382,445,87" oya="2" hai0="23,67,71,21,51,133,117,129,64,43,131,54,48" hai1="34,123,105,69,110,41,53,124,59,65,100,60,78" hai2="74,50,29,104,52,127,76,1,102,86,130,9,99" hai3="61,13,72,25,75,82,19,3,28,68,35,125,85"/><V56/><F127/><W49/><G3/><T11/><D133/><U27/><E124/><V26/><F130/><N who="0" m="49674" /><D117/><U119/><E119/><V37/><F37/><W14/><G125/><T128/><N who="0" m="49682" /><T93/><DORA hai="116" /><D43/><U40/><E110/><V80/><F9/><W77/><G49/><N who="0" m="19019" /><D54/><U24/><E123/><V87/><F1/><W101/><G101/><T42/><D42/><U47/><E78/><V16/><F16/><W94/><G94/><T5/><D93/><U118/><E118/><V15/><F15/><W106/><G106/><T10/><D71/><U0/><E0/><V120/><F120/><W31/><G31/><T8/><D5/><U114/><E114/><V134/><F134/><W2/><G2/><T38/><D38/><U17/><E41/><V46/><F46/><W96/><G96/><T91/><D91/><U63/><E34/><AGARI ba="3,0" hai="26,29,34,50,52,56,74,76,80,86,87,99,102,104" machi="34" ten="30,5800,0" yaku="7,1,52,1,54,1" doraHai="107,116" who="2" fromWho="1" sc="86,0,382,-67,445,67,87,0" /><INIT seed="2,4,0,3,0,10" ten="86,315,512,87" oya="2" hai0="94,22,28,20,69,109,80,47,99,6,112,95,49" hai1="114,50,48,119,2,35,5,105,89,82,96,30,124" hai2="9,3,123,98,46,126,27,14,34,118,12,85,120" hai3="18,24,21,117,90,4,38,17,33,76,130,81,83"/><V75/><F75/><W52/><G117/><T37/><D112/><U60/><E114/><V88/><F118/><W79/><G38/><T101/><D69/><U57/><E119/><V16/><F126/><W36/><G36/><T128/><D37/><U107/><E124/><V64/><F98/><W0/><G33/><T23/><D109/><U63/><E63/><V44/><F64/><W55/><G130/><T1/><D128/><U68/><E68/><V134/><F134/><W78/><G0/><T127/><D127/><U67/><E105/><V65/><F65/><W100/><G4/><T8/><D80/><N who="3" m="30793" /><G100/><T93/><REACH who="0" step="1"/><D28/><REACH who="0" ten="76,315,512,87" step="2"/><U115/><E30/><V43/><F123/><W40/><G40/><AGARI ba="4,1" hai="1,6,8,20,22,23,40,47,49,93,94,95,99,101" machi="40" ten="40,2600,0" yaku="1,1,2,1,53,0" doraHai="10" doraHaiUra="54" who="0" fromWho="3" sc="76,48,315,0,512,0,87,-38" /><INIT seed="3,0,0,2,3,18" ten="124,315,512,49" oya="3" hai0="105,46,50,116,13,70,75,8,2,53,63,102,76" hai1="85,5,57,32,71,20,111,104,135,31,6,97,37" hai2="66,83,129,79,125,52,65,132,55,117,127,35,114" hai3="100,122,128,4,77,14,27,49,118,78,40,133,54"/><W34/><G118/><T30/><D116/><U110/><E37/><V58/><F114/><W115/><G122/><T67/><D2/><U59/><E85/><V23/><F35/><W91/><G115/><T103/><D105/><U25/><E71/><V101/><F132/><W84/><G133/><T11/><D30/><U72/><E97/><V88/><F129/><W24/><G128/><T10/><REACH who="0" step="1"/><D13/><REACH who="0" ten="114,315,512,49" step="2"/><U19/><E104/><V60/><F55/><W123/><G123/><T15/><D15/><U73/><E135/><V106/><F88/><W64/><G64/><T96/><D96/><U87/><E87/><N who="2" m="48639" /><F23/><W124/><G124/><N who="2" m="47689" /><F117/><W62/><G100/><T21/><D21/><U131/><E131/><V81/><F81/><AGARI ba="0,1" hai="8,10,11,46,50,53,63,67,70,75,76,81,102,103" machi="81" ten="40,2600,0" yaku="1,1,53,1" doraHai="18" doraHaiUra="47" who="0" fromWho="2" sc="114,36,315,0,512,-26,49,0" owari="150,-25.0,315,11.5,486,58.6,49,-45.1" /></mjloggm>