<mjloggm ver="2.3"><GO type="169" lobby="0"/><UN n0="%E3%83%87%E3%83%A9%E3%82%B3%E3%83%83%E3%82%B3" n1="%E6%B8%85%E9%A2%A8%E5%8C%97" n2="%61%6B%69%62%61%62%61%6E" n3="%E3%82%88%E3%81%86%E3%81%B8%E3%83%BC%58" dan="16,16,17,17" rate="2150.56,2182.84,2170.90,2244.69" sx="M,F,M,M"/><TAIKYOKU oya="0"/><INIT seed="0,0,0,2,5,61" ten="250,250,250,250" oya="0" hai0="106,71,18,74,35,126,132,26,58,48,10,76,29" hai1="92,120,51,122,53,83,20,2,80,32,113,103,5" hai2="67,33,16,25,77,119,94,15,115,78,114,102,128" hai3="99,50,30,104,54,9,21,112,1,45,131,23,79"/><T55/><D126/><U101/><E32/><V66/><F128/><W96/><G112/><T19/><D132/><U81/><E113/><V8/><F119/><W13/><G131/><T0/><D106/><U108/><E108/><V37/><F37/><W73/><G1/><T121/><D121/><U38/><E38/><V117/><F117/><W133/><G133/><T6/><REACH who="0" step="1"/><D71/><REACH who="0" ten="240,250,250,250" step="2"/><U134/><E120/><V56/><F114/><W49/><G104/><T7/><D7/><U11/><E134/><V84/><F115/><W68/><G68/><T3/><D3/><U28/><E122/><V59/><F33/><W129/><G129/><T39/><D39/><U135/><E135/><V109/><F109/><W107/><G107/><T62/><D62/><U69/><E69/><V123/><F123/><W105/><G105/><T12/><D12/><U44/><REACH who="1" step="1"/><E92/><REACH who="1" ten="240,240,250,250" step="2"/><V4/><F94/><W31/><G49/><T42/><D42/><U57/><E57/><V17/><F59/><W82/><G50/><T27/><D27/><AGARI ba="0,2" hai="2,5,11,20,27,28,44,51,53,80,81,83,101,103" machi="27" ten="40,2600,0" yaku="1,1,53,1" doraHai="61" doraHaiUra="43" who="1" fromWho="0" sc="240,-26,240,46,250,0,250,0" /><INIT seed="1,0,0,0,1,22" ten="214,286,250,250" oya="1" hai0="25,63,89,20,46,129,28,123,131,38,77,9,87" hai1="122,59,114,128,70,120,72,44,132,111,6,13,5" hai2="64,92,97,19,108,14,65,53,76,110,99,127,8" hai3="37,105,16,107,36,69,21,41,33,61,47,98,24"/><U54/><E72/><V29/><F127/><W106/><G33/><T43/><D77/><U91/><E114/><V126/><F126/><W83/><G83/><T88/><D123/><U35/><E70/><V86/><F29/><W23/><G23/><T116/><D116/><U118/><E118/><V2/><F2/><W15/><G37/><T80/><D9/><U40/><E128/><N who="0" m="49225" /><D63/><U94/><E35/><V39/><F39/><W74/><G74/><T48/><D89/><U84/><E111/><N who="2" m="42539" /><F53/><W3/><G3/><T124/><D124/><U52/><E132/><V135/><F135/><W95/><G15/><T10/><D10/><U68/><E68/><V32/><F32/><W7/><G7/><T11/><D11/><U50/><E54/><V79/><F97/><W30/><G30/><T31/><D31/><U134/><E134/><V96/><F96/><W102/><REACH who="3" step="1"/><G107/><REACH who="3" ten="214,286,250,240" step="2"/><T1/><D1/><U109/><E122/><V67/><F86/><W18/><G18/><T62/><D62/><U75/><E75/><V100/><AGARI ba="0,1" hai="8,14,19,64,65,67,76,79,92,99,100" m="42539" machi="100" ten="30,1100,0" yaku="14,1" doraHai="22" who="2" fromWho="2" sc="214,-3,286,-5,250,21,240,-3" /><INIT seed="2,0,0,2,4,39" ten="211,281,271,237" oya="2" hai0="28,130,70,24,36,23,72,21,123,96,3,6,51" hai1="27,77,111,86,0,134,14,37,30,88,103,44,67" hai2="66,26,93,101,55,110,59,124,31,106,127,92,2" hai3="109,18,79,48,118,82,98,10,91,1,35,97,94"/><V120/><F120/><W15/><G118/><T116/><D70/><U80/><E0/><V100/><F2/><W12/><G109/><T9/><D123/><U71/><E111/><V34/><F110/><W22/><G35/><T135/><D72/><U13/><E134/><V114/><F114/><W112/><G112/><T108/><D36/><U126/><E126/><N who="2" m="48171" /><F66/><W41/><G1/><T68/><D68/><U58/><E103/><N who="2" m="39499" /><F106/><W132/><G132/><T83/><D135/><U105/><E105/><V121/><F121/><W117/><G117/><T87/><D108/><U65/><E71/><V19/><F19/><W52/><G98/><T11/><D116/><U32/><E67/><V76/><F76/><W104/><G104/><T128/><D96/><U46/><E77/><V17/><F17/><N who="3" m="10559" /><G79/><T61/><D61/><AGARI ba="0,0" hai="26,31,34,55,59,61,92,93" m="39499,48171" machi="61" ten="30,1500,0" yaku="18,1" doraHai="39" who="2" fromWho="0" sc="211,-15,281,0,271,15,237,0" /><INIT seed="2,1,0,4,5,96" ten="196,281,286,237" oya="2" hai0="125,31,119,69,98,11,99,45,131,70,66,106,86" hai1="113,112,17,126,114,27,36,74,107,33,50,92,12" hai2="84,88,83,79,32,72,14,29,54,68,133,93,64" hai3="42,132,4,82,48,23,94,6,108,124,102,20,56"/><V35/><F133/><W97/><G132/><T122/><D122/><U130/><E36/><V25/><F54/><N who="3" m="31815" /><G108/><T129/><D125/><U46/><E107/><V120/><F120/><W41/><G124/><T59/><D119/><U134/><E126/><V47/><F47/><W5/><G82/><T105/><D45/><U18/><E134/><V44/><F44/><W19/><G23/><T52/><D31/><U101/><E74/><V8/><F35/><W15/><AGARI ba="1,0" hai="4,5,6,15,19,20,41,42,94,97,102" m="31815" machi="15" ten="30,2000,0" yaku="8,1,52,1" doraHai="96" who="3" fromWho="3" sc="196,-6,281,-6,286,-11,237,23" /><INIT seed="3,0,0,4,3,85" ten="190,275,275,260" oya="3" hai0="104,112,53,88,121,6,71,25,74,93,99,1,21" hai1="86,80,107,52,103,31,61,51,48,0,77,114,41" hai2="116,117,75,91,128,24,20,92,30,42,14,133,36" hai3="127,97,4,35,64,45,108,58,34,18,29,110,22"/><W69/><G69/><T65/><D121/><U78/><E0/><V60/><F128/><W16/><G127/><T87/><D74/><U68/><E114/><V50/><F133/><W123/><G123/><T63/><D112/><U73/><E31/><V44/><F75/><W37/><G4/><T96/><D104/><U94/><E41/><V109/><F109/><N who="3" m="42091" /><G37/><T125/><D125/><U126/><E126/><V82/><F82/><W19/><G45/><T46/><D6/><U119/><E119/><V57/><F14/><N who="3" m="9495" /><G97/><T102/><D1/><U13/><E78/><V17/><F30/><W67/><G29/><T70/><D70/><U38/><E38/><V79/><F36/><W113/><G113/><T55/><D46/><U118/><E118/><V8/><F8/><W49/><G49/><T59/><D71/><U54/><E13/><V101/><F116/><W132/><G132/><T12/><D12/><U10/><E48/><V89/><F117/><W33/><G67/><T100/><D99/><N who="1" m="61951" /><E10/><V15/><F15/><W7/><G7/><T28/><REACH who="0" step="1"/><D102/><REACH who="0" ten="180,275,275,260" step="2"/><U124/><E124/><V84/><F101/><W120/><G120/><T72/><D72/><U131/><E73/><V130/><F130/><W39/><G39/><T43/><D43/><U135/><E68/><V32/><F42/><W115/><G115/><T26/><D26/><U40/><E40/><V122/><F24/><W5/><G5/><T66/><D66/><U2/><E131/><V90/><F122/><W56/><G64/><T81/><AGARI ba="0,1" hai="21,25,28,53,55,59,63,65,81,87,88,93,96,100" machi="81" ten="20,16000,3" yaku="1,1,0,1,7,1,25,2,8,1,52,1,54,1,53,1" doraHai="85" doraHaiUra="83" who="0" fromWho="0" sc="180,170,275,-40,275,-40,260,-80" /><INIT seed="4,0,0,4,3,111" ten="350,235,235,180" oya="0" hai0="105,24,85,90,133,84,115,51,37,3,26,22,89" hai1="53,17,67,87,92,128,91,27,35,44,56,54,70" hai2="2,75,11,42,34,81,80,121,119,127,12,63,28" hai3="79,15,88,19,48,0,112,110,109,9,97,60,96"/><T49/><D37/><U68/><E128/><V41/><F121/><W39/><G39/><T74/><D74/><U32/><E32/><V52/><F127/><W126/><G126/><T120/><D120/><U116/><E116/><V100/><F119/><W134/><G79/><T7/><D105/><U38/><E67/><V4/><F100/><W82/><G0/><T66/><D66/><U33/><E33/><V73/><F73/><W72/><G72/><T57/><D3/><U61/><E17/><V18/><F41/><W123/><G123/><T64/><D7/><U93/><E92/><V65/><F42/><W36/><G36/><T86/><D133/><U13/><E13/><V45/><F75/><W50/><G134/><T58/><D64/><U59/><E44/><V122/><F122/><W118/><G118/><T125/><D125/><U101/><E101/><V113/><F113/><W130/><G130/><T25/><D22/><U83/><E93/><V99/><F99/><N who="3" m="37963" /><G112/><T77/><D77/><U69/><E38/><V71/><F28/><W102/><G102/><T5/><D5/><U76/><E76/><V132/><F34/><W78/><G78/><T106/><D106/><U29/><REACH who="1" step="1"/><E69/><REACH who="1" ten="350,225,235,180" step="2"/><V14/><F132/><W1/><G1/><T43/><D26/><U98/><E98/><V31/><F31/><W21/><G110/><T114/><D85/><U135/><E135/><V107/><F107/><W30/><G109/><T20/><D20/><U131/><E131/><V16/><F18/><W55/><G30/><T23/><D23/><U108/><E108/><V117/><F2/><RYUUKYOKU ba="0,1" sc="350,15,225,15,235,-15,180,-15" hai0="24,25,43,49,51,57,58,84,86,89,90,114,115" hai1="27,29,35,53,54,56,59,61,68,70,83,87,91" /><INIT seed="4,1,1,0,3,22" ten="365,240,220,165" oya="0" hai0="99,97,84,110,127,54,8,36,88,123,43,98,76" hai1="28,5,3,135,48,124,81,104,18,27,4,78,19" hai2="9,89,7,73,41,65,67,61,32,53,82,111,58" hai3="17,77,50,74,128,47,64,103,34,121,85,26,29"/><T62/><D123/><U93/><E104/><V125/><F111/><W101/><G121/><T95/><D110/><U134/><E124/><V117/><F125/><W44/><G74/><T33/><D127/><U112/><E93/><V45/><F117/><W119/><G119/><T133/><D133/><N who="1" m="50699" /><E48/><V106/><F106/><W31/><G128/><T115/><D115/><U118/><E118/><V40/><F32/><W59/><G31/><T96/><D33/><N who="1" m="20639" /><E112/><V35/><F35/><W70/><G70/><T24/><D24/><U114/><E114/><V100/><F100/><W30/><G30/><T94/><D36/><U25/><E3/><V63/><F63/><W56/><G17/><N who="1" m="6154" /><E25/><V80/><F80/><W130/><G130/><T37/><D37/><U87/><AGARI ba="1,1" hai="4,5,78,81,87" m="6154,20639,50699" machi="87" ten="30,2000,0" yaku="20,1,52,1" doraHai="22" who="1" fromWho="1" sc="365,-11,240,33,220,-6,165,-6" /><INIT seed="5,0,0,2,0,115" ten="354,273,214,159" oya="1" hai0="133,105,83,62,113,78,33,57,19,11,31,111,74" hai1="61,2,20,3,88,49,54,124,58,80,77,46,128" hai2="106,130,134,66,131,125,32,12,127,108,110,14,24" hai3="95,123,85,47,42,94,87,36,59,101,13,135,37"/><U17/><E124/><N who="2" m="47691" /><F66/><W38/><G135/><T43/><D111/><N who="2" m="42538" /><F106/><W51/><G123/><T109/><D133/><U98/><E128/><N who="2" m="49195" /><F134/><W99/><G59/><T1/><D105/><U30/><E30/><AGARI ba="0,0" hai="12,14,24,30,32" m="49195,42538,47691" machi="30" ten="40,8000,1" yaku="18,1,19,1,34,2" doraHai="115" who="2" fromWho="1" sc="354,0,273,-80,214,80,159,0" /><INIT seed="6,0,0,0,1,57" ten="354,193,294,159" oya="2" hai0="79,109,70,46,128,61,125,95,65,24,40,16,102" hai1="97,56,30,32,38,76,22,3,123,89,12,68,75" hai2="78,111,15,112,124,26,105,8,44,51,31,100,48" hai3="117,7,4,45,20,87,29,133,96,9,50,122,58"/><V14/><F112/><W49/><G122/><T72/><D109/><U118/><E68/><V55/><F111/><W41/><G117/><T86/><D125/><U37/><E3/><V17/><F124/><W131/><G133/><T84/><D128/><U69/><E118/><V63/><F78/><W5/><G131/><T11/><D72/><U127/><E69/><V13/><F105/><W92/><G87/><T129/><D129/><U90/><E123/><V103/><F51/><W39/><G9/><T104/><D104/><U2/><E2/><V81/><F81/><W10/><G10/><T42/><D79/><U98/><E32/><V94/><F63/><W135/><G135/><T134/><D134/><U62/><E76/><V66/><F66/><W91/><REACH who="3" step="1"/><G58/><REACH who="3" ten="354,193,294,149" step="2"/><T35/><D86/><U88/><E127/><V101/><REACH who="2" step="1"/><F94/><REACH who="2" ten="354,193,284,149" step="2"/><W113/><G113/><T1/><D95/><U36/><E75/><V19/><F19/><W80/><G80/><T114/><D16/><U130/><E130/><V60/><F60/><W59/><G59/><T67/><D61/><U120/><E120/><V6/><F6/><W71/><G71/><T25/><D70/><U43/><E56/><V132/><F132/><W27/><AGARI ba="0,2" hai="4,5,7,20,27,29,39,41,45,49,50,91,92,96" machi="27" ten="30,2000,0" yaku="1,1,0,1,53,0" doraHai="57" doraHaiUra="83" who="3" fromWho="3" sc="354,-5,193,-5,284,-10,149,40" /><INIT seed="7,0,0,4,2,44" ten="349,188,274,189" oya="3" hai0="114,132,88,133,6,99,76,40,119,112,118,48,7" hai1="53,134,120,113,117,19,75,98,42,11,50,90,56" hai2="10,74,131,38,80,95,82,33,66,12,83,2,130" hai3="9,1,71,128,60,57,116,78,105,17,39,64,25"/><W55/><G116/><N who="0" m="44587" /><D76/><U15/><E75/><V36/><F74/><W47/><G105/><T70/><D70/><U109/><E120/><V111/><F111/><W34/><G78/><T93/><D48/><N who="1" m="30759" /><E109/><V16/><F33/><W27/><G128/><T110/><D40/><U29/><E117/><V23/><F66/><W94/><G34/><T31/><D31/><U125/><E125/><V13/><F95/><W26/><G94/><T24/><D24/><U52/><E113/><N who="0" m="43625" /><D110/><U91/><E42/><V121/><F2/><W104/><G104/><T35/><D35/><U43/><E43/><V106/><F106/><W122/><G122/><T67/><D67/><U20/><E134/><AGARI ba="0,0" hai="6,7,88,93,99,132,133,134" m="43625,44587" machi="134" ten="40,8000,1" yaku="20,1,15,1,11,1,54,1" doraHai="44" who="0" fromWho="1" sc="349,80,188,-80,274,0,189,0" owari="429,52.9,108,-39.2,274,7.4,189,-21.1" /></mjloggm>