<mjloggm ver="2.3"><GO type="169" lobby="0"/><UN n0="%E6%B7%B3%E5%AD%90%E3%81%A7%E3%81%99" n1="%E3%81%B1%E3%82%93%E3%81%AA%E3%81%93%E3%81%BE%E3%81%A3%E3%81%9F" n2="%E9%B3%B4%E8%8C%B6" n3="%E3%81%93%E3%81%AB" dan="17,17,16,16" rate="2204.98,2190.68,2141.30,2144.04" sx="M,M,M,M"/><TAIKYOKU oya="0"/><INIT seed="0,0,0,5,4,51" ten="250,250,250,250" oya="0" hai0="64,63,83,50,53,37,23,87,59,119,36,80,113" hai1="30,9,13,45,46,11,116,34,1,44,133,55,19" hai2="100,82,127,62,112,71,104,43,130,118,69,98,31" hai3="108,134,41,39,35,77,96,7,125,4,75,8,81"/><T103/><D113/><U16/><E116/><V117/><F112/><W92/><G108/><T0/><D119/><N who="2" m="45578" /><F130/><W89/><G125/><T49/><D0/><U15/><E133/><V24/><F127/><W101/><G134/><T120/><D120/><U129/><E129/><V74/><F43/><W20/><G35/><T60/><D103/><U85/><E1/><V25/><F62/><W128/><G128/><T3/><D3/><U10/><E85/><V121/><F121/><W84/><G20/><T68/><D83/><U5/><E5/><V2/><F2/><W29/><G29/><T61/><D61/><U99/><E99/><V86/><F74/><W93/><G8/><T88/><D49/><U66/><E66/><V78/><F24/><W48/><G39/><T109/><D109/><U28/><E34/><AGARI ba="0,0" hai="25,31,34,69,71,78,82,86,98,100,104" m="45578" machi="34" ten="30,1000,0" yaku="12,1" doraHai="51" who="2" fromWho="1" sc="250,0,250,-10,250,10,250,0" /><INIT seed="1,0,0,1,2,71" ten="250,240,260,250" oya="1" hai0="111,85,113,51,46,131,43,4,86,13,92,119,3" hai1="23,12,66,105,52,104,40,59,5,41,70,17,129" hai2="42,30,121,22,73,54,27,74,69,47,15,26,127" hai3="83,72,53,19,95,44,11,126,2,31,82,94,64"/><U77/><E129/><V61/><F121/><W68/><G126/><T29/><D3/><U16/><E77/><V1/><F127/><W14/><G2/><T8/><D113/><U101/><E5/><V20/><F1/><W114/><G114/><T91/><D111/><U132/><E132/><V0/><F0/><W36/><G31/><T130/><D119/><U117/><E117/><V49/><F15/><W124/><G124/><T89/><REACH who="0" step="1"/><D29/><REACH who="0" ten="240,240,260,250" step="2"/><U24/><E70/><V7/><F69/><W134/><G68/><T93/><AGARI ba="0,1" hai="4,8,13,43,46,51,85,86,89,91,92,93,130,131" machi="93" ten="30,7900,0" yaku="1,1,2,1,0,1,9,1,53,0" doraHai="71" doraHaiUra="112" who="0" fromWho="0" sc="240,89,240,-39,260,-20,250,-20" /><INIT seed="2,0,0,4,4,77" ten="329,201,240,230" oya="2" hai0="50,132,62,4,101,59,100,68,0,71,82,3,44" hai1="54,95,37,43,56,75,28,131,70,20,108,105,110" hai2="5,11,26,34,109,57,65,17,7,18,61,127,106" hai3="60,1,98,35,123,14,52,124,115,45,93,84,107"/><V72/><F106/><W66/><G123/><T119/><D132/><U73/><E105/><V25/><F72/><W42/><G1/><T13/><D119/><U117/><E117/><V40/><F127/><W83/><G35/><T49/><D13/><U112/><E112/><V133/><F133/><W36/><G124/><T128/><D4/><N who="2" m="1610" /><F34/><W47/><G115/><T121/><D62/><U90/><E70/><V88/><F109/><N who="1" m="42089" /><E131/><V97/><F40/><W51/><G107/><T12/><D12/><U15/><E43/><V79/><F79/><W30/><G30/><T103/><D59/><U38/><E38/><V114/><F114/><W134/><G14/><T2/><D44/><U24/><E37/><V69/><F69/><W96/><G134/><T91/><D121/><U102/><E102/><V58/><F57/><W31/><G31/><T92/><D128/><U8/><E56/><V23/><F11/><W111/><G111/><T33/><D33/><U32/><E32/><V80/><F97/><W81/><G96/><N who="0" m="57375" /><D68/><U120/><E120/><V99/><F99/><W64/><G84/><T27/><D71/><U87/><E54/><V116/><F116/><W6/><G6/><AGARI ba="0,0" hai="6,8,15,20,24,28,73,75,87,90,95" m="42089" machi="6" ten="30,1000,0" yaku="14,1" doraHai="77" who="1" fromWho="3" sc="329,0,201,10,240,0,230,-10" /><INIT seed="3,0,0,2,0,119" ten="329,211,240,220" oya="3" hai0="117,102,120,57,15,133,3,118,49,84,122,21,90" hai1="72,14,29,112,47,1,70,96,26,77,99,87,121" hai2="97,101,24,73,124,17,42,91,125,105,23,38,68" hai3="115,40,5,36,131,10,111,128,2,54,65,48,89"/><W35/><G115/><T110/><D3/><U106/><E1/><V59/><F68/><W50/><G35/><T32/><D102/><U27/><E72/><V19/><F73/><W126/><G126/><N who="2" m="48745" /><F59/><W98/><G65/><T12/><D12/><U81/><E70/><V107/><F91/><W71/><G71/><T28/><D32/><U103/><E112/><V94/><F17/><W20/><G20/><T88/><D90/><U63/><E63/><V116/><F116/><W82/><G111/><T64/><D64/><U129/><E129/><N who="3" m="49738" /><G54/><N who="0" m="31951" /><D28/><U83/><E29/><V56/><F56/><W22/><G22/><T37/><D110/><U134/><E47/><AGARI ba="0,0" hai="19,23,24,38,42,47,94,97,101,105,107" m="48745" machi="47" ten="30,1000,0" yaku="18,1" doraHai="119" who="2" fromWho="1" sc="329,0,211,-10,240,10,220,0" /><INIT seed="4,0,0,1,3,101" ten="329,201,250,220" oya="0" hai0="43,86,23,117,28,10,109,18,12,31,8,9,107" hai1="72,61,130,73,77,21,50,40,54,20,96,33,13" hai2="66,71,63,60,19,87,5,41,3,16,45,94,95" hai3="93,34,113,121,29,88,110,47,74,127,7,67,80"/><T85/><D117/><U91/><E33/><V114/><F114/><W129/><G110/><T82/><D109/><U69/><E130/><V90/><F5/><W102/><G113/><T65/><D107/><U112/><E112/><V42/><F3/><W30/><G129/><T51/><D65/><U118/><E118/><V111/><F111/><W81/><G127/><T62/><D62/><U104/><E40/><V123/><F123/><W135/><G121/><T122/><D122/><U131/><E131/><V14/><F63/><W26/><G30/><T27/><D31/><U76/><E91/><V106/><F106/><W133/><G67/><T38/><D85/><U97/><E61/><V4/><F95/><W46/><G7/><T98/><D98/><U15/><E50/><V44/><F4/><W105/><G74/><T75/><D75/><U57/><E57/><V2/><F2/><W99/><G81/><T100/><D100/><U49/><E49/><V55/><F55/><W84/><REACH who="3" step="1"/><G80/><REACH who="3" ten="329,201,250,210" step="2"/><T17/><D28/><U37/><E73/><V115/><F115/><W78/><G78/><T108/><D108/><U24/><E72/><V59/><F71/><W83/><G83/><T120/><D120/><U68/><E77/><V126/><F126/><W11/><G11/><T32/><D9/><U36/><E76/><V103/><F19/><W64/><G64/><T132/><D17/><U119/><E119/><V79/><F79/><W52/><G52/><T58/><D8/><U134/><E54/><V22/><F103/><W35/><G35/><T92/><D32/><U125/><E125/><RYUUKYOKU ba="0,1" sc="329,-15,201,-15,250,15,210,15" hai2="14,16,22,41,42,44,45,59,60,66,87,90,94" hai3="26,29,34,46,47,84,88,93,99,102,105,133,135" /><INIT seed="5,1,1,4,1,60" ten="314,186,265,225" oya="1" hai0="42,29,57,8,72,93,126,116,7,48,52,89,103" hai1="82,94,125,132,81,44,118,134,37,99,122,115,121" hai2="40,46,129,64,69,50,106,96,76,16,135,2,65" hai3="109,114,51,12,36,23,4,87,1,61,11,101,6"/><U111/><E44/><V19/><F2/><W83/><G109/><T28/><D116/><U49/><E49/><N who="2" m="26823" /><F106/><W38/><G114/><T63/><D72/><U105/><E37/><V32/><F32/><W35/><G35/><T68/><D103/><N who="1" m="62719" /><E118/><V97/><F69/><W70/><G101/><T25/><D126/><U55/><E55/><V45/><F135/><N who="1" m="51753" /><E115/><V5/><F76/><W33/><G33/><T79/><D79/><U113/><E113/><V73/><F129/><W133/><G133/><T84/><D25/><U18/><E18/><N who="2" m="6699" /><F73/><W3/><G38/><T10/><D10/><U86/><E111/><V27/><F5/><W24/><G36/><T59/><D68/><U104/><E104/><V41/><F27/><W85/><G6/><T47/><D59/><U13/><E13/><AGARI ba="1,1" hai="7,8,13,28,29,42,47,48,52,57,63,84,89,93" machi="13" ten="30,3900,0" yaku="7,1,8,1,54,1" doraHai="60" who="0" fromWho="1" sc="314,52,186,-42,265,0,225,0" /><INIT seed="6,0,0,2,5,40" ten="366,144,265,225" oya="2" hai0="117,119,107,69,54,8,1,82,51,75,19,30,41" hai1="70,62,80,0,96,36,112,92,32,134,95,79,84" hai2="21,39,131,43,128,83,48,116,47,28,34,106,52" hai3="104,94,14,42,29,57,53,97,99,35,86,7,60"/><V73/><F116/><W118/><G118/><T111/><D111/><U74/><E0/><V125/><F106/><W22/><G35/><T2/><D69/><U9/><E32/><V113/><F113/><W115/><G115/><T10/><D107/><U88/><E112/><V38/><F125/><W59/><G104/><T13/><D30/><U64/><E36/><V6/><F6/><W120/><G120/><T12/><D41/><U90/><REACH who="1" step="1"/><E9/><REACH who="1" ten="366,134,265,225" step="2"/><V23/><F39/><W76/><G22/><T103/><D8/><U127/><E127/><V110/><F34/><W121/><G121/><T55/><D10/><U24/><E24/><V98/><F110/><W33/><G33/><T122/><D1/><U15/><E15/><V11/><F11/><W5/><G14/><T3/><D12/><U67/><E67/><V4/><F4/><W102/><G5/><T108/><D13/><U81/><E81/><V85/><F21/><W58/><G7/><T100/><D2/><U114/><E114/><V16/><F28/><W87/><G29/><T17/><D3/><U72/><E72/><V50/><F73/><W93/><G76/><T31/><D31/><U18/><E18/><V129/><F16/><W101/><G42/><T135/><D122/><U45/><E45/><N who="2" m="27663" /><F23/><W126/><G126/><T124/><D108/><U130/><E130/><V44/><F38/><W56/><AGARI ba="0,1" hai="53,56,57,58,59,60,86,87,93,94,97,99,101,102" machi="56" ten="30,4000,0" yaku="0,1,9,1,8,1" doraHai="40" who="3" fromWho="3" sc="366,-10,134,-10,265,-20,225,50" /><INIT seed="7,0,0,1,3,119" ten="356,124,245,275" oya="3" hai0="1,30,112,38,61,36,32,114,113,44,88,34,132" hai1="47,67,101,63,84,122,96,106,29,91,35,100,25" hai2="123,33,76,83,2,99,54,104,42,80,93,66,107" hai3="7,95,69,41,111,110,14,117,124,89,55,9,27"/><W18/><G117/><T90/><D132/><U10/><E47/><V118/><F118/><W8/><G69/><T11/><D61/><U49/><E49/><V85/><F33/><N who="0" m="12906" /><D30/><U125/><E10/><V64/><F2/><W87/><G124/><T78/><D78/><U65/><E65/><V58/><F42/><W130/><G130/><T28/><D28/><U23/><E101/><V39/><F39/><N who="0" m="14890" /><D44/><U97/><E97/><V70/><F70/><W5/><G41/><T59/><D59/><U51/><E51/><V22/><F107/><W6/><G27/><T17/><D17/><U20/><E125/><V115/><F104/><W103/><G103/><T77/><D77/><U13/><E13/><V134/><F134/><W62/><G62/><T3/><D11/><U82/><REACH who="1" step="1"/><E122/><REACH who="1" ten="356,114,245,275" step="2"/><V24/><F123/><W109/><G55/><T126/><D126/><U102/><E102/><V45/><F45/><W105/><G105/><T73/><D1/><AGARI ba="0,1" hai="1,5,6,7,8,9,14,18,87,89,95,109,110,111" machi="1" ten="40,2000,0" yaku="10,1" doraHai="119" who="3" fromWho="0" sc="356,-20,114,0,245,0,275,30" /><INIT seed="7,1,0,0,0,127" ten="336,114,245,305" oya="3" hai0="67,41,130,70,92,3,5,31,56,85,46,88,58" hai1="95,21,105,38,42,98,86,62,112,107,75,64,10" hai2="4,129,73,55,103,115,118,83,60,27,22,111,23" hai3="30,29,125,66,122,79,116,20,34,131,99,48,65"/><W69/><G116/><T94/><D130/><U33/><E86/><V124/><F111/><W53/><G122/><T63/><D31/><N who="3" m="11785" /><G34/><T121/><D121/><U89/><E21/><V45/><F118/><W13/><G69/><T24/><D24/><U119/><E119/><V120/><F120/><W52/><G125/><T49/><D5/><U102/><E33/><V110/><F110/><W7/><G131/><T44/><D3/><U17/><E112/><V6/><F124/><W101/><G79/><T100/><D100/><U47/><E75/><V84/><F73/><W91/><G101/><T50/><D94/><U96/><E10/><V11/><F115/><W57/><G53/><AGARI ba="1,0" hai="41,44,46,49,50,53,56,58,63,67,70,85,88,92" machi="53" ten="30,2000,0" yaku="7,1,54,1" doraHai="127" who="0" fromWho="3" sc="336,23,114,0,245,0,305,-23" owari="359,45.9,114,-38.6,245,-15.5,282,8.2" /></mjloggm>