<mjloggm ver="2.3"><GO type="169" lobby="0"/><UN n0="%E3%82%A2%E3%83%B3%E3%83%88%E3%83%AC%E3%83%BC%E3%82%B9" n1="%53%6F%6C%69%64" n2="%E3%81%BE%E3%81%A8%E3%81%9F" n3="%41%72%69%61" dan="16,17,16,16" rate="2081.17,2165.08,2117.57,2177.62" sx="M,M,M,F"/><TAIKYOKU oya="0"/><INIT seed="0,0,0,5,1,19" ten="250,250,250,250" oya="0" hai0="54,77,22,133,53,4,86,52,18,40,9,56,115" hai1="33,59,23,65,97,55,44,83,38,29,57,102,112" hai2="14,20,95,94,87,81,130,10,27,121,125,32,127" hai3="28,113,72,26,62,85,58,71,50,123,93,7,39"/><T45/><D115/><U131/><E112/><V30/><F95/><W98/><G72/><T51/><D133/><U49/><E33/><V122/><F94/><W48/><G39/><T8/><D56/><U17/><E131/><V119/><F130/><W105/><G113/><T42/><D42/><U3/><E3/><V114/><F114/><W84/><G7/><T96/><D4/><U76/><E29/><V108/><F87/><W37/><G37/><T31/><D31/><U16/><E17/><N who="2" m="12687" /><F81/><W6/><G6/><T67/><D67/><U68/><E38/><V15/><F108/><W70/><G105/><T61/><D61/><U82/><E68/><V100/><F100/><W60/><G123/><N who="2" m="47113" /><F119/><W36/><G36/><T78/><D96/><U63/><E76/><N who="0" m="29289" /><D86/><U116/><E116/><V11/><F10/><W120/><G120/><T5/><D5/><U73/><E73/><V106/><F106/><W35/><G71/><T99/><D99/><U110/><E110/><V132/><F132/><W25/><G70/><T66/><D66/><U43/><E59/><V128/><F128/><W74/><G74/><T101/><D101/><U41/><E65/><V12/><F11/><W88/><G62/><T79/><N who="0" m="29297" /><T107/><DORA hai="47" /><D107/><N who="1" m="63951" /><E43/><V129/><F129/><W2/><G60/><T0/><D0/><U135/><E135/><V103/><F103/><W64/><G2/><T104/><D104/><U89/><E89/><V46/><F46/><W92/><G64/><T111/><D111/><U24/><E44/><V124/><F30/><N who="3" m="19919" /><G58/><T90/><D90/><U134/><E134/><RYUUKYOKU ba="0,0" sc="250,10,250,10,250,10,250,-30" hai0="8,9,18,22,40,45,51,52,53,54" hai1="16,23,24,41,49,55,57,63,82,83" hai2="12,14,15,32,124,125,127" /><INIT seed="0,1,0,1,1,71" ten="260,260,260,220" oya="0" hai0="99,55,57,42,78,127,133,34,112,79,97,135,66" hai1="119,101,8,60,5,96,80,108,16,30,69,90,121" hai2="114,118,131,6,95,85,46,102,92,24,59,15,45" hai3="129,28,29,70,62,74,134,128,104,126,35,0,124"/><T100/><D112/><U53/><E119/><V40/><F114/><W2/><G62/><T106/><D34/><U115/><E115/><V67/><F131/><N who="3" m="50251" /><G70/><T91/><D66/><U81/><E121/><V93/><F46/><W11/><G74/><T3/><D3/><N who="3" m="1065" /><G104/><T130/><D42/><U105/><E108/><V26/><F102/><W98/><G98/><T44/><D44/><U109/><E109/><V110/><F118/><W20/><G35/><T88/><D130/><U36/><E36/><V17/><F6/><W27/><G134/><N who="0" m="51211" /><D127/><N who="3" m="48681" /><G11/><T103/><D55/><U10/><E53/><V117/><F110/><W125/><G125/><T32/><D57/><U123/><E69/><V22/><F117/><W111/><G111/><T41/><D32/><U50/><E60/><V120/><F59/><W31/><AGARI ba="1,0" hai="20,27,28,29,31" m="48681,1065,50251" machi="31" ten="40,8000,1" yaku="19,1,18,1,34,2" doraHai="71" who="3" fromWho="3" sc="260,-41,260,-21,260,-21,220,83" /><INIT seed="1,0,0,5,4,21" ten="219,239,239,303" oya="1" hai0="125,112,5,80,132,1,104,74,44,28,124,30,17" hai1="69,84,55,113,79,77,13,103,78,82,48,89,88" hai2="2,123,50,4,15,106,54,122,51,26,45,52,75" hai3="22,47,130,107,8,76,58,12,92,39,97,32,43"/><U41/><E113/><V63/><F75/><W57/><G32/><T110/><D104/><U72/><E69/><V86/><F106/><W114/><G114/><T70/><D70/><U95/><E41/><V23/><F2/><W36/><G36/><T87/><D112/><U83/><E13/><V10/><F63/><W71/><G71/><T133/><D74/><U29/><E29/><N who="0" m="11369" /><D44/><U90/><E55/><V19/><F86/><W131/><G107/><T33/><D87/><U96/><E48/><V121/><F121/><W116/><G76/><AGARI ba="0,0" hai="72,76,77,78,79,82,83,84,88,89,90,95,96,103" machi="76" ten="40,18000,2" yaku="35,6,54,1" doraHai="21" who="1" fromWho="3" sc="219,0,239,180,239,0,303,-180" /><INIT seed="1,1,0,5,3,27" ten="219,419,239,123" oya="1" hai0="29,110,41,104,93,6,92,30,106,81,47,90,67" hai1="88,108,43,42,65,132,16,105,32,38,46,24,80" hai2="17,118,87,101,22,15,85,19,134,100,45,3,97" hai3="83,62,124,28,49,91,58,11,36,119,123,8,59"/><U50/><E105/><V98/><F118/><W7/><G36/><T33/><D33/><U125/><E125/><V107/><F3/><W14/><G123/><T96/><D6/><U99/><E132/><V5/><F5/><W133/><G124/><T75/><D67/><U60/><E108/><V26/><F45/><W20/><G133/><T4/><D4/><U9/><E38/><V122/><F122/><W40/><G119/><T76/><D110/><U89/><E43/><V55/><F55/><N who="3" m="32111" /><G11/><T66/><D66/><U73/><E99/><V127/><F134/><W35/><G35/><T109/><D109/><U21/><E9/><BYE who="1" /><V64/><F64/><N who="3" m="39007" /><G40/><T86/><D106/><U1/><E1/><V0/><F0/><UN n1="%53%6F%6C%69%64" /><W72/><G72/><T44/><D44/><U78/><REACH who="1" step="1"/><E32/><REACH who="1" ten="219,409,239,123" step="2"/><V70/><F127/><W37/><G37/><T130/><D104/><U114/><E114/><V12/><F107/><W25/><G83/><T31/><D130/><U56/><AGARI ba="1,1" hai="16,21,24,42,46,50,56,60,65,73,78,80,88,89" machi="56" ten="20,12000,1" yaku="1,1,0,1,7,1,54,2,53,0" doraHai="27" doraHaiUra="48" who="1" fromWho="1" sc="219,-41,409,133,239,-41,123,-41" /><INIT seed="1,2,0,5,0,111" ten="178,542,198,82" oya="1" hai0="17,33,10,37,38,68,83,115,86,119,16,128,91" hai1="82,9,63,78,43,98,22,6,116,59,79,53,93" hai2="41,45,121,42,19,92,20,102,75,80,48,118,3" hai3="15,89,132,135,5,100,113,2,35,1,90,104,18"/><U125/><E116/><V110/><F3/><W54/><G35/><T0/><D119/><U11/><E125/><V57/><F121/><W127/><G104/><T134/><D68/><U107/><E107/><V103/><F110/><W46/><G100/><T47/><D33/><U108/><E108/><V120/><F120/><W96/><G127/><T66/><D66/><U122/><E122/><V65/><F75/><W30/><G30/><T99/><D128/><U29/><E43/><V67/><F80/><W73/><G73/><T36/><D134/><N who="3" m="51241" /><G5/><T69/><D69/><U26/><E82/><V39/><F39/><W71/><G71/><T133/><D133/><U55/><E55/><V25/><F102/><W56/><G46/><T87/><D99/><U130/><E130/><V114/><F103/><W84/><G96/><T123/><D123/><U7/><E7/><V12/><F45/><W64/><G64/><T61/><D61/><U31/><E31/><V52/><F67/><W124/><G90/><T126/><D47/><U106/><E106/><V131/><F65/><W94/><G113/><T49/><D126/><U23/><E23/><V60/><F114/><W76/><G76/><N who="1" m="29226" /><E6/><V95/><F131/><W88/><G124/><T72/><D72/><U44/><E44/><V50/><F118/><W62/><G89/><AGARI ba="2,0" hai="9,11,22,26,29,53,59,63,89,93,98" m="29226" machi="89" ten="30,1500,0" yaku="8,1" doraHai="111" who="1" fromWho="3" sc="178,0,542,21,198,0,82,-21" /><INIT seed="1,3,0,3,1,74" ten="178,563,198,61" oya="1" hai0="33,66,69,120,127,58,116,63,15,42,75,78,57" hai1="93,104,38,49,11,126,41,85,133,5,99,86,71" hai2="37,68,36,44,98,1,95,102,24,115,87,105,100" hai3="94,8,121,103,39,114,19,122,113,9,130,61,20"/><U67/><E104/><V48/><F1/><W46/><G39/><T54/><D33/><U28/><E38/><V83/><F68/><W59/><G130/><T29/><D29/><U51/><E126/><V129/><F129/><W72/><G72/><T77/><D75/><U81/><E133/><V31/><F102/><W14/><G46/><T117/><D116/><U79/><E28/><V0/><F0/><W16/><G122/><T60/><D117/><U50/><E71/><V32/><F105/><W92/><G121/><T40/><D120/><U26/><E67/><V23/><F32/><W106/><G106/><T64/><D127/><U134/><E26/><V124/><F115/><W110/><G110/><T97/><D97/><U21/><E21/><V132/><F132/><W91/><G103/><T73/><D73/><U96/><E134/><V56/><F56/><W4/><G19/><T43/><REACH who="0" step="1"/><D15/><REACH who="0" ten="168,563,198,61" step="2"/><N who="1" m="5615" /><E41/><V101/><F124/><W35/><G35/><T34/><D34/><U125/><E125/><V84/><F84/><W128/><G128/><T12/><D12/><U88/><AGARI ba="3,1" hai="49,50,51,79,81,85,86,88,93,96,99" m="5615" machi="88" ten="30,6000,0" yaku="8,1,52,1,54,1" doraHai="74" who="1" fromWho="1" sc="168,-23,563,79,198,-23,61,-23" /><INIT seed="1,4,0,3,1,37" ten="145,642,175,38" oya="1" hai0="126,113,28,13,90,79,85,15,34,36,119,42,74" hai1="86,108,1,109,89,33,117,60,35,62,21,80,56" hai2="125,7,75,14,97,43,41,130,121,78,131,98,0" hai3="18,52,91,11,29,116,23,111,95,4,49,44,93"/><U71/><E117/><V48/><F121/><W120/><G111/><N who="1" m="42570" /><E1/><V5/><F48/><W88/><G116/><T96/><D113/><U100/><E100/><V57/><F57/><W132/><G132/><T107/><D28/><U19/><E71/><V3/><F14/><N who="3" m="5479" /><G29/><T133/><D34/><N who="1" m="12811" /><E56/><V103/><F103/><W134/><G134/><T31/><D79/><U22/><E22/><V99/><F78/><W112/><G120/><T61/><D74/><U40/><E40/><N who="2" m="15435" /><F75/><W55/><G112/><T50/><D42/><U92/><E80/><V66/><F66/><W54/><G95/><T70/><D36/><U38/><E38/><V110/><F110/><W124/><G124/><T127/><D126/><U47/><E47/><V2/><F125/><W8/><G8/><T101/><D127/><U87/><E87/><V9/><F9/><W32/><G32/><T106/><D133/><U64/><E64/><V104/><F104/><W83/><G83/><T53/><D106/><U46/><E46/><V10/><F10/><W65/><G65/><N who="0" m="41263" /><D119/><U63/><E62/><V73/><F73/><W69/><G69/><T45/><D107/><U72/><E72/><V84/><F84/><N who="3" m="52359" /><G91/><T39/><D101/><U135/><E135/><V67/><F67/><W27/><AGARI ba="4,0" hai="18,23,27,44,49,52,54,55" m="52359,5479" machi="27" ten="30,4000,0" yaku="8,1,54,2" doraHai="37" who="3" fromWho="3" sc="145,-14,642,-24,175,-14,38,52" /><INIT seed="2,0,0,5,4,81" ten="131,618,161,90" oya="2" hai0="72,90,51,99,82,29,129,100,79,36,76,116,3" hai1="86,27,74,131,71,46,0,134,17,93,67,65,5" hai2="117,98,132,35,44,120,115,11,24,1,123,21,127" hai3="18,19,110,112,26,95,50,14,62,7,118,70,121"/><V128/><F44/><W22/><G118/><T48/><D36/><U133/><E74/><V20/><F98/><W56/><G121/><N who="2" m="46665" /><F117/><W84/><G70/><T68/><D3/><U32/><E131/><V43/><F43/><W101/><G112/><T135/><D29/><U23/><E32/><V10/><F115/><W58/><G110/><T55/><D68/><U30/><E46/><V9/><F128/><W102/><G7/><T126/><D48/><U49/><E49/><V66/><F66/><W40/><G56/><T42/><D42/><U104/><E104/><V61/><F61/><W60/><G60/><T97/><D55/><U89/><E71/><V4/><F132/><N who="1" m="50793" /><E30/><N who="2" m="19911" /><F127/><W107/><G107/><N who="0" m="63887" /><D51/><U92/><E92/><V122/><N who="2" m="46673" /><V16/><DORA hai="73" /><F21/><N who="3" m="11479" /><G40/><T57/><D57/><U75/><E75/><V53/><F53/><N who="3" m="32055" /><G62/><T6/><D135/><U88/><E67/><V109/><F109/><W64/><G64/><T8/><D129/><U113/><E65/><V119/><F119/><W108/><G108/><T41/><D41/><U54/><E113/><V37/><F37/><W25/><G25/><AGARI ba="0,0" hai="1,4,9,10,11,16,20,25" m="19911,46673" machi="25" ten="40,7700,0" yaku="34,2,54,1" doraHai="81,73" who="2" fromWho="3" sc="131,0,618,0,161,77,90,-77" /><INIT seed="2,1,0,4,0,65" ten="131,618,238,13" oya="2" hai0="42,108,122,119,107,21,39,113,46,104,78,3,81" hai1="44,70,121,77,19,56,73,129,4,10,13,114,126" hai2="131,90,33,71,97,63,34,80,54,128,88,67,59" hai3="115,9,51,134,99,55,49,135,66,1,112,87,47"/><V2/><F2/><W57/><G1/><T111/><D21/><U64/><E114/><N who="3" m="43562" /><G9/><T20/><D20/><U72/><E126/><V101/><F80/><W5/><G5/><T27/><D27/><U38/><E129/><N who="2" m="49739" /><F33/><W93/><G87/><T12/><D12/><U82/><E121/><V75/><F75/><W133/><G93/><T85/><D122/><U28/><E28/><V37/><F37/><W110/><G99/><T76/><D113/><U50/><E38/><V35/><F35/><W6/><G6/><T69/><D76/><U130/><E130/><V43/><F43/><N who="3" m="24831" /><G66/><T41/><D3/><U68/><E73/><V91/><F34/><W52/><G55/><T89/><D78/><U100/><E100/><V117/><F101/><W31/><G31/><T45/><D104/><U86/><E72/><V92/><F67/><W98/><G98/><T105/><D107/><U95/><E95/><V125/><F92/><W84/><G84/><T0/><D105/><U26/><E26/><V22/><F97/><W7/><G7/><T103/><D103/><U61/><E19/><V109/><F54/><AGARI ba="1,0" hai="4,10,13,44,50,54,56,61,64,68,70,77,82,86" machi="54" ten="30,3900,0" yaku="7,1,52,2" doraHai="65" who="1" fromWho="2" sc="131,0,618,42,238,-42,13,0" /><INIT seed="3,0,0,2,1,1" ten="131,660,196,13" oya="3" hai0="85,23,44,56,49,19,89,13,99,76,14,100,50" hai1="75,4,120,84,121,86,62,112,104,31,40,59,51" hai2="82,58,11,26,111,135,98,110,67,16,22,102,122" hai3="30,15,45,66,90,95,38,126,48,103,130,33,17"/><W65/><G38/><T114/><D114/><U127/><E112/><V107/><F135/><W34/><G126/><T73/><D73/><U5/><E75/><V60/><F122/><W68/><G103/><T42/><D76/><U36/><E104/><V46/><F82/><W63/><G66/><T134/><D134/><U6/><E127/><V69/><F69/><W28/><G130/><T117/><D117/><U125/><E36/><V113/><F113/><W79/><G79/><T12/><D99/><U3/><E3/><V10/><REACH who="2" step="1"/><F46/><REACH who="2" ten="131,660,186,13" step="2"/><W83/><G83/><N who="0" m="49343" /><D100/><U39/><E120/><V80/><F80/><W54/><G33/><T74/><D74/><U118/><E121/><V109/><AGARI ba="0,1" hai="10,11,16,22,26,58,60,67,98,102,107,109,110,111" machi="109" ten="30,7900,0" yaku="1,1,0,1,14,1,54,1,53,0" doraHai="1" doraHaiUra="27" who="2" fromWho="2" sc="131,-20,660,-20,186,89,13,-39" owari="111,-28.9,640,74.0,275,7.5,-26,-52.6" /></mjloggm>