<mjloggm ver="2.3"><GO type="169" lobby="0"/><UN n0="%E5%BA%84%E5%8F%B8%E5%81%A5%E5%A4%AA%E6%9C%97" n1="%E4%BA%9C%E6%9C%88" n2="%6D%61%74%74%75%61%6E" n3="%4B%69%74%61%6D%75%72%61" dan="16,17,18,18" rate="2037.55,2195.38,2268.07,2305.81" sx="M,M,M,F"/><TAIKYOKU oya="0"/><INIT seed="0,0,0,4,4,103" ten="250,250,250,250" oya="0" hai0="21,88,131,84,111,94,133,30,65,80,89,23,71" hai1="134,47,54,119,29,7,78,98,127,49,40,45,34" hai2="46,50,104,126,108,86,4,43,130,61,102,22,31" hai3="44,109,24,38,3,36,135,27,16,59,12,56,20"/><T123/><D123/><U25/><E119/><V5/><F108/><W35/><G109/><T107/><D111/><U15/><E127/><V73/><F73/><W113/><G113/><T52/><D133/><U8/><E134/><V10/><F126/><W74/><G135/><T112/><D112/><U106/><E78/><V97/><F130/><W90/><G74/><T53/><D131/><U120/><E120/><V11/><F61/><W83/><G3/><T87/><D107/><U17/><E98/><V82/><F5/><W28/><G27/><N who="0" m="16751" /><D71/><U66/><E66/><V117/><F117/><W41/><REACH who="3" step="1"/><G38/><REACH who="3" ten="250,250,250,240" step="2"/><T57/><D23/><U93/><E25/><V69/><F22/><W114/><G114/><T18/><D18/><U100/><E17/><V32/><F31/><W39/><G39/><T77/><D77/><U91/><E29/><V37/><F37/><W132/><G132/><T79/><D79/><U48/><E34/><V6/><F32/><W122/><G122/><T99/><D84/><AGARI ba="0,1" hai="12,16,20,24,28,35,36,41,44,56,59,83,84,90" machi="84" ten="40,5200,0" yaku="1,1,54,1,53,1" doraHai="103" doraHaiUra="76" who="3" fromWho="0" sc="250,-52,250,0,250,0,240,62" /><INIT seed="1,0,0,0,4,67" ten="198,250,250,302" oya="1" hai0="12,40,85,112,119,4,121,99,7,43,0,35,30" hai1="134,53,17,38,135,52,106,48,114,65,91,14,84" hai2="9,77,72,93,125,107,76,59,102,132,58,129,116" hai3="24,66,27,21,10,111,83,15,64,70,47,128,74"/><U95/><E114/><V54/><F116/><W130/><G111/><T78/><D119/><U68/><E38/><V118/><F118/><W82/><G47/><T18/><D112/><U103/><E106/><V75/><F107/><W6/><G27/><T25/><D121/><U37/><E37/><V109/><F109/><W69/><G64/><T126/><D99/><U8/><E103/><V90/><F102/><W97/><G97/><T31/><D78/><U19/><E19/><V79/><F129/><N who="3" m="49771" /><G66/><T60/><D85/><U127/><E127/><V113/><F113/><W16/><G74/><T56/><D126/><U28/><E28/><V29/><F29/><W71/><AGARI ba="0,0" hai="6,10,15,16,21,24,69,70,71,82,83" m="49771" machi="71" ten="40,8000,1" yaku="19,1,52,3,54,1" doraHai="67" who="3" fromWho="3" sc="198,-20,250,-40,250,-20,302,80" /><INIT seed="2,0,0,3,4,64" ten="178,210,230,382" oya="2" hai0="1,10,36,27,70,42,5,131,118,107,108,97,35" hai1="123,80,38,127,8,81,84,95,96,105,51,58,104" hai2="2,102,133,22,76,86,114,53,16,25,39,130,34" hai3="74,31,56,87,120,19,110,109,125,98,93,24,119"/><V13/><F114/><W63/><G119/><T11/><D108/><U83/><E127/><V79/><F2/><W0/><G74/><T112/><D11/><U54/><E38/><V46/><F130/><W117/><G117/><T67/><D118/><U44/><E123/><V68/><F133/><W60/><G120/><T6/><D6/><U62/><E8/><V52/><F68/><W47/><G0/><T82/><D82/><U26/><E26/><V37/><F102/><W66/><G19/><T116/><D116/><U18/><E18/><V135/><F135/><W111/><G125/><T134/><D134/><U28/><E28/><V122/><F122/><W72/><G72/><T124/><D124/><U75/><E75/><V21/><F34/><W23/><G63/><N who="0" m="40319" /><D112/><U103/><REACH who="1" step="1"/><E84/><REACH who="1" ten="178,200,230,382" step="2"/><V77/><F86/><W12/><G87/><T128/><D36/><U20/><E20/><V99/><F99/><W71/><G31/><N who="0" m="19967" /><D42/><AGARI ba="0,1" hai="42,44,51,54,58,62,80,81,83,95,96,103,104,105" machi="42" ten="40,1300,0" yaku="1,1,53,0" doraHai="64" doraHaiUra="129" who="1" fromWho="0" sc="178,-13,200,23,230,0,382,0" /><INIT seed="3,0,0,3,2,43" ten="165,223,230,382" oya="3" hai0="98,82,44,0,54,40,23,15,18,73,120,55,53" hai1="24,42,95,89,41,83,127,17,19,134,3,51,5" hai2="61,32,115,66,7,10,58,106,126,47,35,121,103" hai3="124,25,109,131,30,133,118,135,70,107,27,29,128"/><W69/><G107/><T21/><D120/><U45/><E127/><V57/><F115/><W67/><G67/><T132/><D132/><N who="3" m="50761" /><G118/><T111/><D111/><U81/><E134/><V113/><F113/><W84/><G84/><T122/><D122/><U93/><E42/><V12/><F126/><W37/><G37/><T6/><D23/><U116/><E116/><V72/><F72/><W33/><G124/><T34/><D34/><U110/><E110/><V52/><F121/><W49/><G49/><T8/><D98/><U11/><E95/><V114/><F114/><W123/><G123/><T75/><REACH who="0" step="1"/><D82/><REACH who="0" ten="155,223,230,382" step="2"/><U50/><E83/><V86/><F35/><N who="3" m="20911" /><G109/><T39/><AGARI ba="0,1" hai="0,6,8,15,18,21,39,40,44,53,54,55,73,75" machi="39" ten="30,4000,0" yaku="1,1,0,1,52,1,53,0" doraHai="43" doraHaiUra="91" who="0" fromWho="0" sc="155,50,223,-10,230,-10,382,-20" /><INIT seed="4,0,0,0,2,127" ten="205,213,220,362" oya="0" hai0="63,65,70,3,106,32,85,87,2,110,11,46,96" hai1="107,26,102,30,19,78,72,59,77,53,57,125,119" hai2="44,135,92,100,71,12,38,132,122,36,37,58,20" hai3="114,22,51,94,82,50,29,66,84,17,18,75,99"/><T120/><D120/><U133/><E125/><V31/><F71/><W8/><G75/><T28/><D110/><U52/><E119/><V41/><F122/><W43/><G114/><T56/><D46/><U54/><E133/><N who="2" m="51275" /><F58/><W5/><G66/><T27/><D56/><U40/><E40/><V81/><F81/><W129/><G29/><T74/><D74/><U9/><E107/><V14/><F31/><W91/><G43/><T55/><D55/><U24/><E102/><V83/><F83/><W90/><G18/><T6/><REACH who="0" step="1"/><D3/><REACH who="0" ten="195,213,220,362" step="2"/><U79/><E72/><V80/><F44/><W88/><G51/><T45/><D45/><U93/><E59/><V103/><F41/><W123/><G50/><T33/><D33/><U16/><E57/><V13/><F38/><W34/><G34/><T76/><D76/><U116/><E78/><V67/><F37/><W95/><G123/><T117/><D117/><U62/><E116/><V108/><F36/><W4/><G91/><T48/><D48/><U104/><E79/><V15/><F108/><W130/><G88/><T101/><AGARI ba="0,1" hai="2,6,11,27,28,32,63,65,70,85,87,96,101,106" machi="101" ten="30,11700,0" yaku="1,1,0,1,25,2,53,0" doraHai="127" doraHaiUra="113" who="0" fromWho="0" sc="195,127,213,-39,220,-39,362,-39" /><INIT seed="4,1,0,4,3,110" ten="322,174,181,323" oya="0" hai0="44,21,102,76,119,74,118,63,24,48,16,10,3" hai1="125,49,37,96,36,72,114,107,130,9,86,73,7" hai2="91,97,92,112,67,129,100,65,82,60,131,17,20" hai3="33,2,122,40,45,93,75,99,13,117,5,66,14"/><T77/><D74/><U57/><E130/><N who="2" m="49675" /><F112/><W41/><G117/><T78/><D102/><U81/><E125/><V98/><F60/><W53/><G33/><T11/><D63/><U59/><E107/><N who="2" m="63887" /><F82/><W70/><G70/><T113/><D113/><U30/><E96/><V27/><AGARI ba="1,0" hai="17,20,27,65,67,91,92,98" m="63887,49675" machi="27" ten="30,1100,0" yaku="19,1" doraHai="110" who="2" fromWho="2" sc="322,-6,174,-4,181,14,323,-4" /><INIT seed="5,0,0,5,5,45" ten="316,170,195,319" oya="1" hai0="25,48,34,106,133,12,108,23,112,30,64,24,128" hai1="20,47,132,18,87,83,104,52,59,129,100,0,130" hai2="127,8,46,135,111,76,17,69,7,88,118,101,27" hai3="113,63,80,78,35,117,39,54,65,68,57,9,114"/><U56/><E0/><V99/><F111/><W32/><G39/><T21/><D106/><U105/><E132/><V74/><F118/><W55/><G117/><T125/><D64/><U93/><E47/><V50/><F69/><W119/><G9/><T53/><D108/><U107/><E93/><V16/><F127/><W37/><G37/><T98/><D112/><N who="3" m="43113" /><G119/><T5/><D128/><N who="1" m="49259" /><E100/><V3/><F135/><W116/><G116/><T134/><D125/><U58/><E18/><V49/><F17/><W13/><G13/><T28/><D98/><U29/><E20/><V33/><F46/><W67/><G67/><T109/><D109/><U42/><E42/><V94/><F33/><N who="3" m="12875" /><G68/><T103/><D103/><U85/><E29/><V77/><F101/><W96/><G96/><T66/><D34/><U91/><E87/><AGARI ba="0,0" hai="54,55,57,63,65,78,80,87" m="12875,43113" machi="87" ten="30,1000,0" yaku="15,1" doraHai="45" who="3" fromWho="1" sc="316,0,170,-10,195,0,319,10" /><INIT seed="6,0,0,1,1,28" ten="316,160,195,329" oya="2" hai0="22,93,114,72,104,130,122,16,48,27,54,87,77" hai1="25,132,7,56,134,34,81,14,43,67,12,89,117" hai2="30,41,21,102,62,78,49,74,45,108,121,53,31" hai3="44,58,8,50,85,135,47,6,71,57,75,124,131"/><V92/><F121/><W40/><G75/><T84/><D104/><U52/><E117/><V125/><F125/><W128/><G71/><T94/><D122/><U105/><E105/><V15/><F108/><W69/><G69/><T106/><D106/><U9/><E43/><V79/><F74/><W33/><G124/><T61/><D114/><U91/><E67/><V55/><F31/><W0/><G135/><N who="1" m="51754" /><E14/><V37/><F37/><W83/><G47/><N who="0" m="27935" /><D72/><U68/><E68/><V99/><F30/><W107/><G107/><T5/><D5/><U17/><E81/><V63/><F55/><W127/><G127/><T126/><D130/><N who="3" m="49705" /><G33/><T110/><D110/><U42/><E42/><V29/><F29/><W13/><G0/><T3/><D3/><N who="1" m="255" /><E25/><V39/><F39/><W51/><G51/><T24/><D27/><U23/><E34/><V73/><F73/><W19/><G6/><T113/><D113/><U98/><E98/><V10/><F21/><W119/><G119/><T112/><D112/><U96/><E96/><V120/><F120/><W129/><G129/><T86/><D77/><AGARI ba="0,0" hai="8,13,19,40,44,50,57,58,77,83,85" m="49705" machi="77" ten="30,1000,0" yaku="19,1" doraHai="28" who="3" fromWho="0" sc="316,-10,160,0,195,0,329,10" /><INIT seed="7,0,0,4,5,51" ten="306,160,195,339" oya="3" hai0="111,123,133,23,92,47,22,69,68,32,85,45,46" hai1="115,116,110,34,26,132,11,94,102,16,20,61,60" hai2="125,65,93,103,8,88,5,113,80,112,82,30,70" hai3="131,13,9,96,119,1,63,101,98,118,6,83,89"/><W90/><G131/><T100/><D111/><U53/><E110/><V0/><F125/><W50/><G1/><T74/><D74/><U75/><E75/><V129/><F129/><W21/><G63/><T135/><D32/><U37/><E37/><V24/><F103/><W66/><G66/><T72/><D72/><U134/><E115/><N who="2" m="44107" /><F65/><W14/><G50/><T3/><D3/><U126/><E126/><V62/><F62/><W33/><G33/><T73/><D73/><U106/><E106/><V56/><F56/><W104/><G98/><T97/><D85/><U81/><E34/><N who="2" m="20807" /><F70/><W120/><G119/><T19/><D123/><U109/><E109/><V36/><F36/><W76/><G120/><T91/><D100/><U58/><E116/><V67/><F67/><W35/><G118/><T78/><D78/><U40/><E40/><V77/><F77/><W2/><G35/><T38/><D38/><U55/><E81/><V86/><AGARI ba="0,0" hai="0,5,8,80,82,86,88,93" m="20807,44107" machi="86" ten="30,2000,0" yaku="15,1,54,1" doraHai="51" who="2" fromWho="2" sc="306,-5,160,-5,195,20,339,-10" owari="301,10.1,155,-34.5,215,-18.5,329,42.9" /></mjloggm>