<mjloggm ver="2.3"><GO type="169" lobby="0"/><UN n0="%E3%81%95%E3%81%8D%E3%81%8A%E3%80%82" n1="%E4%B8%89%E6%B2%B3%E5%B1%8B%E3%81%AE%E3%82%B5%E3%83%96" n2="%E3%81%A8%E3%82%8D%E3%82%8D%E3%81%9D%E3%81%B0" n3="%E5%8D%93%E4%B8%8A%E3%81%AE%E5%85%AC%E5%8B%99%E5%93%A1" dan="16,16,17,16" rate="2135.74,2140.40,2259.17,2125.51" sx="M,M,M,M"/><TAIKYOKU oya="0"/><INIT seed="0,0,0,3,3,103" ten="250,250,250,250" oya="0" hai0="80,123,19,32,101,68,4,48,46,75,82,2,25" hai1="7,119,36,61,79,104,63,133,89,94,10,3,120" hai2="67,28,87,125,30,102,111,132,50,70,131,81,53" hai3="34,105,60,41,99,117,90,76,16,84,15,0,59"/><T14/><D68/><U64/><E119/><V35/><F111/><W43/><G0/><T88/><D123/><U21/><E120/><V73/><F73/><W26/><G76/><T47/><D75/><U110/><E110/><V42/><F125/><W116/><G116/><T86/><D80/><U52/><E133/><V72/><F72/><W127/><G127/><T126/><D126/><U8/><E36/><V93/><F42/><W71/><G71/><T33/><D47/><U134/><E134/><V124/><F35/><W58/><G26/><T113/><D113/><U135/><E135/><V96/><F131/><W29/><G29/><T39/><D39/><U5/><E79/><V56/><F132/><W100/><G34/><T51/><D51/><U106/><E21/><V27/><F27/><W98/><G98/><T13/><D101/><U109/><E109/><V85/><F85/><W22/><G59/><T78/><D78/><U65/><E52/><V69/><F69/><W66/><REACH who="3" step="1"/><G117/><REACH who="3" ten="250,250,250,240" step="2"/><T108/><D2/><U18/><E3/><V37/><F124/><W121/><G121/><T6/><D108/><U54/><E89/><V83/><F28/><W97/><G97/><T107/><D32/><U91/><E91/><V24/><F30/><W77/><G77/><T1/><D1/><U44/><E44/><V122/><F122/><W23/><G23/><N who="0" m="13567" /><D33/><U95/><E54/><V57/><F70/><W128/><G128/><T74/><D74/><U17/><AGARI ba="0,1" hai="5,7,8,10,17,18,61,63,64,65,94,95,104,106" machi="17" ten="25,8000,1" yaku="0,1,22,2,52,2" doraHai="103" who="1" fromWho="1" sc="250,-40,250,90,250,-20,240,-20" /><INIT seed="1,0,0,0,3,115" ten="210,340,230,220" oya="1" hai0="105,43,2,70,17,58,19,87,5,130,15,65,125" hai1="23,77,95,55,106,81,66,27,64,89,103,91,52" hai2="11,74,120,110,85,76,83,99,24,42,61,4,8" hai3="1,50,122,96,102,92,135,45,86,9,49,26,109"/><U132/><E132/><V57/><F120/><W107/><G122/><T126/><D105/><U112/><E112/><V78/><F110/><W59/><G109/><T60/><D2/><U108/><E108/><V84/><F42/><W33/><G135/><T28/><D5/><U73/><E106/><V41/><F41/><W116/><G116/><T44/><D28/><U127/><E103/><V12/><F78/><W40/><G33/><T128/><D87/><U100/><E100/><V38/><F38/><W32/><G32/><T47/><D15/><U3/><E3/><V118/><F118/><W69/><G69/><T133/><D17/><U21/><E127/><N who="0" m="48649" /><D19/><U14/><E14/><V90/><F24/><W54/><G26/><T62/><D133/><U104/><E104/><V29/><F29/><W79/><G1/><T88/><D88/><U10/><E10/><V93/><F11/><W94/><G9/><T20/><D20/><U134/><E134/><V129/><F129/><N who="0" m="49770" /><D43/><U101/><E101/><V53/><AGARI ba="0,0" hai="4,8,12,53,57,61,74,76,83,84,85,90,93,99" machi="53" ten="20,1500,0" yaku="0,1,7,1" doraHai="115" who="2" fromWho="2" sc="210,-4,340,-7,230,15,220,-4" /><INIT seed="2,0,0,3,0,125" ten="206,333,245,216" oya="2" hai0="84,74,96,35,14,95,61,0,77,76,68,8,16" hai1="88,122,71,12,62,133,65,90,81,48,85,42,52" hai2="99,36,10,58,45,97,3,6,94,47,131,118,34" hai3="37,54,20,51,114,25,121,40,69,105,67,128,66"/><V1/><F118/><W110/><G105/><T104/><D35/><U113/><E133/><V49/><F34/><W120/><G25/><T103/><D0/><U15/><E113/><V27/><F1/><W24/><G24/><T130/><D130/><U83/><E42/><V7/><F7/><W31/><G31/><T57/><D68/><U135/><E122/><V44/><F36/><W39/><G20/><T17/><D74/><U82/><E135/><V117/><F117/><W89/><G89/><T21/><D84/><U41/><E41/><V101/><F27/><W55/><G40/><T46/><D46/><U23/><E23/><V91/><F58/><W2/><G2/><T119/><D119/><U98/><E98/><V126/><F126/><W87/><G87/><T70/><D70/><U50/><E50/><V93/><REACH who="2" step="1"/><F131/><REACH who="2" ten="206,333,235,216" step="2"/><W102/><G128/><T59/><D59/><U134/><E134/><V107/><F107/><W5/><G69/><T22/><D104/><U124/><E124/><V106/><F106/><W86/><G5/><T19/><D22/><U33/><E33/><V73/><F73/><W28/><G121/><T32/><D32/><U100/><E71/><V13/><F13/><W72/><G72/><T56/><D56/><U9/><E15/><V132/><F132/><W26/><G26/><N who="0" m="14631" /><D19/><U63/><E12/><V115/><F115/><W112/><G114/><T75/><D75/><U111/><E9/><V123/><F123/><W4/><G112/><T127/><D127/><U129/><E129/><V38/><F38/><W108/><G120/><T64/><AGARI ba="0,1" hai="8,14,17,57,61,64,76,77,95,96,103" m="14631" machi="64" ten="30,4000,0" yaku="5,1,8,1,54,1" doraHai="125" who="0" fromWho="0" sc="206,50,333,-10,235,-20,216,-10" /><INIT seed="3,0,0,3,5,55" ten="256,323,215,206" oya="3" hai0="2,43,28,120,116,132,134,71,85,95,51,29,12" hai1="63,15,14,84,6,26,94,56,13,129,35,127,37" hai2="81,91,125,47,104,68,8,87,36,106,58,3,23" hai3="70,121,102,103,19,77,48,75,30,117,20,52,42"/><W92/><G121/><T5/><D71/><U54/><E129/><V61/><F68/><W60/><G117/><T17/><D120/><U9/><E37/><V130/><F130/><W18/><G75/><T27/><D95/><U98/><E127/><V109/><F125/><W22/><G77/><T124/><D85/><U31/><REACH who="1" step="1"/><E84/><REACH who="1" ten="256,313,215,206" step="2"/><V110/><F36/><W10/><G30/><T72/><D124/><U0/><E0/><V11/><F3/><W101/><G10/><T93/><D2/><U89/><AGARI ba="0,1" hai="6,9,13,14,15,26,31,35,54,56,63,89,94,98" machi="89" ten="20,5200,0" yaku="1,1,0,1,7,1,52,1,53,0" doraHai="55" doraHaiUra="32" who="1" fromWho="1" sc="256,-13,313,62,215,-13,206,-26" /><INIT seed="4,0,0,4,2,62" ten="243,375,202,180" oya="0" hai0="13,3,7,76,10,81,108,43,34,95,84,5,89" hai1="124,36,119,55,8,59,51,107,45,113,85,114,96" hai2="133,130,128,123,83,53,37,2,67,97,11,93,23" hai3="42,111,31,63,99,65,27,101,75,28,134,30,135"/><T9/><D108/><U12/><E119/><V49/><F123/><W33/><G42/><T56/><D34/><U86/><E124/><V61/><F37/><W112/><G112/><N who="1" m="43114" /><E107/><V98/><F133/><N who="3" m="50699" /><G75/><T116/><D43/><N who="1" m="22759" /><E96/><V47/><F83/><W127/><G127/><T103/><D103/><U58/><E58/><V66/><F98/><W79/><G79/><T60/><D116/><U70/><E70/><V17/><F11/><W68/><G111/><T122/><D122/><U117/><E117/><V54/><F2/><W25/><G25/><T91/><REACH who="0" step="1"/><D95/><AGARI ba="0,0" hai="27,28,30,31,33,63,65,68,95,99,101" m="50699" machi="95" ten="30,2000,0" yaku="20,1,52,1" doraHai="62" who="3" fromWho="0" sc="243,-20,375,0,202,0,180,20" /><INIT seed="5,0,0,3,5,82" ten="223,375,202,200" oya="1" hai0="30,97,28,125,87,95,121,26,10,88,35,80,34" hai1="69,123,124,119,55,122,86,73,111,64,126,85,24" hai2="67,109,74,94,66,105,17,62,54,25,21,48,93" hai3="37,101,6,16,79,31,134,128,58,5,53,50,11"/><U84/><E119/><V8/><F109/><W77/><G128/><T13/><D125/><N who="1" m="48235" /><E111/><V98/><F74/><W57/><G37/><T133/><D133/><U100/><E73/><V120/><F120/><N who="1" m="46121" /><E100/><V45/><F105/><W89/><G31/><T41/><D41/><U91/><E55/><V15/><F62/><W71/><G71/><T20/><D28/><U23/><E64/><V78/><F78/><N who="3" m="29707" /><G101/><T113/><D113/><U32/><E69/><V61/><F61/><W9/><G11/><T68/><D68/><U39/><E32/><V115/><F115/><W65/><G57/><T60/><D60/><U3/><E3/><V112/><F112/><W59/><G59/><T103/><REACH who="0" step="1"/><D121/><REACH who="0" ten="213,375,202,200" step="2"/><U14/><E39/><V63/><F63/><W130/><G134/><T107/><D107/><U83/><E14/><V44/><F67/><W56/><G65/><T19/><AGARI ba="0,1" hai="10,13,19,20,26,30,34,35,80,87,88,95,97,103" machi="19" ten="20,8000,1" yaku="1,1,0,1,7,1,52,1,54,1,53,0" doraHai="82" doraHaiUra="75" who="0" fromWho="0" sc="213,90,375,-40,202,-20,200,-20" /><INIT seed="6,0,0,1,3,115" ten="303,335,182,180" oya="2" hai0="34,113,111,134,28,131,41,77,135,27,23,6,59" hai1="22,66,61,129,132,63,31,49,75,17,51,89,123" hai2="55,26,96,48,1,56,97,102,16,14,105,116,117" hai3="3,57,50,98,53,69,25,42,9,120,119,58,8"/><V35/><F1/><W76/><G120/><T133/><D113/><U92/><E75/><V62/><F97/><W126/><G69/><T79/><D111/><U43/><E123/><V83/><F83/><W114/><G114/><T54/><D41/><U108/><E108/><V45/><F26/><W38/><G38/><T88/><D131/><U100/><E129/><V46/><F35/><W95/><G42/><T32/><D6/><U52/><E132/><V37/><F37/><W106/><G106/><T85/><D77/><U13/><E100/><V94/><F105/><W2/><G76/><T68/><D68/><U122/><E122/><V30/><F30/><W39/><G39/><T36/><D79/><U73/><E31/><V82/><F82/><W18/><G25/><T130/><D36/><U4/><E4/><V33/><F33/><W93/><G53/><T81/><D130/><U124/><E124/><V71/><F46/><W101/><G98/><T65/><D65/><U60/><E73/><V118/><F71/><W86/><G86/><T5/><D5/><U29/><E29/><V90/><F102/><W67/><G101/><T74/><D74/><U103/><E103/><V78/><F78/><W125/><G67/><T112/><D112/><U19/><E19/><V80/><F80/><W7/><G7/><T104/><D104/><U10/><E66/><N who="2" m="39239" /><F118/><W109/><G119/><T70/><D70/><U110/><E110/><V72/><F72/><W24/><G109/><T121/><D121/><U12/><E89/><V15/><F15/><W99/><G2/><T107/><D107/><RYUUKYOKU ba="0,0" sc="303,15,335,-15,182,15,180,-15" hai0="23,27,28,32,34,54,59,81,85,88,133,134,135" hai2="14,16,45,48,55,90,94,96,116,117" /><INIT seed="6,1,0,4,4,69" ten="318,320,197,165" oya="2" hai0="51,111,17,38,81,131,88,67,21,15,114,109,82" hai1="3,68,9,91,100,32,112,128,73,102,34,104,16" hai2="132,85,0,60,10,79,78,106,99,57,13,86,18" hai3="14,108,1,101,72,29,80,7,46,61,26,92,127"/><V76/><F0/><W115/><G108/><T23/><D38/><U47/><E112/><V87/><F132/><W2/><G127/><T43/><D114/><U105/><E128/><V42/><F42/><W133/><G133/><T110/><D131/><U48/><E73/><V95/><F106/><W52/><G115/><T124/><D124/><U30/><E68/><V123/><F123/><W35/><G7/><T107/><D107/><U74/><E74/><V25/><F25/><W121/><G121/><T120/><D67/><U28/><E91/><V45/><F45/><W118/><G118/><T58/><D120/><U24/><E105/><V8/><F8/><W40/><G14/><T96/><D23/><U77/><E77/><V41/><F41/><W44/><G92/><T63/><D51/><U122/><E122/><V103/><REACH who="2" step="1"/><F78/><REACH who="2" ten="318,320,187,165" step="2"/><W66/><G44/><T62/><D43/><U33/><E104/><V119/><F119/><W5/><G40/><T125/><D125/><U65/><E24/><V116/><F116/><W135/><G135/><T70/><D109/><U97/><E9/><V130/><F130/><W36/><G1/><T54/><D110/><U93/><E3/><V37/><F37/><W129/><G36/><T4/><D111/><U39/><E47/><V50/><F50/><N who="3" m="28759" /><G129/><T55/><D63/><U117/><E39/><V19/><F19/><W89/><G61/><T90/><D62/><U94/><E16/><V53/><AGARI ba="1,1" hai="10,13,18,53,57,60,76,79,85,86,87,95,99,103" machi="53" ten="30,6000,0" yaku="1,1,0,1,8,1,53,0" doraHai="69" doraHaiUra="113" who="2" fromWho="2" sc="318,-21,320,-21,187,73,165,-21" /><INIT seed="6,2,0,1,3,36" ten="297,299,260,144" oya="2" hai0="41,9,57,2,34,24,23,134,103,110,29,67,28" hai1="38,96,64,87,95,106,47,7,22,124,55,97,4" hai2="114,63,0,71,105,33,35,56,60,85,66,90,133" hai3="30,43,116,14,93,26,100,104,108,31,98,111,132"/><V75/><F75/><W46/><G116/><T130/><D110/><U37/><E124/><V88/><F0/><W89/><G132/><T109/><D109/><U10/><E106/><V59/><F133/><W101/><G101/><T62/><D134/><U15/><E37/><V19/><F114/><W84/><G14/><T61/><D130/><U86/><E64/><V39/><F39/><W74/><G31/><T1/><D41/><U76/><E4/><V127/><F105/><W40/><G111/><T48/><D48/><N who="1" m="29087" /><E38/><V112/><F112/><W115/><G108/><T13/><D103/><N who="1" m="60831" /><E76/><V121/><F121/><W5/><G5/><T73/><D73/><U50/><E97/><V94/><F127/><W18/><G18/><T17/><D62/><U123/><E123/><V42/><F42/><W113/><G46/><T118/><D118/><U53/><E22/><V12/><F90/><W82/><G115/><T27/><AGARI ba="2,0" hai="1,2,9,13,17,23,24,27,28,29,34,57,61,67" machi="27" ten="30,1100,0" yaku="0,1" doraHai="36" who="0" fromWho="0" sc="297,17,299,-5,260,-7,144,-5" /><INIT seed="7,0,0,5,1,134" ten="314,294,253,139" oya="3" hai0="18,117,103,105,49,132,107,27,51,93,13,42,19" hai1="113,115,88,26,46,3,62,38,31,133,71,75,86" hai2="119,101,29,4,59,106,104,50,82,63,8,125,55" hai3="39,81,89,129,112,22,37,53,10,14,131,94,98"/><W68/><G68/><T2/><D2/><U72/><E3/><V91/><F119/><W128/><G112/><N who="1" m="43082" /><E133/><V0/><F29/><W45/><G22/><T92/><D117/><U34/><E38/><V35/><F35/><W76/><G53/><T64/><D64/><N who="1" m="41367" /><E46/><V25/><F25/><W23/><G23/><T109/><D109/><U85/><E85/><V99/><F106/><W17/><REACH who="3" step="1"/><G45/><REACH who="3" ten="314,294,253,129" step="2"/><T118/><D132/><U116/><E116/><V73/><F55/><W79/><G79/><T61/><D118/><U126/><E126/><V87/><F125/><W121/><G121/><T127/><D127/><U5/><E5/><V24/><F4/><W74/><AGARI ba="0,1" hai="10,14,17,37,39,74,76,81,89,94,98,128,129,131" machi="74" ten="30,6000,0" yaku="1,1,0,1,19,1,53,0" doraHai="134" doraHaiUra="44" who="3" fromWho="3" sc="314,-20,294,-20,253,-20,129,70" /><INIT seed="7,1,0,4,4,41" ten="294,274,233,199" oya="3" hai0="80,10,135,104,120,116,29,5,19,39,25,88,82" hai1="95,111,109,132,28,129,84,126,69,83,38,14,97" hai2="8,53,51,15,23,64,16,128,125,105,65,40,11" hai3="58,118,46,98,49,72,63,30,20,77,133,48,78"/><W3/><G3/><T68/><D39/><U81/><E69/><V35/><F35/><W114/><G114/><T66/><D120/><U4/><E38/><V71/><F105/><W134/><G118/><T131/><D116/><U61/><E129/><V115/><F128/><W101/><G72/><T70/><D104/><U0/><E0/><V122/><F115/><W93/><G30/><T6/><D135/><N who="3" m="51721" /><G20/><T32/><D131/><U85/><E132/><V34/><F34/><W59/><G49/><T7/><D66/><U24/><E126/><V76/><F125/><W13/><G13/><T26/><D82/><U36/><E36/><V9/><F122/><W56/><G63/><T103/><D103/><U37/><E37/><V27/><F40/><AGARI ba="1,0" hai="40,46,48,56,58,59,77,78,93,98,101" m="51721" machi="40" ten="30,2900,0" yaku="20,1,52,1" doraHai="41" who="3" fromWho="2" sc="294,0,274,0,233,-32,199,32" /><INIT seed="7,2,0,3,3,84" ten="294,274,201,231" oya="3" hai0="80,1,54,77,27,98,87,55,72,45,134,131,89" hai1="68,0,4,104,7,111,22,135,36,52,90,123,71" hai2="53,133,49,128,18,23,74,114,17,58,37,21,132" hai3="102,121,38,35,47,96,8,48,50,76,129,106,26"/><W79/><G129/><T40/><D131/><U44/><E123/><V112/><F128/><W97/><G121/><T105/><D134/><N who="2" m="51818" /><F74/><W81/><G38/><T61/><D27/><U126/><E135/><V20/><F37/><W100/><G8/><T34/><D34/><U107/><E111/><V19/><AGARI ba="2,0" hai="17,18,19,20,21,23,49,53,58,112,114" m="51818" machi="19" ten="40,1500,0" yaku="20,1" doraHai="84" who="2" fromWho="2" sc="294,-6,274,-6,201,21,231,-9" /><INIT seed="8,0,0,1,3,130" ten="288,268,222,222" oya="0" hai0="104,129,92,5,21,26,113,82,46,37,74,13,3" hai1="45,105,8,133,77,121,10,27,17,31,70,48,7" hai2="99,81,106,55,62,22,25,112,11,126,108,131,68" hai3="122,20,88,85,57,39,111,95,114,4,101,40,16"/><T83/><D104/><U44/><E121/><V123/><F108/><W118/><G111/><T102/><D129/><U89/><E133/><V53/><F112/><W51/><G114/><T50/><D37/><U100/><E70/><V120/><F131/><W76/><G118/><T41/><D3/><U59/><E77/><V107/><F126/><W117/><G117/><T36/><D36/><U72/><E72/><V12/><F81/><N who="3" m="47271" /><G39/><T33/><D74/><U54/><E17/><V65/><F107/><W56/><G101/><T96/><D33/><U134/><E134/><V18/><F123/><W0/><G0/><T32/><D32/><U49/><E89/><V38/><F38/><W124/><G4/><T98/><D98/><U19/><E19/><V90/><F120/><W52/><G124/><T109/><D109/><U110/><E110/><V34/><F34/><W60/><G40/><T80/><D113/><U115/><E115/><V94/><REACH who="2" step="1"/><F106/><REACH who="2" ten="288,268,212,222" step="2"/><W35/><G35/><T47/><D80/><U93/><E105/><V61/><F61/><W28/><G122/><T30/><D82/><U2/><E49/><V119/><F119/><W64/><G28/><AGARI ba="0,1" hai="11,12,18,22,25,28,53,55,62,65,68,90,94,99" machi="28" ten="30,3900,0" yaku="1,1,7,1,53,1" doraHai="130" doraHaiUra="87" who="2" fromWho="3" sc="288,0,268,0,212,49,222,-39" /><INIT seed="9,0,0,3,1,15" ten="288,268,261,183" oya="1" hai0="20,90,126,45,9,75,120,2,46,103,119,43,38" hai1="52,30,32,82,97,35,69,53,85,105,104,113,19" hai2="114,61,24,49,16,67,29,70,13,94,0,99,111" hai3="23,58,41,21,124,73,47,98,122,91,123,117,127"/><U101/><E113/><V107/><F111/><W33/><G73/><T31/><D119/><U27/><E69/><V131/><F0/><W42/><G33/><T51/><D126/><N who="3" m="48169" /><G58/><T57/><D57/><U76/><E105/><V3/><F3/><W116/><G98/><T108/><D103/><U96/><E96/><V1/><F1/><W89/><G47/><T100/><D100/><U92/><E32/><V25/><F107/><W36/><G36/><T112/><D108/><U7/><E7/><V6/><F6/><W55/><G55/><T87/><D75/><U115/><E115/><V22/><F114/><W37/><G21/><T64/><D64/><U80/><E104/><V8/><F131/><W62/><G23/><T59/><D59/><U54/><E82/><V128/><F128/><W17/><G17/><T102/><D102/><U40/><E40/><N who="3" m="15466" /><G62/><T132/><D46/><U95/><E95/><V71/><F71/><W81/><G37/><T78/><D38/><U28/><E35/><V72/><F72/><W26/><G26/><T86/><D20/><AGARI ba="0,0" hai="19,20,27,28,30,52,53,54,76,80,85,92,97,101" machi="20" ten="40,7700,0" yaku="8,1,52,1,54,1" doraHai="15" who="1" fromWho="0" sc="288,-77,268,77,261,0,183,0" owari="211,-18.9,345,44.5,261,6.1,183,-31.7" /></mjloggm>