<mjloggm ver="2.3"><GO type="169" lobby="0"/><UN n0="%E2%97%8E%E3%82%88%E3%81%97%E2%97%8E" n1="%E3%83%9D%E3%83%B3%E3%81%98%E3%81%84%E3%81%95%E3%82%93" n2="%E9%BA%BB%E9%9B%80%E8%81%B7%E4%BA%BA" n3="%E3%82%BF%E3%83%BC%E3%83%90%E3%83%B3%E9%87%8E%E5%8F%A3" dan="17,16,18,17" rate="2199.42,2106.35,2221.90,2209.97" sx="M,F,M,M"/><TAIKYOKU oya="0"/><INIT seed="0,0,0,0,2,99" ten="250,250,250,250" oya="0" hai0="101,96,127,35,42,41,18,37,23,9,58,21,8" hai1="31,62,117,102,109,25,50,32,97,69,90,54,33" hai2="135,79,91,6,71,74,85,70,57,29,78,3,125" hai3="128,83,131,67,123,130,1,27,30,49,11,82,47"/><T40/><D127/><U24/><E109/><V68/><F125/><W110/><G110/><T92/><D35/><U111/><E111/><V124/><F124/><W63/><G11/><T86/><D37/><U39/><E39/><V38/><F74/><W20/><G1/><T48/><D86/><U93/><E117/><V60/><F135/><W13/><G13/><T34/><D34/><U51/><E25/><V87/><F29/><W2/><G2/><T94/><D92/><U129/><E129/><V108/><F85/><W120/><G120/><T17/><D23/><U52/><E33/><V19/><F38/><W113/><G113/><T121/><D121/><U15/><E15/><V53/><F19/><W89/><G89/><T22/><D22/><U88/><E62/><V12/><F12/><W103/><G103/><T28/><D28/><U26/><E69/><V10/><REACH who="2" step="1"/><F108/><REACH who="2" ten="250,250,240,250" step="2"/><W44/><G123/><T0/><D0/><U43/><E26/><V116/><F116/><W66/><G30/><T122/><D122/><U100/><E90/><V77/><F77/><W72/><G131/><T56/><D18/><U134/><E134/><V104/><F104/><W59/><G128/><T105/><D105/><U65/><E43/><V81/><AGARI ba="0,1" hai="3,6,10,53,57,60,68,70,71,78,79,81,87,91" machi="81" ten="30,7900,0" yaku="1,1,0,1,53,2" doraHai="99" doraHaiUra="73" who="2" fromWho="2" sc="250,-39,250,-20,240,89,250,-20" /><INIT seed="1,0,0,4,1,43" ten="211,230,329,230" oya="1" hai0="74,75,114,57,63,8,31,103,84,72,80,68,67" hai1="111,102,113,95,1,54,53,70,40,10,125,5,18" hai2="101,3,21,98,59,108,129,38,4,46,29,52,17" hai3="69,9,120,11,77,55,2,135,90,107,33,19,117"/><U99/><E113/><V91/><F108/><W105/><G120/><T116/><D114/><U119/><E119/><V79/><F129/><W49/><G69/><T89/><D116/><U58/><E125/><V16/><F79/><W65/><G117/><T81/><D31/><U28/><E70/><V132/><F132/><W130/><G33/><T32/><D32/><U124/><E124/><V30/><F91/><W60/><G130/><T123/><D123/><U13/><E28/><V88/><F17/><W14/><G77/><T64/><D103/><U106/><E111/><V78/><F78/><W6/><G135/><T39/><D39/><U47/><E106/><V7/><F30/><W50/><G50/><T128/><D128/><U126/><E58/><V104/><F29/><W62/><G62/><T37/><D37/><U34/><E34/><V42/><F88/><W122/><G122/><T35/><D35/><U71/><E71/><V112/><F3/><W12/><G2/><T25/><D25/><U96/><E96/><V24/><F112/><W92/><G60/><AGARI ba="0,0" hai="4,7,16,21,24,38,42,46,52,59,60,98,101,104" machi="60" ten="30,7700,0" yaku="7,1,52,1,54,2" doraHai="43" who="2" fromWho="3" sc="211,0,230,0,329,77,230,-77" /><INIT seed="2,0,0,4,5,32" ten="211,230,406,153" oya="2" hai0="63,101,37,1,52,68,94,116,17,123,21,56,27" hai1="9,113,88,96,77,103,84,122,58,82,31,51,2" hai2="24,44,23,76,36,28,45,33,114,8,124,112,39" hai3="130,10,126,42,89,5,105,132,111,65,25,59,74"/><V50/><F124/><W120/><G89/><T30/><D123/><U40/><E113/><V109/><F109/><W34/><G59/><T108/><D108/><U26/><E122/><V16/><F76/><W125/><G65/><T60/><D37/><U81/><E9/><V19/><F44/><W61/><G61/><T133/><D133/><U6/><E6/><V85/><F85/><W110/><G42/><T134/><D134/><U121/><E2/><V127/><F127/><N who="3" m="48651" /><G74/><T71/><D116/><U79/><E121/><V131/><F131/><W90/><G90/><T119/><D119/><U100/><E79/><V72/><F72/><W18/><G105/><T98/><D1/><U46/><E58/><V54/><F19/><W48/><G48/><T78/><D63/><U67/><E67/><V62/><F8/><W69/><G69/><T35/><REACH who="0" step="1"/><D78/><REACH who="0" ten="201,230,406,153" step="2"/><U99/><E103/><V66/><F112/><W118/><G118/><T11/><D11/><U93/><E100/><V95/><F114/><W15/><G120/><T55/><D55/><U41/><E41/><V115/><F115/><W22/><G132/><T106/><D106/><U104/><E104/><V73/><F62/><W47/><G130/><T135/><D135/><U4/><E77/><V7/><F73/><W102/><G102/><T75/><D75/><U91/><E40/><V12/><F66/><W20/><G111/><T107/><D107/><U29/><E91/><V92/><F7/><W38/><G110/><T3/><D3/><U49/><E4/><V87/><F36/><W14/><G38/><T117/><D117/><RYUUKYOKU ba="0,1" sc="201,30,230,-10,406,-10,153,-10" hai0="17,21,27,30,35,52,56,60,68,71,94,98,101" /><INIT seed="3,1,1,2,0,108" ten="231,220,396,143" oya="3" hai0="58,57,87,13,39,82,49,106,29,110,105,75,3" hai1="126,112,115,72,44,23,76,31,0,78,54,33,36" hai2="63,41,74,135,43,45,60,47,128,15,46,53,18" hai3="68,104,69,24,62,90,11,22,85,93,102,71,34"/><W119/><G119/><T117/><D110/><U84/><E23/><V114/><F74/><W8/><G34/><T101/><D3/><U118/><E84/><V19/><F114/><N who="1" m="43561" /><E78/><V113/><F128/><W9/><G62/><N who="2" m="23593" /><F135/><W125/><G125/><T132/><D75/><U64/><E126/><V127/><F127/><W37/><G37/><T73/><D73/><U79/><E79/><V30/><F30/><W40/><G40/><N who="2" m="15433" /><F113/><W99/><REACH who="3" step="1"/><G8/><REACH who="3" ten="231,220,396,133" step="2"/><T100/><D39/><U109/><E118/><V96/><F53/><W20/><G20/><T65/><D117/><U133/><E54/><V4/><F96/><W89/><G89/><T14/><D65/><U94/><E64/><V21/><F21/><W121/><G121/><T123/><D123/><U25/><E133/><V134/><F134/><W7/><G7/><T2/><D132/><U16/><E33/><V50/><F50/><W6/><G6/><T38/><D49/><U61/><E36/><V35/><F35/><W81/><G81/><T28/><D38/><U120/><E120/><V92/><F92/><W131/><G131/><T80/><D80/><U70/><E94/><V10/><AGARI ba="1,2" hai="4,10,15,18,19,45,46,47" m="15433,23593" machi="10" ten="40,1500,0" yaku="8,1" doraHai="108" who="2" fromWho="2" sc="231,-5,220,-5,396,38,133,-8" /><INIT seed="4,0,0,4,4,95" ten="226,215,434,125" oya="0" hai0="64,16,121,67,36,60,4,35,71,17,84,122,73" hai1="83,135,92,133,72,77,82,20,85,87,44,21,78" hai2="90,55,126,68,5,32,19,59,48,66,62,127,27" hai3="25,129,45,57,13,111,37,120,50,119,88,18,28"/><T42/><D73/><U12/><E44/><V124/><F5/><W74/><G111/><T134/><D35/><U56/><E56/><V75/><F75/><W29/><G119/><T94/><D134/><N who="1" m="51211" /><E12/><V40/><F40/><W107/><G129/><T22/><D4/><U69/><E69/><V114/><F114/><W23/><G120/><T91/><D67/><U0/><E0/><V63/><F90/><AGARI ba="0,0" hai="20,21,72,77,78,82,83,85,87,90,92" m="51211" machi="90" ten="30,1000,0" yaku="20,1" doraHai="95" who="1" fromWho="2" sc="226,0,215,10,434,-10,125,0" /><INIT seed="5,0,0,0,1,122" ten="226,225,424,125" oya="1" hai0="34,102,16,92,45,85,120,56,121,133,61,80,115" hai1="106,59,91,1,111,19,95,79,86,123,58,127,49" hai2="35,52,39,78,71,88,82,104,63,12,100,17,14" hai3="2,41,135,13,23,109,99,6,94,116,134,50,11"/><U96/><E123/><N who="0" m="47177" /><D34/><U72/><E1/><V26/><F39/><W103/><G116/><T113/><D133/><U22/><E127/><V108/><F108/><W129/><G129/><T46/><D92/><U114/><E114/><N who="0" m="43529" /><D16/><U32/><E32/><V27/><F27/><W125/><G125/><T4/><D4/><U105/><E111/><V8/><F26/><W24/><G2/><T48/><D102/><U117/><E117/><V51/><F14/><W126/><G126/><T29/><D29/><U54/><E59/><V43/><F43/><W0/><G0/><T70/><D70/><U112/><E112/><V132/><F132/><N who="3" m="50731" /><G50/><T36/><D48/><U44/><E96/><V73/><F51/><W68/><G41/><T31/><D31/><U130/><E130/><V33/><F71/><W87/><G87/><T18/><D18/><U10/><E10/><V62/><F62/><W97/><G97/><T40/><D40/><U89/><E44/><V42/><F42/><W37/><G68/><T119/><D36/><U69/><E69/><V67/><F67/><W77/><G37/><T118/><D119/><U98/><E98/><N who="2" m="61463" /><F35/><W3/><G3/><T90/><D118/><U64/><E64/><AGARI ba="0,0" hai="45,46,56,61,64,80,85,90" m="43529,47177" machi="64" ten="30,2000,0" yaku="13,1,15,1" doraHai="122" who="0" fromWho="1" sc="226,20,225,-20,424,0,125,0" /><INIT seed="6,0,0,2,5,76" ten="246,205,424,125" oya="2" hai0="41,68,44,53,114,99,25,87,118,48,34,88,9" hai1="59,6,112,124,64,18,14,22,51,69,113,12,5" hai2="127,38,19,108,119,17,78,58,8,97,101,126,49" hai3="105,60,86,122,72,52,85,100,29,77,54,107,81"/><V75/><F38/><W104/><G122/><T42/><D68/><U71/><E124/><V3/><F119/><W46/><G100/><T11/><D114/><N who="1" m="44139" /><E14/><V135/><F135/><W131/><G131/><T102/><D118/><U110/><E110/><V89/><F89/><W96/><G96/><T57/><D25/><U66/><E51/><V1/><F108/><W80/><G29/><T116/><D34/><U50/><E50/><V95/><F1/><W13/><G72/><T61/><D42/><U134/><E134/><V62/><F49/><W23/><G46/><T43/><D43/><U92/><E92/><V2/><F2/><W10/><G23/><T106/><REACH who="0" step="1"/><D116/><REACH who="0" ten="236,205,424,125" step="2"/><U91/><E69/><V120/><F127/><W115/><G115/><T121/><D121/><U21/><E71/><V55/><F126/><W132/><G132/><T79/><D79/><U32/><E32/><V133/><F78/><W33/><G33/><T93/><AGARI ba="0,1" hai="9,11,41,44,48,53,57,61,87,88,93,99,102,106" machi="93" ten="20,5200,0" yaku="1,1,0,1,7,1,54,1,53,0" doraHai="76" doraHaiUra="130" who="0" fromWho="0" sc="236,62,205,-13,424,-26,125,-13" /><INIT seed="7,0,0,1,0,13" ten="298,192,398,112" oya="3" hai0="76,45,108,85,40,35,84,97,133,79,9,28,82" hai1="113,70,36,128,63,119,19,81,132,55,135,32,30" hai2="3,1,65,87,29,111,94,117,95,18,114,60,125" hai3="2,103,126,69,110,15,48,101,12,41,26,100,131"/><W112/><G2/><T123/><D108/><U77/><E36/><V64/><F111/><W120/><G110/><T104/><D133/><N who="1" m="51275" /><E113/><V78/><F117/><W105/><G120/><T118/><D118/><U34/><E119/><V67/><F29/><W38/><G69/><T49/><D28/><U22/><E128/><V66/><F94/><W51/><G112/><T46/><D35/><U44/><E30/><V57/><F125/><W50/><G126/><T10/><D46/><U73/><E44/><V24/><F114/><W109/><G109/><T52/><D40/><U80/><E80/><V54/><F67/><W59/><G131/><T88/><D123/><U83/><E83/><V53/><F53/><W115/><G115/><T134/><D134/><U16/><E16/><V92/><F92/><W17/><G105/><T21/><D21/><U122/><E122/><V42/><F42/><W4/><G4/><T71/><D71/><U96/><E96/><V7/><F78/><W72/><G72/><T129/><D76/><U130/><E130/><V14/><F24/><W75/><G75/><T90/><D129/><U47/><E47/><V31/><F7/><W68/><G68/><T121/><D121/><U25/><E55/><V43/><F43/><W39/><G59/><T56/><D56/><U86/><E73/><V116/><F116/><W89/><G89/><N who="0" m="34411" /><D84/><U23/><E23/><N who="2" m="11735" /><F31/><W37/><G41/><T106/><D106/><U27/><E27/><V58/><F58/><W62/><G62/><T8/><D104/><U11/><E11/><V91/><F65/><AGARI ba="0,0" hai="19,22,25,32,34,63,65,70,77,81,86" m="51275" machi="65" ten="30,2000,0" yaku="20,1,52,1" doraHai="13" who="1" fromWho="2" sc="298,0,192,20,398,-20,112,0" owari="298,9.8,212,-18.8,378,47.8,112,-38.8" /></mjloggm>