<mjloggm ver="2.3"><GO type="169" lobby="0"/><UN n0="%E7%99%BD%E8%89%B2%E3%81%AE%E6%B0%B4" n1="%41%6C%6C%2D%4C%75%63%6B" n2="%E5%82%8D%E8%8B%A5%E7%84%A1%E4%BA%BA%35%31" n3="%E5%8B%9D%E3%81%A1%E7%A2%BA%E3%83%AA%E3%83%BC%E3%83%81" dan="16,16,16,16" rate="2089.11,2087.37,2175.30,2091.96" sx="M,M,M,M"/><TAIKYOKU oya="0"/><INIT seed="0,0,0,3,2,54" ten="250,250,250,250" oya="0" hai0="22,77,32,128,112,127,100,90,24,71,38,52,123" hai1="113,39,68,69,31,7,94,97,49,130,91,18,105" hai2="114,126,108,110,61,87,89,25,102,23,56,88,43" hai3="48,81,16,41,1,104,93,28,79,133,47,17,129"/><T50/><D123/><U37/><E130/><V116/><F114/><W27/><G129/><T95/><D112/><U72/><E72/><V118/><F43/><W76/><G104/><T103/><D38/><U5/><E105/><V21/><F102/><W9/><G133/><T131/><D32/><U46/><E31/><V80/><F126/><W57/><G93/><T58/><D127/><U84/><E113/><V99/><F99/><W59/><G1/><T35/><D128/><U36/><E18/><N who="2" m="12471" /><F23/><W83/><G28/><N who="0" m="17431" /><D35/><U78/><E78/><N who="3" m="29738" /><G17/><T6/><D131/><U120/><E120/><V75/><F89/><W29/><G29/><T14/><D71/><U4/><REACH who="1" step="1"/><E97/><REACH who="1" ten="250,240,250,250" step="2"/><V124/><F75/><W115/><G115/><T135/><D135/><U98/><E98/><V107/><F107/><W44/><G27/><T63/><D77/><U62/><E62/><V13/><F124/><W134/><G134/><T67/><D63/><U55/><AGARI ba="0,1" hai="4,5,7,36,37,39,46,49,55,68,69,84,91,94" machi="55" ten="40,5200,0" yaku="1,1,0,1,53,1" doraHai="54" doraHaiUra="42" who="1" fromWho="1" sc="250,-26,240,62,250,-13,250,-13" /><INIT seed="1,0,0,3,1,10" ten="224,302,237,237" oya="1" hai0="29,9,26,5,66,50,19,37,38,65,93,75,4" hai1="76,36,68,110,62,109,100,44,30,57,128,32,89" hai2="125,35,104,132,7,56,18,122,59,1,83,61,115" hai3="135,113,39,31,3,77,79,92,53,101,105,67,28"/><U130/><E100/><V22/><F35/><W129/><G113/><T96/><D75/><U98/><E76/><V106/><F122/><W107/><G129/><N who="1" m="49770" /><E68/><V60/><F132/><W90/><G135/><T20/><D38/><U21/><E32/><V95/><F125/><W87/><G3/><T43/><D37/><U17/><E30/><V108/><F108/><N who="1" m="41577" /><E98/><V126/><F126/><W49/><G39/><T133/><D133/><U11/><E11/><V40/><F115/><W8/><G8/><T51/><D51/><U134/><E134/><V91/><F83/><W63/><G79/><T127/><D127/><U94/><E36/><V33/><F33/><W34/><G77/><T124/><D124/><U99/><E44/><V73/><F73/><W111/><G111/><T0/><D5/><U116/><E116/><V112/><F7/><W25/><G31/><T54/><D43/><U16/><E21/><V58/><F22/><W119/><G119/><T15/><D93/><U46/><E46/><V78/><F95/><W88/><G101/><T123/><D96/><U131/><N who="1" m="49778" /><U86/><DORA hai="82" /><E99/><V114/><F78/><W64/><G90/><T24/><D24/><U14/><E14/><V84/><F91/><W80/><G92/><T69/><D69/><U2/><E2/><V74/><F1/><W97/><G97/><T52/><D54/><AGARI ba="0,0" hai="16,17,54,57,62,86,89,94" m="41577,49778" machi="54" ten="40,12000,1" yaku="19,1,14,1,10,1,52,1,54,1" doraHai="10,82" who="1" fromWho="0" sc="224,-120,302,120,237,0,237,0" /><INIT seed="1,1,0,5,4,98" ten="104,422,237,237" oya="1" hai0="117,62,7,32,41,93,106,63,25,67,112,36,21" hai1="83,121,77,17,13,97,44,128,50,68,3,0,82" hai2="125,76,134,37,52,135,113,69,81,127,51,34,53" hai3="100,8,2,54,130,26,6,85,31,102,118,39,105"/><U47/><E68/><V9/><F37/><W28/><G130/><T46/><D117/><U114/><E121/><V103/><F34/><W57/><G39/><T29/><D106/><U122/><E114/><V70/><F9/><W58/><G118/><T133/><D112/><U19/><E128/><V15/><F15/><W90/><G105/><T22/><D133/><N who="2" m="50698" /><F103/><W66/><G66/><T38/><D7/><U79/><E97/><V40/><F40/><W89/><G58/><T49/><D63/><U43/><E122/><V14/><F14/><W92/><G90/><T132/><D132/><U27/><E13/><V101/><F101/><W20/><REACH who="3" step="1"/><G28/><REACH who="3" ten="104,422,237,227" step="2"/><T129/><D129/><U35/><E43/><V84/><F113/><W131/><G131/><T65/><D65/><U74/><E74/><V95/><F53/><W73/><G73/><T11/><D93/><U104/><E104/><V18/><F95/><W116/><G116/><T108/><D36/><U115/><E115/><V4/><F4/><W107/><G107/><T119/><D119/><U56/><E56/><N who="2" m="32799" /><F18/><W48/><AGARI ba="1,1" hai="2,6,8,20,26,31,48,54,57,85,89,92,100,102" machi="48" ten="20,8000,1" yaku="1,1,0,1,7,1,52,2,53,0" doraHai="98" doraHaiUra="59" who="3" fromWho="3" sc="104,-21,422,-41,237,-21,227,93" /><INIT seed="2,0,0,3,2,82" ten="83,381,216,320" oya="2" hai0="123,53,32,72,25,47,10,111,81,50,14,11,12" hai1="19,23,78,60,35,98,100,52,63,37,90,94,26" hai2="27,16,39,67,122,33,95,56,88,117,96,17,49" hai3="31,76,3,13,74,124,46,64,129,36,106,28,109"/><V115/><F122/><W70/><G109/><T127/><D123/><U5/><E37/><V51/><F39/><W57/><G129/><T84/><D111/><U128/><E128/><V133/><F115/><W42/><G106/><T83/><D127/><U105/><E35/><V1/><F1/><W20/><G3/><T86/><D25/><U79/><E5/><V29/><F117/><W80/><G70/><T93/><D93/><U108/><E108/><V130/><F130/><W71/><G71/><T22/><D22/><U131/><E131/><V119/><F119/><W61/><REACH who="3" step="1"/><G124/><REACH who="3" ten="83,381,216,310" step="2"/><T59/><D32/><U107/><E107/><V38/><F133/><W15/><G15/><N who="0" m="5675" /><D47/><U77/><E105/><V9/><F38/><W126/><G126/><T91/><D72/><U41/><E41/><V4/><F49/><W69/><G69/><T135/><D135/><U0/><E0/><V102/><F51/><W87/><G87/><N who="0" m="33323" /><D91/><U75/><E75/><V114/><F114/><W97/><G97/><T24/><D24/><U18/><E90/><V99/><F99/><W44/><G44/><T89/><D89/><U116/><E116/><V2/><REACH who="2" step="1"/><F102/><REACH who="2" ten="83,381,206,310" step="2"/><W85/><G85/><T103/><D103/><U104/><E100/><V112/><F112/><W132/><G132/><T30/><D30/><U121/><E98/><V34/><F34/><W58/><G58/><T40/><D40/><U54/><E121/><V118/><F118/><W7/><G7/><T92/><D92/><U21/><E94/><V68/><F68/><W101/><G101/><T48/><D48/><U110/><E110/><RYUUKYOKU ba="0,2" sc="83,10,381,-30,206,10,310,10" hai0="10,11,50,53,59,81,83" hai2="2,4,9,16,17,27,29,33,56,67,88,95,96" hai3="13,20,28,31,36,42,46,57,61,64,74,76,80" /><INIT seed="2,1,2,1,2,94" ten="93,351,216,320" oya="2" hai0="124,77,46,53,97,17,65,6,61,20,118,52,112" hai1="91,83,135,29,123,120,23,129,33,8,127,68,2" hai2="82,105,70,132,67,56,134,95,80,103,131,107,51" hai3="113,41,3,44,28,98,30,4,39,12,109,47,32"/><V100/><F70/><W42/><G109/><T7/><D112/><U115/><E68/><V19/><F19/><W62/><G3/><T45/><D118/><U15/><E115/><V25/><F25/><W63/><G113/><T72/><D124/><U114/><E114/><V84/><F67/><W38/><G32/><T117/><D117/><U104/><E104/><N who="2" m="40011" /><F51/><W57/><G98/><T16/><D77/><U69/><E135/><N who="2" m="51755" /><F56/><W24/><G24/><T0/><D0/><U81/><E69/><V121/><F121/><N who="1" m="46665" /><E129/><V22/><F22/><W55/><G63/><T31/><D31/><U9/><E127/><V54/><F54/><N who="0" m="21098" /><D20/><U99/><E2/><V43/><F43/><W128/><G128/><T5/><D72/><U27/><E33/><V130/><F82/><N who="1" m="31241" /><E15/><V40/><F40/><W78/><G12/><T21/><D21/><U49/><E49/><V75/><F75/><W1/><G1/><T48/><D48/><U89/><E8/><V106/><N who="2" m="40019" /><V18/><DORA hai="50" /><F18/><N who="0" m="7274" /><D97/><U73/><E73/><V87/><F131/><W111/><G39/><T66/><D61/><U59/><E9/><V86/><F130/><W88/><G38/><T126/><D126/><U10/><E10/><V34/><F34/><W90/><G62/><T35/><D35/><U102/><E59/><V71/><F71/><W85/><G57/><T96/><D96/><U11/><E11/><V108/><F108/><W101/><G111/><T36/><D36/><U58/><E58/><V93/><F80/><W14/><G14/><T64/><AGARI ba="1,2" hai="5,6,7,45,46,64,65,66" m="7274,21098" machi="64" ten="40,16000,3" yaku="28,2,8,1,52,3,54,2" doraHai="94,50" who="0" fromWho="0" sc="93,183,351,-41,216,-81,320,-41" /><INIT seed="3,0,0,4,1,75" ten="276,310,135,279" oya="3" hai0="106,124,0,69,13,113,132,24,83,15,86,40,61" hai1="17,12,84,127,28,60,121,70,122,53,85,77,88" hai2="3,4,92,8,6,74,23,30,67,87,129,27,117" hai3="33,100,9,90,126,63,131,107,5,130,97,116,54"/><W29/><G116/><T1/><D124/><U72/><E127/><V96/><F129/><W2/><G126/><T32/><D132/><U101/><E28/><V49/><F74/><W98/><G98/><T115/><D106/><U31/><E31/><V76/><F117/><W120/><G120/><T112/><D40/><U119/><E101/><V52/><F67/><W21/><G33/><T47/><D47/><U51/><E119/><V133/><F133/><W94/><G63/><T71/><D61/><U99/><E99/><V118/><F6/><W114/><G114/><T73/><D73/><U82/><E72/><V19/><F118/><W25/><G54/><T41/><D41/><U59/><E70/><N who="0" m="26633" /><D24/><U48/><E122/><V38/><F38/><W34/><G34/><T37/><D37/><U79/><E121/><V56/><F30/><W50/><G50/><N who="1" m="18986" /><E84/><V108/><F108/><W89/><REACH who="3" step="1"/><G107/><REACH who="3" ten="276,310,135,269" step="2"/><T66/><D32/><U91/><E91/><AGARI ba="0,1" hai="2,5,9,21,25,29,89,90,91,94,97,100,130,131" machi="91" ten="40,3900,0" yaku="1,1,2,1,53,0" doraHai="75" doraHaiUra="111" who="3" fromWho="1" sc="276,0,310,-39,135,0,269,49" /><INIT seed="3,1,0,3,1,30" ten="276,271,135,318" oya="3" hai0="124,46,57,76,66,50,92,82,56,115,110,134,77" hai1="100,120,101,109,21,43,48,121,16,83,133,103,94" hai2="55,80,8,68,41,118,91,79,53,19,85,49,34" hai3="108,39,9,75,52,6,15,63,29,74,31,87,127"/><W131/><G131/><T10/><D124/><U84/><E109/><V61/><F118/><W123/><G123/><T62/><D134/><U3/><E3/><V35/><F41/><W54/><G127/><T130/><D130/><U72/><E72/><V93/><F55/><W13/><G39/><T58/><D110/><U78/><E133/><V44/><F93/><W45/><G108/><T12/><D115/><U105/><E105/><V64/><REACH who="2" step="1"/><F79/><REACH who="2" ten="276,271,125,318" step="2"/><W38/><G54/><T113/><D92/><U2/><E121/><V17/><F17/><W32/><G52/><N who="0" m="29783" /><D113/><U96/><E120/><V5/><F5/><W25/><G6/><N who="0" m="3159" /><D77/><U117/><E117/><V23/><F23/><W126/><G126/><T22/><D22/><U90/><E2/><V89/><F89/><W112/><G112/><T51/><D76/><U104/><E104/><V95/><F95/><W111/><G111/><T88/><D88/><N who="1" m="55367" /><E78/><V59/><F59/><W11/><G75/><T20/><D20/><U107/><E107/><V42/><F42/><W26/><G74/><T36/><D36/><U99/><E103/><V18/><F18/><W27/><G38/><T81/><D82/><U122/><E122/><V135/><F135/><W0/><G0/><T47/><D81/><U28/><E99/><V33/><F33/><W1/><G1/><T114/><D114/><U60/><E101/><V97/><F97/><W73/><G32/><T116/><D116/><U24/><E100/><V98/><F98/><W67/><G73/><T128/><D128/><U86/><E83/><V14/><AGARI ba="1,1" hai="8,14,19,34,35,44,49,53,61,64,68,80,85,91" machi="14" ten="30,12000,2" yaku="1,1,0,1,25,2,52,2,53,0" doraHai="30" doraHaiUra="70" who="2" fromWho="2" sc="276,-31,271,-31,125,133,318,-61" /><INIT seed="4,0,0,1,2,57" ten="245,240,258,257" oya="0" hai0="90,108,101,129,86,72,96,9,100,93,132,70,47" hai1="122,3,18,4,24,52,33,71,64,66,16,7,131" hai2="102,77,107,84,109,81,115,35,67,104,75,32,19" hai3="126,114,124,117,135,45,30,2,49,65,118,55,61"/><T27/><D72/><U111/><E122/><V1/><F109/><W116/><G2/><T89/><D108/><U121/><E121/><V103/><F115/><W63/><G30/><T37/><D132/><U12/><E131/><V83/><F1/><W78/><G78/><T53/><D129/><U91/><E3/><V28/><F19/><W0/><G0/><T8/><D70/><U51/><E71/><V98/><F67/><N who="1" m="25641" /><E33/><V21/><F21/><W58/><G114/><T92/><D27/><U17/><E24/><V34/><F28/><W134/><REACH who="3" step="1"/><G63/><REACH who="3" ten="245,240,258,247" step="2"/><T127/><D100/><U42/><E111/><V6/><F103/><W120/><G120/><T88/><D101/><U125/><E91/><V94/><REACH who="2" step="1"/><F6/><REACH who="2" ten="245,240,248,247" step="2"/><W44/><G44/><T20/><D47/><N who="1" m="27775" /><E4/><V29/><F29/><W73/><G73/><T133/><D133/><AGARI ba="0,2" hai="45,49,55,58,61,65,116,117,118,124,126,133,134,135" machi="133" ten="50,12000,2" yaku="1,1,20,1,34,3,52,1,53,0" doraHai="57" doraHaiUra="39" who="3" fromWho="0" sc="245,-120,240,0,248,0,247,140" /><INIT seed="5,0,0,0,2,109" ten="125,240,248,387" oya="1" hai0="117,76,95,12,84,23,65,104,90,118,60,4,14" hai1="2,77,10,120,26,37,108,107,29,56,20,1,82" hai2="41,42,68,8,54,73,131,103,81,113,105,89,134" hai3="19,0,66,94,45,123,106,18,132,43,52,24,63"/><U5/><E120/><V122/><F122/><W48/><G123/><T128/><D104/><U40/><E107/><V16/><F68/><W85/><G106/><T87/><D128/><U7/><E108/><V25/><F131/><W119/><G132/><T91/><D76/><U72/><E56/><V13/><F134/><W79/><G0/><T83/><D117/><U30/><E5/><V35/><F73/><W28/><G119/><T38/><D118/><U121/><E121/><V55/><F103/><W101/><G79/><T44/><D44/><N who="1" m="23567" /><E1/><V33/><F33/><W80/><G80/><T78/><D38/><U111/><E111/><V126/><F126/><W125/><G43/><T67/><D78/><U64/><E64/><V15/><F15/><W57/><G125/><T96/><D60/><U114/><E30/><V11/><F11/><W36/><G36/><T135/><D135/><U100/><E100/><V74/><F74/><W17/><G17/><T115/><D115/><AGARI ba="0,0" hai="2,7,10,20,26,29,72,77,82,114,115" m="23567" machi="115" ten="30,5800,0" yaku="25,1,52,2" doraHai="109" who="1" fromWho="0" sc="125,-58,240,58,248,0,387,0" /><INIT seed="5,1,0,5,4,50" ten="67,298,248,387" oya="1" hai0="77,103,66,70,41,48,106,91,16,104,122,56,31" hai1="118,120,112,52,65,58,19,89,115,132,69,90,42" hai2="121,54,61,100,80,51,49,2,59,124,98,29,25" hai3="17,47,33,67,8,130,63,20,23,134,68,22,1"/><U12/><E120/><V36/><F124/><W128/><G134/><T83/><D122/><U72/><E118/><V53/><F2/><W10/><G33/><T92/><D31/><U85/><E72/><V87/><F36/><W15/><G47/><T46/><D103/><U0/><E0/><V38/><F38/><W21/><REACH who="3" step="1"/><G1/><REACH who="3" ten="67,298,248,377" step="2"/><T3/><D3/><U84/><E132/><V135/><F135/><W74/><G74/><T81/><D70/><U18/><E42/><V116/><F121/><W27/><G27/><T44/><D44/><U127/><E69/><V108/><F116/><W75/><G75/><T39/><D39/><U111/><E111/><V117/><F108/><W102/><G102/><T62/><D104/><U93/><E127/><V110/><F110/><W133/><G133/><T109/><D106/><U55/><E12/><V101/><F117/><W113/><G113/><N who="1" m="43594" /><E65/><V64/><F101/><W131/><AGARI ba="1,1" hai="8,10,15,17,20,21,22,23,63,67,68,128,130,131" machi="131" ten="40,5200,0" yaku="1,1,0,1,19,1,53,0" doraHai="50" doraHaiUra="123" who="3" fromWho="3" sc="67,-14,298,-27,248,-14,377,65" /><INIT seed="6,0,0,4,2,48" ten="53,271,234,442" oya="2" hai0="77,70,75,50,123,26,40,3,43,44,115,62,37" hai1="19,113,7,8,56,91,112,93,9,59,22,29,0" hai2="30,25,104,1,87,101,11,24,109,34,134,90,52" hai3="78,86,97,68,102,69,39,129,23,121,61,119,105"/><V60/><F134/><W81/><G121/><T98/><D123/><U103/><E103/><V107/><F109/><W20/><G119/><T72/><D115/><U12/><E9/><V99/><F25/><W53/><G39/><T27/><D98/><U49/><E29/><V21/><F34/><W130/><G130/><T111/><D111/><U47/><E113/><V32/><F21/><W17/><G129/><T41/><D62/><U127/><E127/><V95/><F1/><W133/><G23/><T80/><D70/><U5/><E5/><V13/><F104/><W94/><G94/><T51/><D75/><U92/><E92/><V2/><F2/><W82/><G82/><T28/><D3/><U71/><E71/><V31/><F31/><W135/><G135/><T16/><D27/><U42/><E112/><V46/><F46/><W66/><G133/><T55/><D51/><U38/><E38/><V64/><F52/><W128/><G128/><T4/><D4/><U15/><E0/><V120/><F120/><W58/><G66/><T131/><D131/><U132/><E132/><V79/><F79/><W33/><G33/><T122/><D122/><U10/><E22/><V67/><REACH who="2" step="1"/><F60/><REACH who="2" ten="53,271,224,442" step="2"/><W74/><G53/><T126/><D126/><U6/><E19/><AGARI ba="0,1" hai="11,13,19,24,30,32,64,67,87,90,95,99,101,107" machi="19" ten="30,12000,1" yaku="1,1,2,1,7,1,53,2" doraHai="48" doraHaiUra="63" who="2" fromWho="1" sc="53,0,271,-120,224,130,442,0" /><INIT seed="6,1,0,3,5,51" ten="53,151,354,442" oya="2" hai0="49,121,109,90,57,91,37,127,69,93,61,108,134" hai1="26,35,11,62,71,45,76,95,119,94,5,6,64" hai2="130,22,58,132,72,66,29,23,129,75,115,92,67" hai3="28,56,27,4,118,101,107,110,2,113,36,80,96"/><V31/><F92/><W39/><G110/><T17/><D121/><U32/><E119/><V106/><F58/><W70/><G118/><T116/><D116/><U122/><E122/><V47/><F47/><W18/><G18/><T16/><D37/><U74/><E5/><V82/><F82/><W114/><G80/><T104/><D104/><U59/><E59/><V117/><F117/><W53/><G4/><T12/><D17/><U77/><E95/><V54/><F106/><W112/><G2/><T124/><D134/><U43/><E26/><V48/><F132/><W73/><G73/><T33/><D33/><U65/><E65/><V42/><F42/><W14/><G14/><T68/><D49/><U85/><E77/><V8/><F8/><W84/><G84/><T10/><D108/><U63/><E63/><V46/><F115/><W135/><G70/><T103/><D109/><U21/><E21/><N who="2" m="7691" /><F75/><W83/><G83/><T41/><D41/><U128/><E94/><V40/><F72/><W15/><G135/><T50/><D50/><N who="1" m="26943" /><E74/><V126/><F126/><N who="0" m="48170" /><D69/><U89/><E35/><V123/><F123/><W55/><G39/><T3/><D3/><N who="1" m="479" /><E32/><V7/><F7/><W13/><G36/><T79/><D68/><U0/><E0/><V25/><F40/><W81/><G56/><T100/><D79/><U9/><E76/><V34/><F31/><W102/><G81/><T1/><D1/><U60/><E71/><V99/><F99/><W131/><G96/><N who="0" m="59407" /><D103/><N who="3" m="39433" /><G107/><T98/><D98/><U30/><E30/><V120/><F120/><W20/><G113/><T38/><D38/><RYUUKYOKU ba="1,0" sc="53,15,151,-15,354,15,442,-15" hai0="10,12,16,57,61,90,91" hai2="25,29,34,46,48,54,66,67,129,130" /><INIT seed="6,2,0,2,0,16" ten="68,136,369,427" oya="2" hai0="15,114,76,88,24,86,106,60,111,13,38,4,121" hai1="70,47,43,93,84,74,100,35,107,124,64,79,55" hai2="37,7,96,69,1,127,40,5,113,103,122,30,25" hai3="66,31,14,8,61,118,50,102,73,116,17,94,0"/><V134/><F113/><W112/><G73/><T131/><D111/><U71/><E55/><V41/><F122/><W85/><G0/><T39/><D121/><U90/><E124/><V49/><F127/><W19/><G31/><T120/><D120/><U68/><E35/><V133/><F69/><W59/><G112/><T105/><D114/><U99/><E64/><V20/><F37/><W80/><G50/><T92/><D131/><U9/><E9/><V28/><F28/><W91/><REACH who="3" step="1"/><G19/><REACH who="3" ten="68,136,369,417" step="2"/><T104/><D39/><U119/><E119/><V29/><F29/><W36/><G36/><T78/><D38/><U52/><E74/><V115/><F115/><W81/><G81/><T83/><D83/><U21/><E43/><V129/><F1/><W62/><G62/><T132/><D60/><U117/><E117/><V2/><F2/><W23/><G23/><T128/><D4/><U48/><E21/><V126/><F129/><W123/><G123/><T65/><D128/><U46/><REACH who="1" step="1"/><E79/><REACH who="1" ten="68,126,369,417" step="2"/><V125/><F126/><W12/><G12/><T6/><D78/><U109/><E109/><V75/><F125/><W57/><G57/><AGARI ba="2,2" hai="46,47,48,52,57,68,70,71,84,90,93,99,100,107" machi="57" ten="40,2600,0" yaku="1,1,54,1,53,0" doraHai="16" doraHaiUra="27" who="1" fromWho="3" sc="68,0,126,52,369,0,417,-32" /><INIT seed="7,0,0,1,5,56" ten="68,178,369,385" oya="3" hai0="69,135,118,43,22,54,101,25,12,75,41,7,52" hai1="23,103,9,4,91,53,131,102,51,117,86,2,115" hai2="21,133,11,10,18,93,77,99,95,81,34,73,120" hai3="1,31,121,129,125,24,123,98,110,119,65,70,61"/><W6/><G119/><T96/><D118/><U19/><E131/><V60/><F34/><N who="3" m="20839" /><G129/><T40/><D75/><U134/><E115/><V90/><F120/><N who="3" m="46155" /><G98/><T16/><D135/><U109/><E109/><V42/><F133/><W112/><G112/><T29/><D69/><U89/><E89/><V85/><F42/><W128/><G128/><T72/><D72/><U13/><E134/><V0/><F0/><W63/><G63/><T15/><D15/><N who="1" m="5543" /><E117/><V20/><F20/><W111/><G125/><T36/><D36/><U35/><E35/><V87/><F73/><W67/><G67/><T27/><D25/><U49/><E49/><V104/><F104/><W127/><G127/><T8/><REACH who="0" step="1"/><D7/><REACH who="0" ten="58,178,369,385" step="2"/><U14/><E14/><N who="2" m="9431" /><F60/><W47/><G6/><T83/><D83/><N who="1" m="49631" /><E2/><V64/><F64/><W38/><G1/><T116/><D116/><U58/><AGARI ba="0,1" hai="13,19,23,51,53,58,102,103" m="49631,5543" machi="58" ten="30,1100,0" yaku="8,1" doraHai="56" who="1" fromWho="1" sc="58,-3,178,21,369,-3,385,-5" owari="55,-44.5,199,-20.1,366,16.6,380,48.0" /></mjloggm>