<mjloggm ver="2.3"><GO type="225" lobby="0"/><UN n0="%E3%81%99%E3%81%84%E3%81%BE%E3%81%9B%E3%83%BC%E3%82%93" n1="%E8%81%B7%E6%A5%AD%E3%80%81%E9%A2%A8%32" n2="%E3%83%96%E3%83%83%E3%83%91%E3%82%AA%E3%83%96%E3%83%81%E3%82%AD%E3%83%B3" n3="%E3%81%BF%E3%81%BF%E3%81%9A" dan="18,16,16,17" rate="2203.90,2145.21,2155.19,2223.01" sx="M,M,M,M"/><TAIKYOKU oya="0"/><INIT seed="0,0,0,3,0,108" ten="250,250,250,250" oya="0" hai0="80,0,11,5,103,98,15,58,64,81,113,118,35" hai1="88,44,16,38,102,53,2,33,92,86,68,67,123" hai2="21,95,83,110,45,29,20,60,41,24,124,19,126" hai3="79,47,104,66,18,62,101,70,93,74,39,87,26"/><T127/><D113/><U106/><E123/><V23/><F110/><W85/><G39/><T71/><D118/><U135/><E2/><V7/><F7/><W73/><G47/><T6/><D35/><U109/><E109/><V54/><F95/><W69/><G69/><T99/><D71/><U48/><E135/><V89/><F89/><W28/><G18/><T117/><D127/><N who="2" m="48682" /><F83/><W76/><G93/><T50/><D99/><U84/><E33/><N who="2" m="20647" /><F60/><W107/><G87/><N who="1" m="33322" /><E38/><N who="2" m="21687" /><F54/><W10/><G85/><T14/><D117/><U25/><E106/><V36/><F36/><W8/><G107/><T119/><D119/><U100/><E68/><V94/><F94/><W125/><G125/><T115/><D6/><U75/><E75/><N who="3" m="28682" /><G79/><T131/><D5/><U59/><E88/><V22/><F22/><W65/><G76/><T43/><D81/><U129/><E92/><V1/><F1/><W27/><G65/><T116/><D80/><U56/><E67/><V46/><F46/><W37/><G37/><T128/><D116/><U134/><E44/><V61/><F61/><W52/><G52/><N who="0" m="32023" /><D64/><U114/><E53/><V122/><F122/><W121/><G121/><T42/><D0/><U96/><E96/><V4/><F4/><W77/><G77/><T120/><D120/><U133/><E133/><V3/><F3/><W40/><G104/><N who="0" m="63607" /><D11/><N who="3" m="4137" /><G40/><N who="0" m="15403" /><D14/><AGARI ba="0,0" hai="14,19,20,21,23" m="21687,20647,48682" machi="14" ten="30,1000,0" yaku="18,1" doraHai="108" who="2" fromWho="0" sc="250,-10,250,0,250,10,250,0" /><INIT seed="1,0,0,0,3,16" ten="240,250,260,250" oya="1" hai0="40,14,95,97,78,93,128,58,52,88,17,132,69" hai1="38,115,5,117,66,90,135,19,101,42,55,62,12" hai2="56,41,108,11,74,71,22,24,70,120,75,45,32" hai3="2,46,107,29,34,121,103,54,68,124,35,100,50"/><U82/><E117/><V96/><F120/><W48/><G121/><T33/><D132/><U36/><E135/><V59/><F32/><W76/><G2/><T81/><D128/><U109/><E115/><V126/><F108/><W86/><G68/><T119/><D33/><U130/><E130/><V8/><F126/><W1/><G1/><T133/><D133/><U125/><E125/><V91/><F71/><W123/><G124/><T113/><D69/><U94/><E109/><V89/><F70/><W60/><G60/><T53/><D113/><U25/><E42/><V0/><F0/><W83/><G123/><T61/><D119/><U129/><E129/><V49/><F75/><W79/><G107/><T122/><D40/><U64/><E38/><V63/><F74/><W104/><G104/><T21/><D95/><U72/><E36/><V98/><F98/><W13/><G79/><T114/><D122/><U37/><E37/><V9/><F96/><W15/><G35/><T6/><D6/><U105/><E5/><V110/><F110/><W65/><G65/><N who="1" m="25194" /><E25/><V77/><F77/><W10/><G13/><T73/><D114/><U99/><E105/><V131/><F131/><W20/><G29/><T31/><D31/><U44/><E72/><V57/><REACH who="2" step="1"/><F63/><REACH who="2" ten="240,250,250,250" step="2"/><W18/><G34/><T106/><D106/><U102/><E62/><V85/><F85/><W112/><G112/><T30/><D30/><AGARI ba="0,1" hai="8,9,11,22,24,30,41,45,49,56,57,59,89,91" machi="30" ten="40,5200,0" yaku="1,1,8,1,52,1,53,0" doraHai="16" doraHaiUra="67" who="2" fromWho="0" sc="240,-52,250,0,250,62,250,0" /><INIT seed="2,0,0,5,0,100" ten="188,250,312,250" oya="2" hai0="63,42,113,38,98,75,69,17,77,61,111,122,82" hai1="41,112,26,1,51,130,124,118,60,9,71,87,12" hai2="72,114,48,19,64,0,29,129,83,11,67,57,86" hai3="55,23,32,92,6,102,62,10,95,66,132,49,53"/><V99/><F114/><W25/><G32/><T123/><D113/><U85/><E112/><V96/><F72/><W120/><G132/><T27/><D111/><U47/><E118/><V13/><F129/><W24/><G120/><T131/><D131/><U22/><E130/><V79/><F0/><W59/><G102/><T74/><D74/><U3/><E124/><V52/><REACH who="2" step="1"/><F29/><REACH who="2" ten="188,250,302,250" step="2"/><W115/><G115/><T36/><D123/><U89/><E3/><V121/><F121/><W46/><G25/><T68/><D122/><U91/><E1/><V50/><F50/><W8/><G6/><T40/><D27/><U15/><E26/><V109/><F109/><W73/><G73/><T2/><D2/><U126/><E126/><V76/><F76/><W134/><G134/><T107/><D77/><U78/><E78/><V110/><F110/><W105/><G24/><T56/><D75/><U101/><E51/><V14/><F14/><W44/><G49/><T65/><D38/><U20/><E15/><V45/><F45/><W116/><G44/><T4/><D36/><U84/><E12/><V128/><F128/><W16/><G46/><T90/><D4/><U81/><E47/><V54/><F54/><W117/><G116/><T28/><D28/><U30/><E30/><V125/><F125/><W119/><G117/><T37/><D37/><U31/><E31/><V106/><F106/><W104/><G119/><T58/><D107/><N who="3" m="41033" /><G53/><T103/><D63/><U108/><E60/><V43/><F43/><W21/><G55/><T33/><D61/><U80/><E41/><V34/><F34/><RYUUKYOKU ba="0,1" sc="188,-10,250,-10,302,30,250,-10" hai2="11,13,19,48,52,57,64,67,79,83,86,96,99" /><INIT seed="2,1,1,0,5,112" ten="178,240,332,240" oya="2" hai0="131,132,97,70,54,62,56,102,78,15,19,13,98" hai1="72,37,86,30,63,105,124,69,82,120,55,122,71" hai2="43,127,91,76,74,14,110,89,106,85,117,100,9" hai3="119,18,93,79,83,50,115,84,25,0,5,108,60"/><V80/><F43/><W68/><G119/><T126/><D126/><U1/><E1/><V27/><F127/><W47/><G115/><T22/><D131/><U31/><E124/><V104/><F27/><W20/><G108/><T116/><D132/><U52/><E105/><N who="2" m="40555" /><F14/><W66/><G0/><T49/><D116/><U39/><E72/><V59/><F59/><W88/><G5/><T26/><D78/><U51/><E63/><V135/><F9/><W134/><G134/><T42/><D70/><U61/><E61/><V129/><F135/><W7/><G7/><T107/><REACH who="0" step="1"/><D97/><REACH who="0" ten="168,240,332,240" step="2"/><U24/><E71/><V23/><F129/><W35/><G35/><T16/><D16/><U90/><E69/><V48/><F76/><W53/><REACH who="3" step="1"/><G79/><REACH who="3" ten="168,240,332,230" step="2"/><T121/><D121/><U87/><E120/><V101/><F117/><W73/><G73/><T81/><D81/><AGARI ba="1,3" hai="18,20,25,47,50,53,60,66,68,81,83,84,88,93" machi="81" ten="40,2600,0" yaku="1,1,54,1,53,0" doraHai="112" doraHaiUra="11" who="3" fromWho="0" sc="168,-29,240,0,332,0,230,59" /><INIT seed="3,0,0,0,4,66" ten="139,240,332,289" oya="3" hai0="47,17,78,85,11,120,117,134,109,34,59,14,68" hai1="27,29,74,79,21,71,77,1,121,40,84,63,33" hai2="54,9,105,102,20,0,55,64,113,13,12,52,123" hai3="118,16,96,69,86,4,116,114,135,37,46,95,61"/><W58/><G114/><T128/><D117/><U130/><E130/><V126/><F113/><W75/><G75/><T2/><D120/><U119/><E121/><V124/><F123/><W129/><G4/><T122/><D122/><U38/><E1/><V83/><F64/><W48/><G129/><T133/><D128/><U67/><E21/><V104/><F83/><W73/><G73/><T111/><D34/><U51/><E79/><V22/><F0/><W49/><G135/><T50/><D2/><U57/><E84/><V106/><F102/><W18/><G69/><T115/><D59/><U92/><E92/><V28/><F28/><W8/><G37/><T7/><D7/><U127/><E127/><N who="2" m="48683" /><F13/><N who="3" m="7207" /><G118/><T103/><D103/><U10/><E119/><V36/><F36/><W110/><G116/><T132/><D115/><U80/><E10/><V108/><F108/><W32/><G110/><T65/><D78/><U112/><E112/><V44/><F44/><W31/><G86/><T35/><D85/><U98/><E38/><V26/><F26/><W89/><G31/><T53/><D35/><U97/><E57/><V19/><AGARI ba="0,0" hai="9,12,19,20,22,52,54,55,104,105,106" m="48683" machi="19" ten="40,2700,0" yaku="18,1,54,1" doraHai="66" who="2" fromWho="2" sc="139,-7,240,-7,332,27,289,-13" owari="132,-36.8,233,-16.7,359,45.9,276,7.6" /></mjloggm>