<mjloggm ver="2.3"><GO type="169" lobby="0"/><UN n0="%35%30%38%30%74%61%6B%61" n1="%E7%9C%9F%E9%BE%8D%E5%85%84%E8%B2%B4" n2="%E7%96%BE%E9%A2%A8%E5%88%83%E9%9B%B7" n3="%41%43%73" dan="16,16,16,16" rate="2115.53,2064.79,2123.61,2118.36" sx="M,M,M,M"/><TAIKYOKU oya="0"/><INIT seed="0,0,0,1,5,124" ten="250,250,250,250" oya="0" hai0="26,107,115,19,28,17,0,66,63,71,3,118,51" hai1="116,60,102,21,93,134,54,72,58,127,130,41,48" hai2="11,84,112,69,64,44,18,100,121,80,34,131,33" hai3="123,68,79,50,70,117,55,97,132,15,10,27,122"/><T14/><D107/><U35/><E116/><V43/><F112/><W74/><G117/><T73/><D73/><U82/><E35/><V113/><F113/><W61/><G132/><T108/><D115/><U31/><E127/><V59/><F69/><W5/><G61/><T46/><D118/><U104/><E104/><V96/><F121/><N who="3" m="46091" /><G97/><T126/><D126/><U135/><E72/><V78/><F59/><N who="3" m="33271" /><G27/><T49/><D49/><U109/><E109/><V128/><F64/><W110/><G110/><T9/><D19/><U13/><E31/><V67/><F67/><W4/><G4/><T25/><D25/><U103/><E48/><V2/><F96/><W12/><G15/><T86/><D86/><U62/><E13/><N who="2" m="7487" /><F100/><W24/><G24/><T83/><D83/><AGARI ba="0,0" hai="5,10,12,68,70,74,79,83" m="33271,46091" machi="83" ten="30,1000,0" yaku="13,1" doraHai="124" who="3" fromWho="0" sc="250,-10,250,0,250,0,250,10" /><INIT seed="1,0,0,3,0,2" ten="240,250,250,260" oya="1" hai0="86,90,110,130,121,124,49,25,38,33,59,111,83" hai1="5,98,70,35,51,1,41,72,68,30,4,125,99" hai2="73,48,106,29,61,26,53,17,19,7,0,85,39" hai3="54,128,36,46,16,47,123,116,45,21,31,10,43"/><U27/><E72/><V69/><F73/><W101/><G123/><T91/><D38/><U100/><E125/><V66/><F106/><W120/><G120/><T109/><D121/><U18/><E98/><V23/><F39/><W67/><G128/><T8/><D130/><U79/><E79/><V11/><REACH who="2" step="1"/><F85/><REACH who="2" ten="240,250,240,260" step="2"/><W15/><G116/><T105/><D105/><U71/><E1/><V40/><F40/><W42/><G36/><T80/><D124/><U127/><E127/><V135/><F135/><W95/><G67/><T65/><D65/><U103/><E18/><V63/><F63/><W97/><G54/><T104/><D104/><U87/><E87/><V94/><F94/><W34/><G34/><T107/><D107/><U82/><E82/><V9/><F9/><W13/><REACH who="3" step="1"/><G31/><REACH who="3" ten="240,250,240,250" step="2"/><T12/><D33/><U62/><E62/><V76/><F76/><W74/><G74/><T115/><D110/><U119/><E119/><V88/><F88/><W22/><G22/><T57/><D91/><U24/><E100/><V50/><F50/><W37/><G37/><T75/><D49/><U108/><E108/><V118/><F118/><W3/><G3/><T20/><D75/><U14/><E51/><V32/><F32/><W6/><AGARI ba="0,2" hai="6,10,13,15,16,21,42,43,45,46,47,95,97,101" machi="6" ten="30,8000,1" yaku="1,1,0,1,8,1,52,1,54,1,53,0" doraHai="2" doraHaiUra="112" who="3" fromWho="3" sc="240,-20,250,-40,240,-20,250,100" /><INIT seed="2,0,0,5,5,106" ten="220,210,220,350" oya="2" hai0="78,0,40,111,13,98,100,58,99,22,21,103,32" hai1="95,87,117,10,109,122,69,105,81,55,11,90,82" hai2="118,124,1,36,128,133,41,18,72,43,31,75,37" hai3="86,123,15,84,30,16,2,135,96,49,60,35,50"/><V48/><F18/><W115/><G123/><T64/><D0/><U51/><E117/><V61/><F48/><W39/><G2/><T120/><D32/><U34/><E34/><V17/><F17/><W12/><G39/><T27/><D120/><U102/><E69/><V65/><F118/><W93/><G135/><T110/><D40/><U71/><E71/><N who="2" m="42415" /><F31/><W26/><G115/><T44/><D44/><U74/><E122/><V121/><F121/><W83/><G12/><T29/><D78/><U116/><E116/><V4/><F133/><W5/><G5/><T7/><D7/><U67/><E67/><V8/><F124/><W108/><G108/><T112/><D112/><U33/><E109/><V47/><F128/><W45/><G60/><N who="0" m="37911" /><D110/><U14/><E33/><V25/><F25/><W77/><G86/><T73/><D111/><U59/><E14/><V129/><F129/><W54/><G50/><T80/><D80/><U62/><E82/><V52/><F52/><W9/><G96/><T85/><D85/><U97/><REACH who="1" step="1"/><E51/><REACH who="1" ten="220,200,220,350" step="2"/><V104/><F104/><W101/><G93/><T3/><D13/><U119/><E119/><V66/><F66/><W132/><G132/><T130/><D130/><U125/><E125/><V6/><F6/><W28/><G35/><T56/><D3/><U68/><E68/><V76/><F76/><AGARI ba="0,1" hai="10,11,55,59,62,74,76,81,87,90,95,97,102,105" machi="76" ten="40,8000,1" yaku="1,1,24,2,52,1,53,0" doraHai="106" doraHaiUra="42" who="1" fromWho="2" sc="220,0,200,90,220,-80,350,0" /><INIT seed="3,0,0,0,5,45" ten="220,290,140,350" oya="3" hai0="126,100,85,46,30,105,52,87,108,27,53,114,31" hai1="88,7,37,102,9,21,82,73,48,130,25,95,72" hai2="132,66,79,56,58,75,32,69,91,60,19,6,1" hai3="131,55,12,17,15,47,99,22,107,23,44,81,135"/><W2/><G2/><T101/><D108/><U74/><E37/><V36/><F132/><W121/><G121/><T68/><D68/><U128/><E102/><V93/><F32/><W20/><G135/><T86/><D126/><U26/><E82/><V94/><F94/><W133/><G133/><T10/><D114/><U104/><E104/><V122/><F122/><W63/><G131/><N who="1" m="50218" /><E21/><V50/><F19/><W5/><G81/><T89/><D89/><U80/><E48/><V57/><F36/><W18/><G5/><T84/><D84/><N who="1" m="50183" /><E95/><V59/><F79/><W16/><G99/><T127/><D127/><U78/><E78/><V49/><F75/><W115/><G107/><T61/><D105/><U97/><E97/><V134/><N who="2" m="14336" /><DORA hai="118" /><V33/><F33/><W109/><G115/><T129/><D129/><U124/><E124/><V96/><REACH who="2" step="1"/><F134/><REACH who="2" ten="220,290,130,350" step="2"/><W67/><G109/><T90/><D61/><U35/><E35/><V110/><F110/><W40/><G63/><T54/><D31/><U113/><E113/><V41/><F41/><W119/><G119/><T123/><D30/><U112/><E112/><V83/><F83/><W77/><G77/><T11/><D54/><U3/><AGARI ba="0,1" hai="3,7,9,25,26,72,73,74" m="50183,50218" machi="3" ten="40,2700,0" yaku="19,1,54,1" doraHai="45,118" who="1" fromWho="1" sc="220,-7,290,37,130,-7,350,-13" /><INIT seed="4,0,0,5,0,57" ten="213,327,123,337" oya="0" hai0="89,3,134,132,96,10,42,65,115,67,47,87,64" hai1="112,6,50,12,103,76,56,118,25,82,52,91,33" hai2="83,107,41,75,124,44,88,4,102,62,97,93,15" hai3="119,100,29,66,68,17,54,39,35,105,130,63,92"/><T28/><D115/><U71/><E118/><V61/><F124/><W1/><G119/><T127/><D127/><U73/><E71/><V109/><F109/><W110/><G110/><T18/><D28/><U30/><E112/><V58/><F58/><W74/><G74/><T133/><D96/><U16/><E103/><V38/><F4/><W2/><G130/><T111/><D111/><U70/><E70/><V8/><F8/><W14/><G39/><T20/><D10/><U94/><E6/><V98/><F15/><W78/><G78/><T125/><D3/><U113/><E113/><V84/><REACH who="2" step="1"/><F75/><REACH who="2" ten="213,327,113,337" step="2"/><W49/><G1/><T120/><D125/><U21/><E12/><V9/><F9/><W69/><G2/><T106/><D120/><U95/><E56/><V101/><AGARI ba="0,1" hai="38,41,44,61,62,83,84,88,93,97,98,101,102,107" machi="101" ten="20,16000,3" yaku="1,1,0,1,7,1,52,2,54,1,53,2" doraHai="57" doraHaiUra="99" who="2" fromWho="2" sc="213,-80,327,-40,113,170,337,-40" /><INIT seed="5,0,0,0,1,21" ten="133,287,283,297" oya="1" hai0="105,69,104,82,50,18,130,6,32,61,101,41,127" hai1="17,12,113,118,20,80,114,103,62,64,7,126,89" hai2="112,11,36,23,45,27,125,55,29,42,30,102,10" hai3="60,121,0,51,109,98,16,88,3,28,132,134,107"/><U93/><E118/><V75/><F75/><W15/><G109/><T40/><D127/><U133/><E126/><V5/><F125/><W94/><G121/><T84/><D130/><U81/><E133/><N who="3" m="51306" /><G60/><T26/><D6/><U116/><E116/><V87/><F102/><N who="3" m="62935" /><G51/><T38/><D38/><U70/><E103/><V67/><F67/><W2/><G28/><T120/><D120/><U79/><E7/><V46/><F112/><N who="1" m="43113" /><E79/><V90/><F5/><W78/><G78/><T72/><D72/><U37/><E37/><V73/><F73/><W86/><G3/><T31/><D18/><U110/><E110/><V91/><F91/><W83/><G83/><T135/><D135/><U68/><E68/><V122/><F122/><W59/><G59/><T9/><D50/><U111/><E111/><V74/><F30/><W13/><G13/><T1/><D1/><U92/><E92/><V95/><F74/><W97/><G97/><AGARI ba="0,0" hai="12,17,20,62,64,70,80,81,89,93,97" m="43113" machi="97" ten="30,1500,0" yaku="15,1" doraHai="21" who="1" fromWho="3" sc="133,0,287,15,283,0,297,-15" /><INIT seed="5,1,0,1,0,73" ten="133,302,283,282" oya="1" hai0="118,95,131,93,22,130,24,23,63,94,120,40,50" hai1="16,128,2,27,91,133,79,81,97,20,98,69,103" hai2="87,31,104,43,28,37,60,17,108,47,114,0,119" hai3="13,77,4,39,9,92,21,125,124,134,89,102,14"/><U132/><E69/><V3/><F108/><W42/><G102/><T36/><D118/><U83/><E2/><V110/><F110/><W86/><G134/><N who="1" m="51818" /><E128/><V127/><F119/><W61/><G61/><T48/><D36/><U38/><E38/><V59/><F104/><W6/><G42/><T26/><D120/><U29/><E29/><V99/><F99/><W1/><G39/><T129/><D63/><U117/><E117/><V64/><F127/><N who="3" m="48715" /><G6/><T88/><D88/><U78/><E91/><V74/><F74/><W109/><G109/><T121/><D121/><U7/><E7/><V30/><F114/><W106/><G106/><T68/><D68/><U71/><E71/><V15/><REACH who="2" step="1"/><F87/><REACH who="2" ten="133,302,273,282" step="2"/><N who="3" m="52287" /><G21/><AGARI ba="1,1" hai="0,3,15,17,21,28,30,31,37,43,47,59,60,64" machi="21" ten="40,5200,0" yaku="1,1,53,2" doraHai="73" doraHaiUra="35" who="2" fromWho="3" sc="133,0,302,0,273,65,282,-55" /><INIT seed="6,0,0,1,5,39" ten="133,302,338,227" oya="2" hai0="133,64,111,12,82,102,85,33,43,95,22,78,120" hai1="50,94,115,132,59,42,1,66,79,17,47,118,110" hai2="16,8,121,21,37,96,90,58,103,11,35,88,25" hai3="108,124,93,14,19,80,130,20,119,129,126,7,61"/><V5/><F121/><W98/><G108/><T84/><D33/><U116/><E1/><V23/><F35/><W52/><G119/><T69/><D120/><U2/><E2/><V74/><F74/><W77/><G7/><T26/><D111/><U99/><E110/><V63/><F37/><W73/><G61/><T86/><D133/><U65/><E132/><V38/><F38/><W44/><G93/><T3/><D3/><U54/><E115/><V104/><F23/><W10/><G98/><T81/><D69/><U83/><E17/><V41/><F41/><W131/><REACH who="3" step="1"/><G20/><REACH who="3" ten="133,302,338,217" step="2"/><T0/><D64/><U18/><E116/><V106/><F106/><W72/><G72/><T48/><D0/><U57/><E118/><V101/><F101/><W34/><G34/><T53/><D12/><U45/><E66/><V135/><F135/><W29/><G29/><T6/><D6/><U62/><E18/><V113/><F113/><W68/><G68/><T55/><D95/><U107/><E107/><V40/><F5/><W15/><G15/><T114/><D114/><U105/><E105/><V100/><F100/><W60/><G60/><T27/><D102/><U30/><E30/><V13/><F13/><W4/><G4/><T125/><D125/><U91/><REACH who="1" step="1"/><E42/><REACH who="1" ten="133,292,338,217" step="2"/><V24/><F40/><W112/><G112/><T92/><D43/><U71/><E71/><V56/><F16/><W117/><G117/><T28/><D55/><U127/><E127/><V134/><F134/><W51/><AGARI ba="0,2" hai="10,14,19,44,51,52,73,77,80,124,126,129,130,131" machi="51" ten="40,8000,1" yaku="1,1,0,1,19,1,54,1,53,0" doraHai="39" doraHaiUra="89" who="3" fromWho="3" sc="133,-20,292,-20,338,-40,217,100" /><INIT seed="7,0,0,5,3,107" ten="113,272,298,317" oya="3" hai0="74,98,3,26,89,15,61,8,132,12,30,52,18" hai1="43,70,45,101,4,82,103,112,133,75,35,59,131" hai2="95,90,97,11,25,10,31,57,37,117,134,100,34" hai3="84,60,32,130,96,62,39,21,76,66,46,6,125"/><W102/><G32/><T72/><D132/><U67/><E133/><V51/><F134/><W109/><G130/><T29/><D3/><U135/><E35/><V120/><F117/><W85/><G125/><T91/><D29/><U73/><E135/><V111/><F111/><W16/><G6/><T106/><D106/><U81/><E131/><V23/><F37/><W115/><G115/><T47/><D15/><U108/><E108/><V53/><F120/><W58/><G109/><T56/><D47/><U118/><E112/><V123/><F123/><W105/><G76/><T50/><D50/><U0/><E118/><V55/><F55/><W63/><G63/><T80/><D80/><U71/><E59/><V69/><F69/><W2/><G2/><T79/><D79/><N who="1" m="44271" /><E101/><V22/><F34/><W116/><G62/><T41/><D41/><U28/><E103/><V1/><F1/><W114/><G116/><T93/><REACH who="0" step="1"/><D91/><REACH who="0" ten="103,272,298,317" step="2"/><U83/><E83/><V78/><F78/><W64/><G114/><T94/><D94/><U54/><E28/><N who="2" m="17463" /><F100/><W122/><G122/><T36/><D36/><U126/><E0/><V5/><F5/><W42/><G64/><T14/><D14/><AGARI ba="0,1" hai="14,16,21,39,42,46,58,60,66,84,85,96,102,105" machi="14" ten="30,2900,0" yaku="7,1,54,1" doraHai="107" who="3" fromWho="0" sc="103,-29,272,0,298,0,317,39" owari="74,-42.6,272,-12.8,298,9.8,356,45.6" /></mjloggm>