<mjloggm ver="2.3"><GO type="169" lobby="0"/><UN n0="%E5%B8%B0%E3%82%8A%E3%81%9F%E3%81%84%E3%80%82" n1="%E3%82%86%E3%81%88%EF%BC%A0%E9%9B%80%E9%AC%BC%E6%B5%81%E7%B8%9B%E3%82%8A" n2="%E7%A8%B2%E5%A6%BB%E3%81%A1%E3%82%83%E3%81%A3%E3%81%B4%E3%83%BC" n3="%E4%BA%BA%E5%93%81%E3%81%AA%E3%81%97" dan="19,17,17,17" rate="2240.29,2161.82,2168.22,2203.81" sx="M,F,M,M"/><TAIKYOKU oya="0"/><INIT seed="0,0,0,5,4,116" ten="250,250,250,250" oya="0" hai0="95,1,128,119,10,45,16,62,118,57,107,92,39" hai1="72,37,112,80,100,31,14,28,40,108,82,49,130" hai2="121,13,135,50,78,35,96,61,26,76,63,4,113" hai3="73,17,53,90,19,22,30,69,47,91,106,123,23"/><T46/><D107/><U84/><E37/><V111/><F113/><W134/><G73/><T104/><D104/><U27/><E112/><V7/><F111/><W65/><G106/><T88/><D128/><U127/><E108/><V34/><F50/><W68/><G30/><T56/><D1/><U44/><E130/><V66/><F13/><W25/><G134/><T98/><D56/><U18/><E127/><V93/><F135/><W0/><G0/><T29/><D29/><U124/><E124/><V52/><F26/><W33/><G33/><T114/><D114/><U54/><E100/><V102/><F121/><W105/><G105/><T24/><D39/><U15/><E15/><V38/><F38/><W94/><G65/><T117/><D92/><U2/><E2/><V60/><F66/><W71/><G123/><T131/><D131/><U103/><E103/><V58/><F34/><W41/><G53/><N who="0" m="34095" /><D10/><U32/><E31/><V83/><F35/><W20/><G94/><T129/><D129/><U77/><E40/><V12/><F12/><W125/><G125/><T74/><D74/><U11/><REACH who="1" step="1"/><E82/><REACH who="1" ten="250,240,250,250" step="2"/><V97/><F83/><W110/><G110/><T59/><D119/><U3/><E3/><V122/><F102/><W79/><G25/><T87/><D118/><U109/><E109/><V115/><F115/><W8/><G41/><T132/><D117/><U21/><E21/><V43/><F43/><W70/><G8/><T6/><D132/><U101/><E101/><V55/><F93/><W126/><G126/><T48/><D24/><U133/><E133/><V81/><F81/><RYUUKYOKU ba="0,1" sc="250,-10,240,30,250,-10,250,-10" hai1="11,14,18,27,28,32,44,49,54,72,77,80,84" /><INIT seed="1,1,1,3,5,71" ten="240,270,240,240" oya="1" hai0="129,133,13,9,33,44,134,30,35,117,40,99,42" hai1="25,113,86,81,89,132,46,16,125,57,115,87,119" hai2="20,6,109,83,62,63,131,122,2,27,78,7,85" hai3="56,24,17,118,114,72,65,38,66,102,94,96,91"/><U124/><E57/><V47/><F122/><W110/><G114/><T93/><D117/><U60/><E60/><V101/><F109/><W90/><G110/><T120/><D129/><U84/><E119/><V18/><F131/><W36/><G118/><T74/><D74/><U34/><E34/><V12/><F2/><W43/><G72/><T19/><D120/><U29/><E29/><V21/><F101/><W45/><G56/><T95/><D42/><U31/><E31/><V22/><F47/><W26/><G38/><T123/><D95/><U8/><E132/><N who="0" m="50793" /><D30/><U98/><E98/><V15/><F27/><W79/><G79/><T55/><D55/><U28/><E28/><V104/><F104/><W73/><G73/><T61/><D61/><N who="2" m="23050" /><F15/><W80/><G24/><T121/><D35/><U103/><E103/><V14/><F14/><W100/><G100/><N who="0" m="60527" /><D33/><U23/><E113/><V127/><F127/><N who="1" m="48713" /><E115/><V59/><F59/><W67/><REACH who="3" step="1"/><G80/><REACH who="3" ten="240,270,240,230" step="2"/><T130/><D130/><U126/><E126/><V107/><F107/><W5/><G5/><AGARI ba="1,2" hai="5,6,7,12,18,20,21,22,78,83,85" m="23050" machi="5" ten="30,1000,0" yaku="8,1" doraHai="71" who="2" fromWho="3" sc="240,0,270,0,240,33,230,-13" /><INIT seed="2,0,0,0,4,89" ten="240,270,273,217" oya="2" hai0="15,123,44,55,35,32,114,111,97,73,50,118,88" hai1="61,127,96,5,1,16,134,64,62,46,107,103,70" hai2="124,39,47,30,109,99,57,6,59,69,68,31,3" hai3="49,29,91,76,18,102,120,24,121,28,13,115,77"/><V14/><F3/><W125/><G125/><T112/><D123/><U10/><E46/><V87/><F124/><W33/><G115/><T66/><D73/><U101/><E127/><V93/><F69/><W26/><G102/><T0/><D0/><U79/><E134/><V105/><F68/><W129/><G129/><T94/><D111/><U56/><E103/><V22/><F109/><W133/><G133/><T25/><D118/><U117/><E79/><V52/><F105/><W82/><G91/><T67/><D15/><U43/><E43/><V54/><F87/><W106/><G49/><T72/><D72/><U19/><REACH who="1" step="1"/><E117/><REACH who="1" ten="240,260,273,217" step="2"/><V45/><F45/><W71/><G77/><T9/><D114/><U17/><E17/><N who="2" m="10551" /><F39/><W21/><G106/><T80/><D112/><U37/><E37/><V100/><F6/><W83/><G71/><T95/><D44/><U86/><E86/><V11/><F47/><W7/><G7/><T75/><D75/><U20/><E20/><V27/><F11/><W122/><REACH who="3" step="1"/><G76/><REACH who="3" ten="240,260,273,207" step="2"/><T63/><D88/><U51/><E51/><N who="2" m="30879" /><F27/><W65/><G65/><AGARI ba="0,2" hai="1,5,10,16,19,56,61,62,64,65,70,96,101,107" machi="65" ten="30,3900,0" yaku="1,1,7,1,54,1,53,0" doraHai="89" doraHaiUra="36" who="1" fromWho="3" sc="240,0,260,59,273,0,207,-39" /><INIT seed="3,0,0,2,1,78" ten="240,319,273,168" oya="3" hai0="2,79,48,46,119,5,81,53,58,3,91,12,32" hai1="26,41,25,73,30,120,18,62,36,52,60,108,107" hai2="43,115,54,92,101,11,70,106,9,23,85,47,96" hai3="0,27,10,125,110,98,57,51,121,84,21,118,133"/><W90/><G118/><T38/><D32/><U100/><E73/><V77/><F115/><W82/><G121/><T69/><D69/><U28/><E120/><V29/><F70/><W19/><G125/><T55/><D119/><U65/><E18/><V64/><F64/><W89/><G133/><T93/><D12/><U114/><E114/><V45/><F54/><W34/><G34/><T31/><D31/><U42/><E100/><V103/><F103/><W102/><G110/><T116/><D116/><U87/><E65/><V128/><F128/><W39/><G39/><T1/><D38/><U132/><E36/><V16/><F29/><W56/><G89/><T105/><D105/><U68/><E107/><V122/><F122/><W80/><G51/><T76/><D5/><U35/><E68/><V33/><F33/><W124/><G124/><T72/><D79/><U94/><E35/><V20/><F20/><W7/><REACH who="3" step="1"/><G82/><REACH who="3" ten="240,319,273,158" step="2"/><T50/><REACH who="0" step="1"/><D3/><REACH who="0" ten="230,319,273,158" step="2"/><U109/><E109/><V22/><F77/><W8/><G8/><T67/><D67/><U117/><E108/><V4/><F11/><W104/><AGARI ba="0,2" hai="0,7,10,19,21,27,56,57,80,84,90,98,102,104" machi="104" ten="20,7800,0" yaku="1,1,0,1,7,1,52,1,53,0" doraHai="78" doraHaiUra="44" who="3" fromWho="3" sc="230,-26,319,-26,273,-26,158,98" /><INIT seed="3,1,0,5,1,23" ten="204,293,247,256" oya="3" hai0="98,92,83,29,21,31,125,53,82,88,79,133,60" hai1="8,74,90,127,95,104,107,94,66,22,11,4,2" hai2="113,70,36,56,28,102,14,44,52,135,63,129,72" hai3="18,24,42,50,87,75,68,61,41,85,121,111,73"/><W117/><G117/><T65/><D125/><U69/><E74/><V47/><F72/><W62/><G121/><T97/><D133/><U101/><E127/><V5/><F113/><W32/><G111/><T9/><D98/><U64/><E101/><V15/><F129/><W54/><G75/><T51/><D9/><U120/><E120/><V105/><F70/><W58/><G73/><T59/><D79/><U67/><E69/><V99/><F135/><W40/><G18/><T1/><D1/><U13/><E22/><V77/><F77/><W78/><G68/><T10/><D10/><U118/><E118/><V55/><F5/><W96/><G96/><T100/><D100/><U37/><E37/><V116/><F116/><W91/><G78/><T12/><D12/><U7/><REACH who="1" step="1"/><E95/><REACH who="1" ten="204,283,247,256" step="2"/><V46/><F36/><W131/><G131/><T39/><D39/><U108/><E108/><V89/><F28/><N who="0" m="10826" /><D21/><U30/><E30/><V112/><F112/><W27/><G32/><T119/><D119/><U128/><E128/><V132/><F132/><W84/><G91/><T114/><D114/><U35/><E35/><V115/><F115/><W122/><G122/><T109/><D109/><U123/><E123/><V130/><F130/><W19/><G19/><T106/><D106/><U134/><E134/><V126/><F126/><W71/><G71/><T93/><D93/><U48/><E48/><N who="2" m="28679" /><F89/><W80/><G80/><T3/><D3/><U43/><E43/><V86/><F86/><AGARI ba="1,1" hai="2,4,7,8,11,13,64,66,67,86,90,94,104,107" machi="86" ten="40,1300,0" yaku="1,1,53,0" doraHai="23" doraHaiUra="17" who="1" fromWho="2" sc="204,0,283,26,247,-16,256,0" /><INIT seed="4,0,0,1,3,63" ten="204,309,231,256" oya="0" hai0="100,132,113,18,86,22,41,14,133,56,84,61,52" hai1="134,72,95,43,115,121,108,15,110,58,99,103,111" hai2="112,54,6,38,135,93,73,91,46,67,82,117,125" hai3="32,120,60,126,122,31,87,42,12,70,0,21,118"/><T79/><D113/><U96/><E43/><V105/><F105/><W2/><G42/><T128/><D128/><U9/><E121/><N who="3" m="46698" /><G70/><T76/><D100/><U27/><E72/><V26/><F112/><W13/><G60/><T50/><D79/><U90/><E115/><V11/><F117/><W34/><G87/><T55/><D41/><U102/><E134/><N who="0" m="51817" /><D76/><U124/><E124/><V104/><F125/><W25/><G118/><T51/><D51/><U8/><E27/><V98/><F135/><W78/><G78/><T65/><D55/><U101/><E58/><AGARI ba="0,0" hai="14,18,22,50,52,56,58,61,65,84,86" m="51817" machi="58" ten="30,5800,0" yaku="20,1,52,1,54,1" doraHai="63" who="0" fromWho="1" sc="204,58,309,-58,231,0,256,0" /><INIT seed="4,1,0,2,3,110" ten="262,251,231,256" oya="0" hai0="25,53,61,106,118,102,122,39,46,28,78,36,58" hai1="135,80,126,92,29,45,129,35,114,133,86,87,22" hai2="131,119,88,65,56,93,17,70,48,20,105,77,115" hai3="73,43,37,16,67,19,52,9,125,69,89,95,50"/><T63/><D118/><U12/><E35/><V121/><F121/><W117/><G117/><T34/><D122/><U83/><E126/><V123/><F123/><W15/><G73/><T94/><D78/><U55/><E129/><V98/><F119/><W101/><G125/><T90/><D46/><U68/><E68/><V24/><F131/><W11/><G37/><T54/><D102/><U42/><E55/><V6/><F70/><W51/><G101/><T111/><D106/><U127/><E127/><V32/><F105/><W41/><G51/><T81/><D81/><U128/><E128/><V3/><F32/><W60/><G19/><T99/><REACH who="0" step="1"/><D111/><REACH who="0" ten="252,251,231,256" step="2"/><U31/><E80/><V47/><F77/><W103/><G103/><T66/><D66/><U113/><E83/><V74/><F65/><W96/><REACH who="3" step="1"/><G11/><REACH who="3" ten="252,251,231,246" step="2"/><T134/><D134/><U132/><E132/><V23/><F74/><W112/><G112/><T59/><AGARI ba="1,2" hai="25,28,34,36,39,53,54,58,59,61,63,90,94,99" machi="59" ten="30,6000,0" yaku="1,1,0,1,9,1,53,0" doraHai="110" doraHaiUra="40" who="0" fromWho="0" sc="252,83,251,-21,231,-21,246,-21" /><INIT seed="4,2,0,5,3,104" ten="335,230,210,225" oya="0" hai0="76,57,124,15,84,111,100,127,8,94,89,119,115" hai1="7,122,2,35,70,73,92,114,83,32,31,117,52" hai2="20,101,25,75,27,93,23,61,28,60,113,87,79" hai3="41,78,123,29,1,125,81,17,5,118,43,102,18"/><T22/><D119/><U30/><E70/><V21/><F113/><W58/><G118/><T14/><D115/><U38/><E117/><V44/><F44/><W10/><G125/><N who="0" m="48203" /><D100/><U69/><E69/><V90/><F101/><W85/><G123/><T9/><D111/><U6/><E114/><V80/><REACH who="2" step="1"/><F23/><REACH who="2" ten="335,230,200,225" step="2"/><W109/><G102/><T88/><D22/><U48/><E122/><V3/><F3/><W42/><G109/><T99/><D57/><U74/><E2/><V53/><F53/><W33/><G58/><T59/><D59/><U39/><E52/><V54/><F54/><W97/><REACH who="3" step="1"/><G97/><REACH who="3" ten="335,230,200,215" step="2"/><T120/><D120/><U36/><E35/><V24/><F24/><AGARI ba="2,2" hai="1,5,10,17,18,24,29,33,41,42,43,78,81,85" machi="24" ten="40,2600,0" yaku="1,1,2,1,53,0" doraHai="104" doraHaiUra="112" who="3" fromWho="2" sc="335,0,230,0,200,-32,215,52" /><INIT seed="5,0,0,3,3,48" ten="335,230,168,267" oya="1" hai0="84,34,104,60,53,130,52,135,92,82,121,26,110" hai1="55,30,44,57,63,115,16,13,66,127,20,19,79" hai2="93,29,96,98,7,65,106,8,10,56,58,70,64" hai3="40,77,68,129,2,107,117,113,39,99,91,101,103"/><U46/><E30/><V14/><F70/><W74/><G2/><T69/><D110/><U27/><E127/><V43/><F43/><W94/><G68/><T76/><D104/><U45/><E115/><V75/><F75/><W38/><G113/><T1/><D1/><U73/><E73/><V22/><F106/><W25/><G129/><T11/><D130/><U72/><E72/><V49/><F56/><W37/><G117/><T78/><D78/><U133/><E133/><V36/><F36/><W41/><G25/><T122/><D11/><N who="1" m="6207" /><E79/><V61/><F49/><AGARI ba="0,0" hai="19,20,27,44,45,46,49,55,57,63,66" m="6207" machi="49" ten="30,5800,0" yaku="8,1,52,1,54,1" doraHai="48" who="1" fromWho="2" sc="335,0,230,58,168,-58,267,0" /><INIT seed="5,1,0,2,0,43" ten="335,288,110,267" oya="1" hai0="2,12,33,47,100,113,123,81,107,75,118,59,58" hai1="128,4,120,78,73,28,8,19,60,7,89,99,42" hai2="92,95,20,131,122,32,97,57,64,103,105,130,48" hai3="22,93,91,98,49,40,106,37,129,11,30,77,31"/><U104/><E28/><V90/><F32/><W102/><G129/><T38/><D33/><U62/><E120/><V56/><F122/><W16/><G37/><T14/><D118/><U3/><E128/><V5/><F105/><W50/><G77/><T15/><D100/><U133/><E133/><V108/><F108/><W52/><G11/><T1/><D107/><U36/><E7/><V115/><F115/><W0/><G0/><T86/><D75/><U80/><E19/><V10/><F64/><W66/><G66/><T94/><D94/><N who="1" m="56783" /><E104/><V125/><F125/><W76/><G76/><T35/><D35/><U55/><E55/><V9/><F20/><W51/><G40/><T45/><D38/><U88/><E88/><V127/><F127/><W116/><G116/><T70/><D70/><U101/><E101/><V63/><F63/><W72/><G72/><T61/><D123/><U121/><E121/><V84/><F130/><W23/><G23/><T46/><D113/><U67/><E67/><V83/><F83/><W13/><REACH who="3" step="1"/><G52/><REACH who="3" ten="335,288,110,257" step="2"/><N who="0" m="33991" /><D1/><U132/><E132/><V114/><F114/><W44/><G44/><AGARI ba="1,1" hai="3,4,8,36,42,44,60,62,73,78,80" m="56783" machi="44" ten="30,2900,0" yaku="25,1,52,1" doraHai="43" who="1" fromWho="3" sc="335,0,288,42,110,0,257,-32" /><INIT seed="5,2,0,5,4,74" ten="335,330,110,225" oya="1" hai0="12,121,110,80,38,57,104,48,13,8,45,112,11" hai1="93,23,7,22,122,115,83,77,28,35,79,59,111" hai2="41,30,109,37,21,63,2,36,118,94,90,117,131" hai3="58,25,17,108,73,98,51,14,123,0,72,20,99"/><U105/><E105/><V40/><F109/><W61/><G108/><T100/><D110/><U81/><E122/><V67/><F2/><W56/><G0/><T85/><D112/><U101/><E111/><V86/><F131/><W135/><G135/><T31/><D31/><U55/><E35/><V69/><F41/><W128/><G128/><T46/><D100/><U60/><E7/><V132/><F132/><W52/><G123/><T39/><D104/><U44/><E44/><V65/><F65/><W9/><G73/><T92/><D92/><U24/><E23/><V129/><F129/><W88/><G72/><T71/><D71/><U126/><E126/><V3/><F3/><W103/><G103/><T27/><D27/><U75/><E115/><V10/><F10/><W42/><G88/><T114/><D121/><U33/><E33/><V64/><F64/><W68/><G68/><T78/><D114/><U54/><E54/><V32/><F32/><W102/><G102/><T120/><D120/><U107/><E107/><V16/><F30/><W125/><G125/><T34/><D34/><U124/><E124/><V15/><REACH who="2" step="1"/><F40/><REACH who="2" ten="335,330,100,225" step="2"/><W62/><G42/><T116/><D8/><U18/><E28/><V26/><F26/><W87/><G25/><T119/><D11/><U127/><E127/><V66/><F66/><N who="3" m="39207" /><G9/><T95/><D12/><U89/><E24/><V134/><F134/><W19/><G19/><T49/><D13/><U91/><E18/><V1/><F1/><W6/><G6/><T133/><D133/><U84/><E22/><V4/><F4/><W53/><G20/><RYUUKYOKU ba="2,1" sc="335,-15,330,15,100,15,225,-15" hai1="55,59,60,75,77,79,81,83,84,89,91,93,101" hai2="15,16,21,36,37,63,67,69,86,90,94,117,118" /><INIT seed="5,3,1,2,2,133" ten="320,345,115,210" oya="1" hai0="85,53,45,86,76,69,34,31,75,17,106,68,114" hai1="11,135,70,108,100,94,16,126,101,82,113,15,44" hai2="47,97,22,52,127,118,64,95,134,1,122,104,49" hai3="119,20,30,131,73,92,13,28,96,67,12,18,35"/><U74/><E70/><V130/><F118/><W99/><G131/><T107/><D75/><U59/><E135/><V55/><F134/><W33/><G73/><T8/><D34/><U93/><E113/><V27/><F122/><W78/><G119/><T25/><D107/><U89/><E108/><V72/><F130/><W128/><G128/><T109/><D106/><U102/><E59/><V10/><F104/><W125/><G78/><T103/><D103/><U40/><E74/><V43/><F64/><W66/><G66/><T37/><BYE who="3" /><D109/><U90/><E82/><UN n3="%E4%BA%BA%E5%93%81%E3%81%AA%E3%81%97" /><V81/><F127/><W79/><G67/><T115/><D17/><U57/><E57/><V61/><F1/><W24/><G79/><T36/><D8/><U110/><E110/><V26/><F10/><W121/><G121/><T98/><D98/><U0/><E0/><V48/><F61/><W112/><G112/><T88/><D37/><U5/><E5/><V9/><F9/><W60/><G60/><T32/><D68/><U84/><E101/><V65/><F65/><W91/><G125/><T117/><D69/><U58/><E58/><V51/><F81/><W6/><G13/><T63/><D117/><U124/><E100/><N who="2" m="60479" /><F72/><W50/><G50/><N who="2" m="19561" /><F27/><N who="3" m="18591" /><G96/><T21/><D32/><U120/><E120/><V54/><F43/><W41/><G41/><N who="0" m="22695" /><D63/><U14/><E102/><V132/><F132/><W23/><G35/><T38/><D115/><U123/><E123/><V105/><F105/><W71/><G71/><T111/><D114/><U39/><E15/><V87/><F87/><AGARI ba="3,1" hai="11,14,16,39,40,44,84,87,89,90,93,94,124,126" machi="87" ten="40,12000,1" yaku="9,1,52,2,54,1" doraHai="133" who="1" fromWho="2" sc="320,0,345,139,115,-129,210,0" owari="320,12.0,484,58.4,-14,-51.4,210,-19.0" /></mjloggm>