<mjloggm ver="2.3"><GO type="169" lobby="0"/><UN n0="%E3%83%95%E3%82%AF%E3%83%AD%E3%82%A6%E3%82%B5%E3%83%B3" n1="%58%E7%8C%AB" n2="%E8%B5%A4%E6%AF%9B%E3%81%AE%E3%82%AD%E3%83%A7%E3%83%B3" n3="%E5%B9%B3%E5%92%8C%6E%6F%6D%69" dan="17,16,18,16" rate="2174.78,2064.68,2303.48,2063.34" sx="F,M,M,M"/><TAIKYOKU oya="0"/><INIT seed="0,0,0,5,0,104" ten="250,250,250,250" oya="0" hai0="27,15,68,111,72,78,103,5,110,131,39,126,91" hai1="71,130,37,34,58,13,105,93,56,79,38,59,24" hai2="28,51,4,132,35,0,108,60,43,41,115,74,117" hai3="82,65,62,134,133,8,30,49,98,20,26,54,16"/><T125/><D68/><U66/><E93/><V47/><F115/><W97/><G82/><N who="0" m="45383" /><D39/><U87/><E13/><V77/><F117/><W2/><G2/><T7/><D131/><U57/><E87/><V64/><F35/><W11/><G97/><T45/><D103/><U80/><E130/><V118/><F28/><W21/><G98/><T88/><D45/><U109/><E109/><N who="0" m="41481" /><D27/><U61/><E105/><V102/><F102/><W75/><G75/><T48/><D48/><U107/><E107/><V122/><F108/><W73/><G73/><T113/><D113/><U46/><E46/><V52/><F118/><W53/><G49/><T128/><D128/><U1/><E80/><V10/><F122/><W96/><G96/><T40/><D40/><U90/><E79/><V69/><F77/><W89/><G89/><N who="0" m="34379" /><D15/><U6/><E90/><V55/><F74/><W99/><G99/><T106/><D106/><U114/><E114/><V84/><F84/><W3/><G3/><T67/><D67/><U112/><E112/><V121/><F43/><W33/><G65/><T44/><D44/><U29/><N who="1" m="14336" /><DORA hai="120" /><U123/><E123/><V9/><F121/><W36/><G36/><T23/><D23/><U95/><E95/><V81/><F81/><W85/><G21/><T124/><AGARI ba="0,0" hai="5,7,124,125,126" m="34379,41481,45383" machi="124" ten="40,24000,3" yaku="18,1,14,1,10,1,52,4,54,1" doraHai="104,120" who="0" fromWho="0" sc="250,240,250,-80,250,-80,250,-80" /><INIT seed="0,1,0,3,1,43" ten="490,170,170,170" oya="0" hai0="130,129,115,99,93,50,55,45,88,14,17,83,42" hai1="94,90,9,75,91,127,3,111,104,31,44,46,107" hai2="8,37,96,72,124,15,53,105,20,23,132,4,47" hai3="92,68,101,76,63,38,80,0,73,120,114,74,39"/><T82/><D115/><U2/><E75/><V13/><F72/><W109/><G114/><T12/><D12/><U103/><E31/><V122/><F122/><W102/><G120/><T10/><REACH who="0" step="1"/><D42/><REACH who="0" ten="480,170,170,170" step="2"/><U36/><E2/><V27/><F13/><W35/><G0/><T79/><D79/><U60/><E3/><V70/><F15/><W100/><G76/><T51/><D51/><U67/><E36/><V29/><F37/><W135/><G39/><T131/><AGARI ba="1,1" hai="10,14,17,45,50,55,82,83,88,93,99,129,130,131" machi="131" ten="30,12000,1" yaku="1,1,0,1,19,1,52,1,54,1,53,0" doraHai="43" doraHaiUra="32" who="0" fromWho="0" sc="480,133,170,-41,170,-41,170,-41" /><INIT seed="0,2,0,0,0,14" ten="613,129,129,129" oya="0" hai0="27,6,13,41,60,65,57,5,94,100,108,18,83" hai1="117,35,74,113,69,10,70,19,17,42,44,8,68" hai2="58,64,128,31,2,99,97,4,93,63,51,116,71" hai3="123,106,34,61,39,43,45,67,135,95,91,120,73"/><T132/><D132/><U103/><E117/><V32/><F116/><W114/><G106/><T47/><D108/><U72/><E35/><V33/><F128/><W1/><G34/><T125/><D125/><U110/><E110/><V85/><F2/><W28/><G1/><T129/><D129/><U55/><E103/><V36/><F4/><W76/><G28/><T77/><D27/><U7/><E55/><V105/><F36/><W88/><G114/><T82/><D94/><U79/><E113/><V102/><F85/><W80/><G135/><T109/><D100/><U92/><E92/><V38/><F38/><W118/><G118/><T66/><D66/><U104/><E104/><V3/><F3/><W78/><G78/><T0/><D0/><U127/><E7/><N who="0" m="2569" /><D77/><U48/><E79/><V89/><F31/><W111/><G111/><T29/><D29/><U9/><REACH who="1" step="1"/><E127/><REACH who="1" ten="613,119,129,129" step="2"/><V96/><F33/><W126/><G126/><T107/><D107/><U87/><E87/><V25/><F99/><W21/><G95/><T16/><D109/><U15/><E15/><V62/><F32/><W40/><G40/><T86/><D13/><U50/><E50/><V112/><F112/><W101/><G101/><T11/><D86/><U56/><E56/><V22/><F51/><W24/><G91/><T131/><D131/><U130/><E130/><V49/><F49/><W84/><G84/><T124/><D124/><U133/><E133/><V23/><REACH who="2" step="1"/><F25/><REACH who="2" ten="613,119,119,129" step="2"/><W12/><G24/><T54/><D83/><U52/><E52/><AGARI ba="2,2" hai="22,23,52,58,62,63,64,71,89,93,96,97,102,105" machi="52" ten="30,7700,0" yaku="1,1,2,1,7,1,54,1,53,0" doraHai="14" doraHaiUra="20" who="2" fromWho="1" sc="613,0,119,-83,119,103,129,0" /><INIT seed="1,0,0,2,4,120" ten="613,36,222,129" oya="1" hai0="51,49,46,79,115,125,16,1,74,7,8,17,22" hai1="20,15,62,3,94,75,71,66,127,4,28,116,106" hai2="14,21,119,72,63,102,67,82,76,113,40,87,47" hai3="32,107,39,132,33,25,70,133,42,109,91,117,48"/><U77/><E116/><V18/><F119/><W11/><G117/><T99/><D115/><U105/><E127/><V104/><F113/><W34/><G70/><T95/><D125/><U65/><E65/><V5/><F5/><W98/><G39/><T90/><D74/><U41/><E41/><V68/><F104/><W86/><G11/><T24/><D79/><U35/><E94/><V61/><F102/><W112/><G112/><T114/><D114/><U126/><E126/><V56/><F72/><W37/><G37/><T130/><D130/><U135/><E135/><N who="3" m="51786" /><G25/><T81/><D81/><N who="1" m="45247" /><E15/><V55/><F47/><N who="3" m="25719" /><G98/><T52/><D51/><U57/><E57/><V103/><F103/><W38/><G38/><T50/><D50/><U58/><E58/><V43/><AGARI ba="0,0" hai="14,18,21,40,43,55,56,61,63,67,68,76,82,87" machi="43" ten="30,1100,0" yaku="0,1" doraHai="120" who="2" fromWho="2" sc="613,-3,36,-5,222,11,129,-3" /><INIT seed="2,0,0,2,3,52" ten="610,31,233,126" oya="2" hai0="117,69,4,26,80,135,59,77,3,122,101,100,44" hai1="129,17,114,104,91,61,86,79,0,130,49,63,109" hai2="8,103,126,7,51,68,20,71,57,121,131,116,53" hai3="98,66,96,105,43,12,113,58,50,5,48,85,119"/><V92/><F121/><W41/><G119/><T29/><D122/><U30/><E114/><V118/><F126/><W133/><G133/><T132/><D69/><U115/><E115/><V46/><F131/><N who="1" m="50185" /><E104/><V83/><F83/><W99/><G105/><T97/><D117/><U47/><E109/><V70/><F20/><W1/><G1/><T18/><D4/><U78/><E0/><V60/><F92/><W42/><G85/><T84/><D3/><U25/><E17/><V11/><F103/><W34/><G34/><T124/><D44/><U16/><E16/><V37/><F37/><W13/><G113/><T2/><D2/><U123/><E123/><V39/><F39/><W33/><G33/><T127/><D18/><U38/><E38/><V27/><F27/><W93/><G93/><T120/><D120/><U134/><E134/><N who="0" m="51241" /><D100/><U24/><E24/><V95/><F95/><W45/><G5/><T75/><D26/><U55/><E91/><V65/><REACH who="2" step="1"/><F11/><REACH who="2" ten="610,31,223,126" step="2"/><W22/><G22/><T107/><D127/><U15/><E79/><V82/><F82/><W74/><G74/><T31/><D124/><U76/><E78/><V102/><F102/><W90/><G90/><T87/><D75/><U106/><E106/><V32/><F32/><W23/><G23/><T6/><D77/><U128/><N who="1" m="50193" /><U81/><DORA hai="28" /><E15/><AGARI ba="0,1" hai="7,8,15,46,51,53,57,60,65,68,70,71,116,118" machi="15" ten="40,3900,0" yaku="1,1,52,1,53,0" doraHai="52,28" doraHaiUra="21,19" who="2" fromWho="1" sc="610,0,31,-39,223,49,126,0" owari="610,71.0,-8,-50.8,272,7.2,126,-27.4" /></mjloggm>