<mjloggm ver="2.3"><GO type="169" lobby="0"/><UN n0="%E3%81%95%E3%81%8F%E3%82%88%E3%81%93%E3%81%A1%E3%82%83%E3%82%93" n1="%E5%BE%A1%E5%BD%B1%E3%82%86%E3%81%9A%E3%81%8D" n2="%E7%A8%B2%E5%A6%BB%E3%81%A1%E3%82%83%E3%81%A3%E3%81%B4%E3%83%BC" n3="%E4%BE%8D" dan="16,17,17,17" rate="2088.45,2193.72,2162.44,2225.32" sx="F,M,M,M"/><TAIKYOKU oya="0"/><INIT seed="0,0,0,3,3,85" ten="250,250,250,250" oya="0" hai0="0,83,24,64,77,89,62,131,52,132,42,129,31" hai1="49,80,23,72,14,45,1,40,111,130,21,33,107" hai2="102,32,27,68,35,99,13,127,112,119,51,120,121" hai3="44,97,118,92,43,16,50,78,3,8,6,18,30"/><T48/><D0/><U61/><E107/><V94/><F112/><W134/><G118/><T69/><D132/><U53/><E33/><V57/><F119/><W101/><G134/><T100/><D100/><U37/><E1/><V113/><F113/><W9/><G9/><T123/><D42/><U76/><E130/><V96/><F68/><W47/><G78/><T70/><D70/><U114/><E114/><V7/><F127/><W26/><REACH who="3" step="1"/><G47/><REACH who="3" ten="250,250,250,240" step="2"/><T115/><D115/><U103/><E45/><V124/><F124/><W5/><G5/><T86/><D123/><U98/><E76/><V19/><F7/><W20/><AGARI ba="0,1" hai="3,6,8,16,18,20,26,30,43,44,50,92,97,101" machi="20" ten="20,5200,0" yaku="1,1,0,1,7,1,54,1,53,0" doraHai="85" doraHaiUra="65" who="3" fromWho="3" sc="250,-26,250,-13,250,-13,240,62" /><INIT seed="1,0,0,1,2,1" ten="224,237,237,302" oya="1" hai0="79,15,35,82,4,61,34,101,112,66,100,96,18" hai1="21,103,53,26,133,75,45,120,48,97,95,115,9" hai2="104,84,29,125,119,43,65,0,126,122,117,8,42" hai3="27,33,110,46,6,63,49,132,92,71,111,78,108"/><U85/><E133/><V130/><F104/><W58/><G132/><T11/><D112/><U107/><E115/><V81/><F122/><W98/><G71/><T106/><D101/><U7/><E120/><V19/><F29/><W99/><G78/><T60/><D18/><U118/><E75/><V55/><F65/><W57/><G6/><T86/><REACH who="0" step="1"/><D61/><REACH who="0" ten="214,237,237,302" step="2"/><U76/><E118/><V83/><F19/><W28/><G63/><T17/><D17/><U40/><E107/><V77/><F117/><W30/><G30/><T102/><D102/><U114/><E114/><V123/><F119/><W87/><G87/><T74/><D74/><U3/><E85/><V73/><F123/><W62/><G62/><T38/><D38/><U50/><E76/><V90/><F130/><W22/><G98/><T10/><D10/><U93/><E97/><V24/><F125/><W124/><G124/><T64/><D64/><U131/><E103/><V94/><F126/><W14/><G99/><T121/><D121/><U56/><E131/><V51/><F83/><W13/><G110/><T52/><D52/><U44/><E56/><AGARI ba="0,1" hai="4,11,15,34,35,56,60,66,79,82,86,96,100,106" machi="56" ten="30,7700,0" yaku="1,1,7,1,52,1,53,1" doraHai="1" doraHaiUra="2" who="0" fromWho="1" sc="214,87,237,-77,237,0,302,0" /><INIT seed="2,0,0,0,5,97" ten="301,160,237,302" oya="2" hai0="15,74,38,72,19,37,112,45,110,33,7,104,63" hai1="53,69,6,62,91,8,39,115,103,113,5,16,126" hai2="0,59,20,125,107,117,121,79,73,135,83,18,41" hai3="124,71,99,93,133,77,129,17,14,76,88,56,119"/><V51/><F117/><W128/><G119/><T96/><D112/><U68/><E39/><V123/><F0/><W30/><G71/><T118/><D33/><U2/><E5/><V29/><F125/><W47/><G124/><T11/><D118/><U111/><E126/><V48/><F135/><W12/><G133/><T4/><D110/><U32/><E111/><V3/><F3/><W21/><G30/><T134/><D134/><U90/><E32/><V106/><F29/><W114/><G114/><T82/><D4/><U100/><E16/><V34/><F34/><W98/><G56/><T75/><D45/><U102/><E115/><V36/><F36/><W28/><G28/><T43/><D43/><U105/><E105/><V25/><F106/><W94/><G47/><T54/><D82/><U67/><E113/><V64/><F107/><W80/><G12/><T70/><D7/><U85/><E69/><V57/><F41/><W31/><G31/><T78/><D78/><U109/><E109/><V122/><REACH who="2" step="1"/><F64/><REACH who="2" ten="301,160,227,302" step="2"/><W49/><G129/><T95/><D104/><U10/><E10/><V131/><F131/><W65/><G128/><T50/><D38/><U35/><E35/><V116/><F116/><W23/><G65/><T60/><D37/><U9/><E9/><V108/><F108/><W120/><G23/><T1/><D1/><U92/><E53/><V26/><F26/><W52/><G21/><T42/><D42/><U40/><E40/><V24/><F24/><W86/><G52/><T84/><D54/><U101/><N who="1" m="25600" /><DORA hai="89" /><U132/><E132/><V66/><F66/><RYUUKYOKU ba="0,1" sc="301,-15,160,15,227,15,302,-15" hai1="2,6,8,62,67,68,85,90,91,92" hai2="18,20,25,48,51,57,59,73,79,83,121,122,123" /><INIT seed="2,1,1,0,4,118" ten="286,175,242,287" oya="2" hai0="64,52,93,40,54,37,87,73,114,17,121,129,77" hai1="49,103,13,31,95,34,81,14,70,82,92,0,35" hai2="43,10,124,104,123,51,91,7,39,32,88,97,30" hai3="71,61,27,59,2,74,133,20,8,112,90,18,57"/><V127/><F39/><W29/><G74/><T69/><D114/><U117/><E117/><V116/><F116/><W113/><G133/><T24/><D129/><U4/><E70/><V130/><F130/><W23/><G71/><T55/><D73/><U80/><E49/><V98/><F30/><W109/><G90/><T89/><D77/><U100/><E31/><V58/><F32/><W62/><G8/><T21/><D121/><U75/><E75/><V86/><F98/><W67/><G2/><T47/><D69/><U50/><E50/><V122/><F91/><W15/><REACH who="3" step="1"/><G109/><REACH who="3" ten="286,175,242,277" step="2"/><T115/><D115/><U72/><E72/><V96/><F10/><W76/><G76/><T28/><D64/><AGARI ba="1,2" hai="15,18,20,23,27,29,57,59,61,62,64,67,112,113" machi="64" ten="40,2600,0" yaku="1,1,9,1,53,0" doraHai="118" doraHaiUra="128" who="3" fromWho="0" sc="286,-29,175,0,242,0,277,49" /><INIT seed="3,0,0,4,0,34" ten="257,175,242,326" oya="3" hai0="131,38,15,127,74,111,81,29,61,36,134,118,60" hai1="45,53,56,75,93,69,13,44,14,40,133,101,4" hai2="123,108,129,95,17,8,102,47,68,67,18,64,33" hai3="66,73,85,21,58,59,98,55,43,10,70,84,86"/><W110/><G73/><T87/><D118/><U71/><E75/><V37/><F33/><W28/><G70/><T46/><D111/><U79/><E79/><V97/><F108/><W113/><G113/><T126/><D74/><U50/><E133/><V39/><F129/><W30/><G110/><T26/><D134/><U106/><E106/><V42/><F123/><W19/><G43/><N who="0" m="22887" /><D15/><U89/><E101/><V107/><F39/><W11/><G66/><T27/><D38/><U32/><E32/><V121/><F121/><W94/><G30/><T0/><D0/><U24/><E45/><V130/><F130/><W83/><G28/><T20/><D26/><U25/><E71/><V6/><F107/><W62/><G59/><T99/><D99/><U103/><E103/><V41/><F41/><W2/><G2/><T128/><D128/><U51/><E69/><V88/><F102/><N who="3" m="60759" /><G83/><T117/><D117/><U132/><E132/><V115/><F115/><W82/><G82/><T109/><D109/><U65/><E65/><V92/><F92/><W63/><G63/><T57/><D57/><U35/><E35/><V77/><F77/><W76/><G76/><N who="0" m="46503" /><D131/><U114/><E114/><V116/><F116/><W31/><G31/><T104/><D104/><U72/><E72/><V120/><F120/><W125/><G125/><AGARI ba="0,0" hai="20,27,29,60,61,125,126,127" m="46503,22887" machi="125" ten="30,1000,0" yaku="18,1" doraHai="34" who="0" fromWho="3" sc="257,10,175,0,242,0,326,-10" /><INIT seed="4,0,0,3,2,91" ten="267,175,242,316" oya="0" hai0="67,88,92,94,68,125,46,16,15,110,129,106,57" hai1="81,19,86,134,103,34,33,29,0,124,93,42,41" hai2="113,58,77,98,3,12,118,59,31,128,9,49,109" hai3="107,45,53,133,66,11,76,75,20,54,51,132,115"/><T97/><D125/><U65/><E124/><V83/><F109/><W2/><G107/><T23/><D110/><U90/><E0/><V119/><F3/><W36/><G115/><T64/><D68/><U17/><E134/><N who="3" m="51818" /><G36/><T105/><D129/><U89/><E103/><V52/><F113/><W102/><G102/><N who="0" m="60727" /><D105/><U43/><E65/><V72/><F128/><W22/><G66/><T61/><D106/><U112/><E112/><V24/><F98/><W30/><G30/><T100/><D100/><U114/><E114/><V108/><F108/><W116/><G116/><T60/><D46/><U101/><E101/><V35/><REACH who="2" step="1"/><F58/><REACH who="2" ten="267,175,232,316" step="2"/><W25/><G2/><T70/><D70/><U123/><E123/><V1/><F1/><W39/><G39/><T55/><D61/><U50/><E50/><V82/><F82/><W27/><G51/><T28/><D28/><U84/><REACH who="1" step="1"/><E29/><REACH who="1" ten="267,165,232,316" step="2"/><V117/><F117/><W18/><G54/><T69/><D69/><U7/><E7/><AGARI ba="0,2" hai="7,9,12,24,31,35,49,52,59,72,77,83,118,119" machi="7" ten="40,2600,0" yaku="1,1,54,1,53,0" doraHai="91" doraHaiUra="122" who="2" fromWho="1" sc="267,0,165,-26,232,46,316,0" /><INIT seed="5,0,0,0,5,104" ten="267,139,278,316" oya="1" hai0="12,117,111,44,91,69,116,120,59,37,25,32,84" hai1="47,63,119,58,71,56,100,125,108,106,124,19,123" hai2="64,118,13,102,95,130,11,78,113,90,134,70,15" hai3="105,88,3,48,133,79,40,74,17,99,30,18,61"/><U27/><E123/><V127/><F118/><W81/><G3/><T7/><D69/><U87/><E119/><V57/><F70/><W5/><G5/><T92/><D111/><U43/><E108/><V122/><F122/><W89/><G133/><T35/><D120/><U22/><E106/><V112/><F134/><W36/><G36/><T110/><D110/><U96/><E87/><V9/><F102/><W115/><G115/><N who="2" m="44105" /><F127/><N who="1" m="48713" /><E71/><V21/><F130/><W20/><G30/><T38/><D38/><N who="1" m="22007" /><E63/><N who="2" m="37999" /><F78/><W23/><G61/><T33/><D117/><U128/><E128/><V85/><F15/><W6/><G105/><T68/><D12/><U66/><E66/><V10/><F10/><W129/><G129/><T0/><D68/><U60/><E60/><V45/><F45/><W126/><G126/><T83/><D44/><U103/><E100/><V54/><F54/><W131/><G131/><T80/><D116/><U28/><E28/><V86/><F85/><W135/><G135/><T65/><D65/><U8/><E8/><V46/><F46/><W4/><G99/><T31/><D84/><U24/><E24/><V41/><F41/><W97/><G97/><T93/><D25/><U98/><E98/><V34/><F34/><W101/><G101/><T73/><D31/><U72/><E72/><V114/><F114/><W62/><G89/><T29/><D32/><U67/><E67/><V52/><F52/><W75/><G88/><T14/><D33/><U94/><AGARI ba="0,0" hai="19,22,27,56,58,94,96,103" m="22007,48713" machi="94" ten="30,1500,0" yaku="18,1" doraHai="104" who="1" fromWho="1" sc="267,-5,139,15,278,-5,316,-5" /><INIT seed="5,1,0,3,1,22" ten="262,154,273,311" oya="1" hai0="110,75,85,14,121,67,96,54,134,29,64,40,77" hai1="51,100,27,91,50,44,33,99,49,126,20,130,133" hai2="135,60,46,35,31,52,62,28,61,10,71,122,2" hai3="117,32,105,19,114,57,63,17,119,16,132,128,34"/><U7/><E133/><V24/><F122/><W104/><G132/><T55/><D110/><U76/><E130/><V65/><F135/><W74/><G74/><T118/><D118/><N who="3" m="45065" /><G128/><T80/><D121/><U56/><E126/><V81/><F81/><W0/><G0/><T79/><D134/><U53/><E33/><N who="3" m="12906" /><G114/><T112/><D40/><U97/><E76/><V109/><F109/><W11/><G11/><T107/><D29/><U6/><E91/><V82/><F31/><W47/><G47/><T125/><D112/><U45/><E7/><V89/><F10/><W5/><G5/><T98/><D125/><U95/><E6/><V103/><F103/><W58/><G63/><T39/><D75/><U43/><E97/><V4/><F4/><W26/><G26/><T84/><D107/><AGARI ba="1,0" hai="16,17,19,57,58,104,105,107" m="12906,45065" machi="107" ten="40,8000,1" yaku="28,2,12,1,54,1" doraHai="22" who="3" fromWho="0" sc="262,-83,154,0,273,0,311,83" /><INIT seed="6,0,0,2,2,45" ten="179,154,273,394" oya="2" hai0="47,44,90,69,28,11,65,50,121,129,97,123,91" hai1="3,17,107,87,85,7,108,135,31,95,61,36,115" hai2="125,130,111,71,104,118,6,33,25,101,43,133,22" hai3="88,60,109,89,70,37,58,127,102,42,103,99,80"/><V84/><F118/><W39/><G109/><T74/><D74/><U20/><E108/><V41/><F111/><W110/><G110/><T124/><D124/><U64/><E36/><V0/><F33/><W126/><G70/><T113/><D129/><U79/><E107/><V8/><F71/><W94/><G89/><T67/><D113/><U59/><E115/><V2/><F2/><W5/><G5/><T52/><D69/><U30/><E135/><V116/><F116/><W96/><G80/><T32/><D32/><U29/><E3/><V114/><F114/><W122/><G122/><T81/><D28/><U112/><E7/><V13/><F0/><W73/><G73/><T62/><D62/><U57/><E112/><V120/><F120/><W83/><G83/><T9/><D81/><U24/><E79/><V82/><F130/><W12/><G12/><T23/><D23/><U63/><REACH who="1" step="1"/><E95/><REACH who="1" ten="179,144,273,394" step="2"/><V134/><F133/><W105/><G37/><T34/><D123/><U40/><E40/><V1/><F1/><W131/><G42/><T38/><D121/><U86/><E86/><V54/><F134/><W93/><G39/><T4/><D4/><U68/><E68/><V26/><F104/><N who="3" m="63559" /><G131/><T98/><D38/><U18/><E18/><V35/><F43/><W27/><G94/><T92/><D92/><U14/><E14/><V76/><F13/><W46/><G93/><T72/><D72/><U21/><E21/><V19/><F6/><W100/><G105/><T119/><D119/><U16/><E16/><V53/><F41/><W51/><G127/><T75/><D75/><RYUUKYOKU ba="0,1" sc="179,-10,144,30,273,-10,394,-10" hai1="17,20,24,29,30,31,57,59,61,63,64,85,87" /><INIT seed="7,1,1,3,5,135" ten="169,174,263,384" oya="3" hai0="114,24,54,45,112,60,33,38,20,73,90,40,47" hai1="1,95,21,110,68,31,132,124,100,62,56,89,28" hai2="104,131,123,83,4,69,121,119,122,53,86,55,133" hai3="134,93,118,84,0,37,7,35,117,129,130,52,5"/><W101/><G37/><T10/><D73/><U58/><E110/><V87/><F119/><W61/><G35/><T71/><D33/><U92/><E1/><V27/><F104/><W41/><G41/><T2/><D47/><U22/><E68/><V9/><F69/><W48/><G61/><T25/><D90/><U49/><E132/><V23/><F133/><W128/><G134/><T64/><D54/><N who="1" m="31823" /><E124/><V13/><F131/><W103/><G84/><T126/><D126/><U39/><E39/><V11/><F11/><N who="3" m="2471" /><G7/><N who="0" m="1399" /><D20/><N who="1" m="7787" /><E100/><N who="3" m="38474" /><G93/><N who="1" m="35914" /><E89/><V72/><F72/><W29/><G29/><T106/><D106/><U120/><E120/><V34/><F34/><W50/><G50/><T116/><D116/><U94/><N who="1" m="35922" /><U113/><DORA hai="77" /><E113/><AGARI ba="1,1" hai="24,25,38,40,45,60,64,71,112,113,114" m="1399" machi="113" ten="30,2000,0" yaku="15,1,11,1" doraHai="135,77" who="0" fromWho="1" sc="169,33,174,-23,263,0,384,0" owari="202,-19.8,151,-34.9,263,6.3,384,48.4" /></mjloggm>