<mjloggm ver="2.3"><GO type="169" lobby="0"/><UN n0="%E3%81%A8%E3%81%B3%E3%81%BE%E3%81%93" n1="%4E%6F%73%75%6B%65" n2="%E4%B8%83%E7%94%9F%E5%A4%95" n3="%E9%BE%8D%31%30" dan="16,16,16,16" rate="2170.07,2169.04,2088.40,2111.21" sx="M,M,M,M"/><TAIKYOKU oya="0"/><INIT seed="0,0,0,2,1,94" ten="250,250,250,250" oya="0" hai0="105,122,25,104,76,84,109,50,135,107,116,41,99" hai1="80,58,90,10,44,7,95,61,133,68,63,26,48" hai2="106,120,12,97,115,96,128,124,54,6,60,35,69" hai3="38,19,123,2,31,42,81,13,15,14,40,52,64"/><T36/><D36/><U23/><E133/><V126/><F120/><W127/><G2/><T32/><D32/><U71/><E80/><V101/><F115/><W83/><G123/><T82/><D122/><U8/><E71/><V27/><F128/><W21/><G38/><T87/><D25/><U5/><E68/><V16/><F6/><W118/><G64/><T114/><D50/><U0/><E58/><V110/><F110/><W77/><G118/><T98/><D41/><N who="3" m="15977" /><G31/><T56/><D56/><U102/><E102/><V79/><F79/><W86/><G83/><N who="0" m="47207" /><D135/><U119/><E119/><V112/><F112/><W1/><G127/><N who="2" m="48681" /><F54/><W62/><G1/><T47/><D47/><U93/><E93/><V134/><F134/><W11/><G11/><T70/><D70/><U130/><E130/><V113/><F113/><W46/><G62/><T72/><D114/><U131/><E131/><V132/><F132/><W39/><G39/><T59/><D59/><U24/><E24/><V111/><F111/><W121/><G121/><T22/><D22/><U125/><E125/><V75/><F75/><W91/><G77/><N who="0" m="44327" /><D116/><U89/><E44/><V55/><F69/><W88/><G91/><T20/><D20/><U78/><E90/><V53/><F60/><W73/><G73/><T29/><D29/><N who="1" m="17631" /><E78/><V34/><F34/><W108/><G108/><T85/><D109/><U45/><E45/><V17/><F35/><W43/><N who="3" m="15985" /><W51/><AGARI ba="0,0" hai="13,14,15,19,21,46,51,52,81,86,88" m="15985" machi="51" ten="40,8000,1" yaku="4,1,8,1,54,2" doraHai="94" who="3" fromWho="3" sc="250,-40,250,-20,250,-20,250,80" /><INIT seed="1,0,0,5,1,76" ten="210,230,230,330" oya="1" hai0="65,20,35,109,26,126,100,28,8,5,69,71,61" hai1="89,86,38,68,94,119,87,33,105,50,117,23,98" hai2="72,111,70,134,63,47,64,66,51,30,108,58,56" hai3="118,17,7,42,121,113,52,92,78,125,74,99,32"/><U29/><E38/><V116/><F72/><W31/><G121/><T12/><D109/><N who="2" m="42058" /><F30/><W104/><G113/><T9/><D126/><U75/><E68/><N who="2" m="42015" /><F116/><W90/><G118/><T88/><D100/><N who="1" m="62615" /><E33/><V53/><F134/><W82/><G104/><T96/><D9/><U124/><E50/><V43/><F43/><W40/><G7/><T84/><D96/><U91/><E23/><V1/><F1/><W97/><G125/><T13/><D13/><U79/><E29/><V73/><F73/><W44/><G99/><T37/><D37/><U135/><E124/><V67/><F70/><W127/><G127/><T95/><REACH who="0" step="1"/><D69/><REACH who="0" ten="200,230,230,330" step="2"/><U27/><E135/><V128/><F128/><W101/><G97/><T24/><D24/><U11/><E27/><V46/><F58/><W93/><G44/><AGARI ba="0,1" hai="44,46,47,51,53,56,66,67" m="42015,42058" machi="44" ten="30,3900,0" yaku="14,1,34,2" doraHai="76" who="2" fromWho="3" sc="200,0,230,0,230,49,330,-39" /><INIT seed="2,0,0,3,0,102" ten="200,230,279,291" oya="2" hai0="1,59,114,53,38,128,82,11,108,61,127,105,18" hai1="15,96,118,90,55,50,89,123,85,19,84,8,121" hai2="111,6,60,133,106,27,42,86,117,26,120,23,17" hai3="73,30,125,2,20,57,79,31,58,49,93,45,78"/><V62/><F117/><W47/><G73/><T21/><D38/><U70/><E70/><V14/><F120/><W132/><G125/><T110/><D114/><U99/><E118/><V72/><F72/><W107/><G2/><T124/><D82/><U43/><E43/><V35/><F133/><W28/><G107/><T71/><D71/><U119/><E119/><V131/><F131/><W54/><G132/><T80/><D80/><N who="1" m="49287" /><E123/><V48/><F106/><W115/><G115/><T66/><D105/><U12/><E12/><V95/><F111/><N who="0" m="42538" /><D66/><U113/><E113/><V74/><F74/><W24/><G93/><T22/><D128/><U68/><E68/><V51/><F35/><W34/><G34/><T98/><D98/><U36/><E36/><V69/><F69/><W126/><G126/><N who="0" m="48171" /><D18/><U32/><E32/><V25/><F6/><AGARI ba="0,0" hai="1,6,11,21,22,53,59,61" m="48171,42538" machi="6" ten="30,2000,0" yaku="14,1,18,1" doraHai="102" who="0" fromWho="2" sc="200,20,230,0,279,-20,291,0" /><INIT seed="3,0,0,5,1,8" ten="220,230,259,291" oya="3" hai0="88,27,4,1,126,23,124,65,83,11,114,29,61" hai1="80,94,103,44,52,85,101,132,82,96,90,122,66" hai2="78,38,26,100,129,98,133,134,74,62,43,57,81" hai3="120,67,42,40,0,58,28,93,55,75,15,89,79"/><W70/><G0/><T110/><D110/><U37/><E122/><V50/><F129/><W77/><G120/><T47/><D47/><U30/><E66/><V116/><F116/><W107/><G107/><T33/><D114/><U39/><E132/><V34/><F50/><N who="3" m="31095" /><G67/><T69/><D88/><N who="1" m="55367" /><E39/><V48/><F48/><W72/><G70/><T117/><D117/><U99/><E37/><V7/><F7/><W125/><G28/><T115/><D115/><U10/><E30/><N who="2" m="19799" /><F57/><W131/><G125/><T20/><D20/><U84/><E99/><V41/><F62/><W123/><G75/><T13/><D83/><U76/><E10/><V130/><F130/><W51/><G72/><T87/><D87/><U60/><E60/><V9/><F9/><W25/><G25/><T64/><D64/><U71/><E71/><V32/><F32/><W31/><G31/><T3/><D3/><U53/><E44/><N who="2" m="23607" /><F43/><N who="3" m="16427" /><G51/><T2/><D2/><U104/><E104/><AGARI ba="0,0" hai="74,78,81,98,100,104,133,134" m="23607,19799" machi="104" ten="30,1000,0" yaku="23,1" doraHai="8" who="2" fromWho="1" sc="220,0,230,-10,259,10,291,0" /><INIT seed="4,0,0,2,3,77" ten="220,220,269,291" oya="0" hai0="116,94,54,34,7,42,96,11,64,17,19,93,110" hai1="130,92,73,41,55,1,85,114,39,76,111,118,68" hai2="98,86,103,67,18,53,10,3,120,52,65,105,15" hai3="97,70,6,44,72,22,46,108,51,106,109,9,35"/><T31/><D116/><U122/><RYUUKYOKU type="yao9" ba="0,0" sc="220,0,220,0,269,0,291,0" hai1="1,39,41,55,68,73,76,85,92,111,114,118,122,130" /><INIT seed="4,1,0,5,5,90" ten="220,220,269,291" oya="0" hai0="10,76,1,14,116,103,29,81,58,46,7,37,87" hai1="109,110,108,16,34,123,133,93,43,122,117,38,120" hai2="114,66,9,124,74,40,23,53,19,31,0,94,54" hai3="64,131,95,48,79,92,72,67,27,135,18,22,8"/><T63/><D116/><U3/><E117/><V50/><F74/><W44/><G131/><T5/><D29/><U75/><E75/><V97/><F114/><W69/><G135/><T2/><D103/><U57/><E133/><V77/><F77/><W35/><G35/><T85/><D85/><U102/><E34/><V73/><F73/><W49/><G72/><T91/><D76/><U33/><E33/><V12/><F124/><W88/><G79/><T83/><D83/><U121/><E3/><V98/><F98/><N who="3" m="57607" /><G69/><T126/><D7/><U118/><E118/><V56/><F66/><N who="3" m="25131" /><G44/><T127/><D46/><U4/><E4/><V28/><F0/><W70/><G70/><T119/><D37/><U99/><E123/><V82/><F82/><W62/><G62/><T61/><D61/><U101/><E57/><V130/><F130/><W47/><G47/><T132/><D132/><U55/><E55/><V11/><F53/><W89/><G8/><N who="2" m="3145" /><F40/><W17/><G17/><T65/><REACH who="0" step="1"/><D119/><REACH who="0" ten="210,220,269,291" step="2"/><U106/><E122/><V24/><F24/><W129/><G129/><T100/><D100/><AGARI ba="1,1" hai="12,19,23,28,31,50,54,56,94,97,100" m="3145" machi="100" ten="30,2000,0" yaku="8,1,52,1" doraHai="90" who="2" fromWho="0" sc="210,-23,220,0,269,33,291,0" /><INIT seed="5,0,0,4,4,28" ten="187,220,302,291" oya="1" hai0="41,49,95,35,119,16,66,92,68,89,24,56,45" hai1="132,98,31,43,65,74,122,15,127,135,99,63,113" hai2="26,50,73,105,112,72,130,44,20,22,121,76,39" hai3="109,38,81,48,77,107,33,91,62,10,85,21,54"/><U5/><E122/><V71/><F121/><W52/><G38/><T131/><D131/><U57/><E74/><V125/><F105/><W111/><G33/><T11/><D119/><U29/><E43/><V6/><F71/><W70/><G107/><T93/><D68/><U42/><E42/><V84/><F39/><W101/><G101/><T120/><D120/><U61/><E127/><V25/><F130/><W110/><G10/><T3/><D3/><U23/><E113/><V100/><F100/><W55/><G21/><T103/><D103/><U58/><E23/><V90/><F76/><W14/><G14/><N who="0" m="7263" /><D35/><U37/><E37/><V104/><F104/><W108/><G108/><T19/><D19/><U32/><E15/><V117/><F117/><W60/><G70/><T67/><D24/><N who="1" m="18471" /><E31/><V82/><F26/><W80/><REACH who="3" step="1"/><G48/><REACH who="3" ten="187,220,302,281" step="2"/><T75/><D49/><U27/><E27/><V126/><F50/><W59/><G59/><T9/><D56/><U18/><E58/><V88/><F25/><W64/><G64/><T129/><D9/><U36/><E57/><V17/><F125/><W116/><G116/><T133/><D129/><U106/><E65/><V46/><F126/><W53/><N who="3" m="13312" /><DORA hai="96" /><W4/><G4/><T0/><D67/><U128/><E5/><V69/><F6/><W118/><G118/><T83/><D66/><U94/><E36/><V124/><F124/><W47/><G47/><T114/><D45/><U7/><E7/><V78/><F46/><W2/><G2/><T12/><D0/><U13/><E128/><V102/><F44/><W87/><AGARI ba="0,1" hai="60,62,77,80,81,85,87,91,109,110,111" m="13312" machi="87" ten="50,8000,1" yaku="1,1,5,1,0,1,54,1,53,0" doraHai="28,96" doraHaiUra="115,30" who="3" fromWho="3" sc="187,-20,220,-40,302,-20,281,90" /><INIT seed="6,0,0,2,2,63" ten="167,180,282,371" oya="2" hai0="51,122,29,1,32,96,121,133,56,47,40,130,4" hai1="72,91,13,85,45,53,115,39,37,87,41,21,79" hai2="19,119,8,48,12,127,20,33,15,55,114,68,10" hai3="66,50,59,49,77,69,75,31,92,93,6,16,30"/><V26/><F68/><W58/><G6/><T124/><D124/><U18/><E115/><V83/><F119/><W44/><G69/><T116/><D116/><U128/><E128/><V80/><F114/><W107/><G107/><T88/><D130/><U28/><E72/><V125/><F33/><W126/><G77/><T17/><D133/><U109/><E109/><V106/><F106/><W57/><G75/><T112/><D112/><U34/><E79/><V117/><F117/><W9/><G66/><T62/><D17/><U118/><E118/><V25/><F125/><W95/><G126/><T73/><D73/><U36/><E87/><V100/><F100/><W110/><G110/><T103/><D4/><U7/><E7/><V101/><F101/><W81/><G81/><T78/><D78/><U3/><E3/><V104/><F104/><W2/><G2/><T105/><D88/><U5/><E5/><V99/><F99/><W46/><G16/><T94/><D105/><U76/><E76/><V14/><F127/><W52/><G9/><N who="2" m="3689" /><F26/><W54/><AGARI ba="0,0" hai="30,31,44,46,49,50,52,54,57,58,59,92,93,95" machi="54" ten="30,7900,0" yaku="0,1,9,1,8,1,54,1" doraHai="63" who="3" fromWho="3" sc="167,-20,180,-20,282,-39,371,79" /><INIT seed="7,0,0,5,5,115" ten="147,160,243,450" oya="3" hai0="48,55,111,56,113,37,77,71,135,4,99,59,129" hai1="118,76,33,1,40,110,84,123,23,26,94,125,47" hai2="14,25,13,102,101,95,32,3,38,97,112,22,89" hai3="50,131,29,126,7,15,57,116,78,24,87,133,44"/><W35/><G116/><T64/><D111/><U41/><E110/><V43/><F3/><W6/><G131/><T68/><D4/><U63/><E123/><V75/><F75/><W58/><G126/><T67/><D77/><U124/><E118/><V73/><F73/><W122/><G7/><T119/><D99/><U9/><E33/><V120/><F32/><W17/><G133/><T70/><D119/><U100/><E63/><V121/><F43/><W106/><G106/><T104/><D104/><U60/><E9/><V105/><F38/><W61/><G6/><T51/><D135/><U52/><E1/><V130/><F102/><W127/><G61/><N who="0" m="37927" /><D129/><U62/><E52/><V117/><F97/><W5/><G122/><T65/><D113/><U134/><E134/><V91/><F105/><W74/><G5/><T45/><D37/><N who="1" m="21903" /><E41/><AGARI ba="0,0" hai="41,45,48,51,55,59,65,67,68,70,71" m="37927" machi="41" ten="30,8000,1" yaku="35,5" doraHai="115" who="0" fromWho="1" sc="147,80,160,-80,243,0,450,0" owari="227,-17.3,80,-42.0,243,4.3,450,55.0" /></mjloggm>