<mjloggm ver="2.3"><GO type="169" lobby="0"/><UN n0="%E3%83%9B%E3%83%B3%E3%82%A4%E3%83%84%E8%B5%A4%EF%BC%93" n1="%E3%82%A2%E3%83%92%E3%83%AB%E3%83%84%E3%83%AB%E3%82%AE%E3%83%BC" n2="%E3%81%82%E3%81%95%E3%81%B4%E3%82%93%EF%BC%A0%EF%BD%8D%EF%BD%8A" n3="%E3%82%AB%E3%83%A9%E6%9D%BE" dan="16,16,18,17" rate="2118.06,2157.98,2261.35,2187.22" sx="M,M,M,M"/><TAIKYOKU oya="0"/><INIT seed="0,0,0,0,2,128" ten="250,250,250,250" oya="0" hai0="80,84,126,12,74,16,121,47,45,124,107,86,133" hai1="113,116,13,106,37,2,23,38,88,19,79,26,32" hai2="83,134,89,53,30,91,6,55,66,63,78,57,5" hai3="125,110,24,98,118,34,99,33,111,115,75,76,8"/><T122/><D107/><U21/><E32/><V31/><F78/><W82/><G115/><T48/><D74/><U109/><E116/><V18/><F18/><W97/><G118/><T42/><D45/><U119/><E119/><V72/><F72/><W43/><G125/><N who="0" m="48235" /><D133/><U102/><E2/><V94/><F83/><W46/><G8/><N who="0" m="6151" /><D84/><U127/><E113/><V11/><F134/><W3/><G3/><T73/><D73/><U131/><E131/><V9/><F9/><W25/><G34/><T135/><D135/><U120/><E120/><V112/><F112/><W90/><G90/><AGARI ba="0,0" hai="42,47,48,80,86,90,121,122" m="6151,48235" machi="90" ten="30,2900,0" yaku="18,1,54,1" doraHai="128" who="0" fromWho="3" sc="250,29,250,0,250,0,250,-29" /><INIT seed="0,1,0,1,2,88" ten="279,250,250,221" oya="0" hai0="95,67,135,43,20,118,32,126,59,11,77,53,85" hai1="98,72,14,19,107,131,93,103,22,30,34,128,78" hai2="58,50,120,37,73,42,54,68,3,6,65,109,17" hai3="56,29,33,111,134,108,9,121,122,23,57,119,125"/><T41/><D118/><U79/><E107/><V80/><F120/><N who="3" m="46187" /><G119/><T61/><D32/><U47/><E47/><N who="2" m="24015" /><F17/><W2/><G57/><T96/><D135/><U28/><E72/><V13/><F13/><W91/><G56/><N who="0" m="37287" /><D126/><U100/><E100/><V86/><F86/><W38/><G38/><T102/><D20/><U89/><E89/><V64/><F68/><W7/><G91/><T40/><D11/><U25/><REACH who="1" step="1"/><E30/><REACH who="1" ten="279,240,250,221" step="2"/><V48/><F109/><N who="3" m="42059" /><G125/><T55/><D59/><U99/><E99/><V27/><F58/><W115/><G134/><T16/><D85/><U26/><E26/><V45/><F73/><W87/><G87/><T70/><D70/><U8/><E8/><V36/><F27/><N who="3" m="16639" /><G33/><T116/><D116/><U71/><E71/><V83/><F45/><W101/><G101/><T114/><D77/><AGARI ba="1,1" hai="14,19,22,25,28,34,77,78,79,93,98,103,128,131" machi="77" ten="40,2600,0" yaku="1,1,52,1,53,0" doraHai="88" doraHaiUra="84" who="1" fromWho="0" sc="279,-29,240,39,250,0,221,0" /><INIT seed="1,0,0,2,1,77" ten="250,279,250,221" oya="1" hai0="92,2,16,63,93,81,13,127,30,10,90,83,99" hai1="59,103,46,49,101,97,24,102,129,28,58,22,110" hai2="73,109,135,44,67,134,126,15,100,32,40,56,0" hai3="50,60,7,96,98,26,113,89,118,104,11,69,48"/><U54/><E129/><V115/><F0/><W3/><G113/><T123/><D123/><U107/><E110/><V80/><F32/><W70/><G118/><T43/><D2/><U72/><E72/><V57/><F100/><W14/><G3/><T128/><D128/><U133/><E133/><N who="2" m="50699" /><F115/><W119/><G119/><T20/><D127/><U33/><E33/><V29/><F29/><W68/><G60/><T41/><D63/><U38/><E38/><V86/><F73/><W18/><G104/><T12/><D30/><U84/><E59/><V1/><F1/><W36/><G36/><T35/><D35/><U31/><E31/><V116/><F67/><W4/><G50/><T95/><D95/><U131/><E131/><V75/><F75/><W108/><G48/><T53/><D53/><U34/><E34/><V106/><F106/><W82/><G108/><T45/><D93/><U65/><E84/><V74/><F74/><W124/><G124/><T9/><D20/><U62/><AGARI ba="0,0" hai="22,24,28,46,49,54,58,62,65,97,101,102,103,107" machi="62" ten="30,1500,0" yaku="0,1" doraHai="77" who="1" fromWho="1" sc="250,-5,279,15,250,-5,221,-5" /><INIT seed="1,1,0,5,0,98" ten="245,294,245,216" oya="1" hai0="135,46,22,92,104,8,105,126,36,94,82,54,97" hai1="57,127,48,131,47,99,65,77,37,83,51,76,121" hai2="114,11,64,74,90,73,84,71,61,34,30,17,88" hai3="68,129,50,38,79,70,78,13,5,120,10,1,103"/><U80/><E121/><V111/><F111/><W14/><G38/><T119/><D119/><U123/><E123/><V2/><F114/><W39/><G39/><T29/><D8/><U53/><E131/><V91/><F84/><W112/><G112/><T85/><D29/><U60/><E127/><V49/><F49/><W116/><G120/><T40/><D126/><U96/><E37/><V115/><F115/><W67/><G129/><T3/><D3/><U133/><E133/><V23/><F30/><W124/><G124/><T107/><D135/><U58/><E80/><V9/><F34/><W43/><G1/><T59/><D22/><U87/><REACH who="1" step="1"/><E77/><REACH who="1" ten="245,284,245,216" step="2"/><V27/><REACH who="2" step="1"/><F2/><REACH who="2" ten="245,284,235,216" step="2"/><N who="3" m="311" /><G116/><T25/><D82/><U118/><E118/><V19/><F19/><W18/><G18/><T66/><D36/><U89/><E89/><V117/><F117/><W55/><G79/><T134/><D134/><U35/><E35/><V69/><F69/><W122/><G68/><T15/><D97/><U102/><E102/><V125/><F125/><W52/><G103/><T106/><D85/><U81/><E81/><V24/><F24/><W93/><G78/><T26/><D25/><U62/><E62/><V28/><F28/><W63/><G122/><T42/><D26/><U95/><E95/><V75/><AGARI ba="1,2" hai="9,11,17,23,27,61,64,71,73,74,75,88,90,91" machi="75" ten="40,8000,1" yaku="1,1,0,1,54,1,53,1" doraHai="98" doraHaiUra="21" who="2" fromWho="2" sc="245,-21,284,-41,235,103,216,-21" /><INIT seed="2,0,0,5,2,51" ten="224,243,338,195" oya="2" hai0="39,116,81,131,120,74,53,85,128,30,132,110,19" hai1="35,63,99,33,69,123,11,103,109,36,62,107,23" hai2="67,4,91,82,32,65,94,129,97,95,9,43,115" hai3="21,7,90,24,93,17,100,56,6,101,77,45,50"/><V44/><F115/><W127/><G127/><T60/><D39/><U25/><E109/><V111/><F32/><W72/><G72/><T16/><D74/><U41/><E123/><V0/><F129/><N who="0" m="49738" /><D120/><U18/><E11/><V26/><F111/><W12/><G77/><N who="0" m="46255" /><D116/><U2/><E2/><V102/><F26/><W37/><G37/><T1/><D1/><U3/><E3/><V119/><F119/><W117/><G56/><N who="0" m="34831" /><D110/><U54/><E63/><V78/><F78/><W96/><G117/><T80/><D132/><U64/><E41/><V112/><F82/><W15/><G7/><T118/><D118/><U70/><E36/><V105/><F112/><W14/><REACH who="3" step="1"/><G6/><REACH who="3" ten="224,243,338,185" step="2"/><T106/><D106/><U133/><E133/><V20/><F105/><W61/><G61/><T114/><D114/><U46/><REACH who="1" step="1"/><E70/><REACH who="1" ten="224,233,338,185" step="2"/><V135/><F135/><W48/><G48/><AGARI ba="0,2" hai="18,23,25,33,35,46,48,54,62,64,69,99,103,107" machi="48" ten="40,5200,0" yaku="1,1,2,1,52,1,53,0" doraHai="51" doraHaiUra="108" who="1" fromWho="3" sc="224,0,233,72,338,0,185,-52" /><INIT seed="3,0,0,3,1,66" ten="224,305,338,133" oya="3" hai0="114,10,87,88,125,22,110,102,119,9,84,74,38" hai1="97,47,12,128,14,135,54,51,115,69,3,123,13" hai2="134,85,50,131,41,126,124,45,80,86,37,15,63" hai3="39,95,120,24,93,49,94,19,78,65,112,62,109"/><W77/><G120/><T44/><D119/><U101/><E123/><V18/><F131/><W116/><G112/><T68/><D74/><U17/><E115/><V76/><F134/><W61/><G116/><T73/><D114/><U64/><E128/><V52/><F85/><W103/><G39/><T89/><D73/><U0/><E135/><V34/><F34/><W7/><G7/><T113/><D113/><U133/><E133/><V5/><F5/><W111/><G103/><T117/><D117/><U53/><E53/><V130/><F63/><N who="3" m="24075" /><G49/><T90/><D102/><U32/><E32/><V108/><F108/><N who="3" m="41547" /><G65/><T42/><D110/><U91/><E0/><V43/><F130/><W96/><G96/><T121/><D121/><U100/><E3/><V132/><F132/><W75/><G75/><T30/><D125/><N who="2" m="48234" /><F37/><W28/><G19/><T129/><D129/><U59/><E17/><V25/><F25/><W107/><G107/><T57/><D38/><U46/><E100/><V56/><F45/><W31/><G24/><T6/><D87/><U26/><E26/><V98/><F98/><W20/><G20/><AGARI ba="0,0" hai="15,18,20,41,43,50,52,56,76,80,86" m="48234" machi="20" ten="30,2000,0" yaku="18,1,54,1" doraHai="66" who="2" fromWho="3" sc="224,0,305,0,338,20,133,-20" /><INIT seed="4,0,0,0,2,17" ten="224,305,358,113" oya="0" hai0="15,62,8,22,110,42,107,45,18,69,38,52,9" hai1="63,66,44,76,101,128,103,3,70,51,88,78,56" hai2="19,13,97,92,59,96,127,122,126,40,20,134,77" hai3="24,48,133,80,85,60,23,123,129,21,37,130,10"/><T67/><D107/><U118/><E118/><V50/><F122/><W36/><G123/><T2/><D110/><U102/><E128/><N who="3" m="49258" /><G133/><T55/><D2/><U120/><E120/><V121/><F121/><W87/><G24/><T43/><D43/><U26/><E3/><V119/><F134/><W106/><G106/><T98/><D98/><U4/><E4/><V6/><F119/><W72/><G10/><T54/><AGARI ba="0,0" hai="8,9,15,18,22,38,42,45,52,54,55,62,67,69" machi="54" ten="30,6000,0" yaku="0,1,52,1,54,1" doraHai="17" who="0" fromWho="0" sc="224,60,305,-20,358,-20,113,-20" /><INIT seed="4,1,0,0,4,22" ten="284,285,338,93" oya="0" hai0="112,107,114,81,37,47,102,46,79,14,29,125,120" hai1="85,67,64,61,52,109,103,82,96,88,113,6,104" hai2="77,45,54,98,18,122,43,20,27,23,36,58,106" hai3="72,69,15,8,48,63,12,80,70,26,128,100,116"/><T21/><D120/><U39/><E109/><V134/><F122/><W86/><G116/><T38/><D107/><U1/><E39/><V5/><F134/><W76/><G128/><T55/><D102/><U121/><E121/><V105/><F77/><W59/><G100/><T130/><D130/><U119/><E119/><V135/><F135/><W30/><G48/><T90/><D90/><U35/><E35/><V2/><F2/><W13/><G72/><T73/><D125/><U19/><E113/><N who="0" m="43625" /><D46/><U65/><E19/><V83/><F83/><W31/><G31/><T99/><D99/><U84/><E84/><V3/><F98/><W71/><G8/><T74/><D74/><U17/><E17/><V108/><F108/><W68/><N who="3" m="17408" /><DORA hai="78" /><W56/><REACH who="3" step="1"/><G63/><REACH who="3" ten="284,285,338,83" step="2"/><T62/><D62/><U25/><E61/><V32/><F36/><W44/><G44/><T111/><D111/><U40/><E103/><V131/><F45/><W7/><G7/><T53/><D38/><U24/><E6/><V34/><F5/><W97/><G97/><T11/><D37/><U75/><E96/><V94/><F131/><W28/><G28/><T91/><D47/><U89/><E75/><V132/><F132/><W50/><G50/><T92/><D29/><U127/><E104/><V42/><F105/><W124/><G124/><T33/><D11/><U66/><E127/><V49/><F106/><W95/><G95/><T16/><D33/><AGARI ba="1,1" hai="12,13,15,26,30,33,56,59,76,80,86" m="17408" machi="33" ten="70,8000,1" yaku="1,1,52,2,53,0" doraHai="22,78" doraHaiUra="57,129" who="3" fromWho="0" sc="284,-83,285,0,338,0,83,93" /><INIT seed="5,0,0,2,0,132" ten="201,285,338,176" oya="1" hai0="26,45,43,93,22,35,92,91,95,31,40,3,127" hai1="119,54,131,97,94,77,7,88,133,30,118,102,59" hai2="72,52,120,117,134,106,112,135,109,2,27,67,66" hai3="53,55,84,29,83,85,63,62,4,105,1,128,87"/><U130/><E133/><V46/><F72/><W113/><G105/><T28/><D3/><U34/><E77/><V125/><F106/><W89/><G128/><N who="1" m="49194" /><E7/><V76/><F27/><W18/><G29/><T42/><D35/><U13/><E13/><V103/><F103/><W60/><G113/><T16/><D127/><U80/><E30/><V70/><F76/><W44/><G1/><T20/><D45/><U116/><E34/><V96/><F112/><W12/><G4/><T33/><D33/><U107/><E80/><V51/><F125/><W32/><G32/><T58/><D58/><U37/><E37/><V47/><F47/><W38/><G38/><T73/><D73/><U39/><E39/><V68/><F2/><W19/><G19/><T9/><D9/><U111/><E111/><V123/><F109/><W25/><G25/><T129/><D129/><U110/><E110/><V100/><F134/><W74/><G74/><T11/><D11/><U71/><E71/><V98/><F70/><W57/><G44/><T126/><D126/><U56/><E54/><V6/><F6/><W79/><G79/><T48/><D48/><U122/><E122/><V24/><F68/><W104/><G55/><T49/><D49/><U61/><E61/><N who="3" m="23658" /><G104/><T99/><REACH who="0" step="1"/><D31/><REACH who="0" ten="191,285,338,176" step="2"/><U14/><E56/><V50/><F46/><W86/><G18/><T78/><D78/><U69/><E59/><V5/><F135/><W101/><G12/><AGARI ba="0,1" hai="12,16,20,22,26,28,40,42,43,91,92,93,95,99" machi="12" ten="40,5200,0" yaku="1,1,8,1,54,1,53,0" doraHai="132" doraHaiUra="115" who="0" fromWho="3" sc="191,62,285,0,338,0,176,-52" /><INIT seed="6,0,0,2,1,80" ten="253,285,338,124" oya="2" hai0="96,2,60,48,107,22,28,27,61,103,67,11,116" hai1="21,49,84,41,29,102,135,97,113,9,110,77,39" hai2="105,118,66,17,53,6,32,47,115,3,36,64,90" hai3="94,72,30,121,134,75,45,14,52,42,71,128,133"/><V19/><F118/><W5/><G71/><T123/><D123/><U51/><E110/><V24/><F105/><W38/><G121/><T12/><D116/><U13/><E113/><V55/><F3/><W70/><G70/><T50/><D2/><U111/><E111/><V129/><F6/><W92/><G30/><T23/><D23/><U99/><E135/><V78/><F78/><W0/><G0/><T65/><D65/><U74/><E74/><V73/><F73/><W62/><G128/><T82/><D61/><U87/><E39/><V20/><F32/><W83/><G75/><T108/><D82/><U120/><E120/><V85/><F36/><W56/><G72/><T34/><D108/><U33/><E33/><V8/><F115/><W37/><G38/><T4/><REACH who="0" step="1"/><D22/><REACH who="0" ten="243,285,338,124" step="2"/><U98/><E21/><V16/><F64/><W18/><G83/><T86/><D86/><N who="1" m="32811" /><E29/><V130/><F66/><W119/><G119/><T26/><D26/><U7/><E77/><V122/><F122/><W68/><G68/><AGARI ba="0,1" hai="4,11,12,27,28,34,48,50,60,67,68,96,103,107" machi="68" ten="30,7700,0" yaku="1,1,7,1,25,2,53,0" doraHai="80" doraHaiUra="104" who="0" fromWho="3" sc="243,87,285,0,338,0,124,-77" /><INIT seed="7,0,0,1,4,101" ten="330,285,338,47" oya="3" hai0="102,53,18,103,41,71,39,79,25,83,30,40,58" hai1="135,116,89,48,134,35,55,2,33,0,20,24,21" hai2="17,67,10,92,5,99,36,64,74,12,4,56,63" hai3="115,54,9,1,113,114,110,106,38,120,59,81,15"/><W133/><G38/><T29/><D71/><U123/><E116/><V109/><F74/><W107/><G1/><N who="1" m="618" /><E89/><N who="2" m="55695" /><F109/><W78/><G120/><T50/><D18/><N who="1" m="12311" /><E48/><V3/><F3/><W14/><G110/><T47/><D40/><U37/><E55/><N who="2" m="34207" /><F36/><W60/><G133/><N who="1" m="50698" /><E37/><V26/><F26/><W128/><G128/><T46/><D46/><U98/><E98/><V93/><F93/><W68/><G68/><T96/><D25/><U82/><E82/><V95/><F95/><W72/><REACH who="3" step="1"/><G15/><REACH who="3" ten="330,285,338,37" step="2"/><T27/><D27/><U65/><E123/><V125/><F125/><W16/><AGARI ba="0,1" hai="9,14,16,54,59,60,72,78,81,106,107,113,114,115" machi="16" ten="30,18000,2" yaku="1,1,2,1,0,1,15,1,52,2,54,1,53,0" doraHai="101" doraHaiUra="31" who="3" fromWho="3" sc="330,-60,285,-60,338,-60,37,190" /><INIT seed="7,1,0,1,5,49" ten="270,225,278,227" oya="3" hai0="133,113,50,130,67,72,107,61,78,73,39,90,13" hai1="10,48,101,9,89,27,60,128,16,46,32,17,44" hai2="0,112,24,65,26,80,98,28,92,8,38,102,45" hai3="123,33,135,19,85,115,54,95,84,2,15,127,111"/><W122/><G2/><T57/><D107/><U74/><E128/><V51/><F38/><W77/><G33/><T87/><D39/><U20/><E32/><V70/><F112/><W96/><G115/><T71/><D113/><U104/><E74/><V129/><F129/><W97/><G127/><T116/><D130/><U64/><E104/><V118/><F118/><W109/><G135/><T35/><D116/><U100/><E89/><V29/><F70/><W106/><G106/><T76/><D35/><U34/><E34/><V52/><F65/><W53/><G122/><T36/><D133/><U69/><E46/><V120/><F120/><W126/><G123/><T94/><D36/><U47/><E44/><V55/><F0/><W125/><G77/><T25/><D25/><N who="2" m="9834" /><F8/><W14/><G19/><T37/><D37/><U99/><E99/><V88/><F55/><W68/><G95/><T132/><D132/><U41/><REACH who="1" step="1"/><E17/><REACH who="1" ten="270,215,278,227" step="2"/><V30/><F30/><W105/><G105/><T134/><D134/><U62/><E62/><V4/><F4/><W110/><G109/><T117/><D117/><U59/><E59/><V79/><F88/><W6/><G6/><T81/><D72/><U56/><E56/><V31/><F31/><W23/><G23/><T131/><D131/><U58/><E58/><V1/><F28/><W11/><G11/><AGARI ba="1,1" hai="9,10,11,16,20,27,41,47,48,60,64,69,100,101" machi="11" ten="40,2600,0" yaku="1,1,54,1,53,0" doraHai="49" doraHaiUra="82" who="1" fromWho="3" sc="270,0,215,39,278,0,227,-29" /><INIT seed="8,0,0,3,5,121" ten="270,254,278,198" oya="0" hai0="73,80,113,51,44,82,118,57,47,33,98,112,105" hai1="85,127,17,11,46,99,28,52,60,102,37,43,13" hai2="93,103,92,53,83,117,90,132,133,24,88,94,128" hai3="71,78,97,20,100,107,7,45,96,87,25,16,0"/><T95/><D33/><U21/><E127/><V135/><F128/><W89/><G71/><T64/><D105/><U62/><E85/><N who="2" m="50239" /><F117/><W126/><G126/><T34/><D34/><U32/><E32/><V39/><F39/><W119/><G119/><T130/><D118/><U9/><E28/><V122/><F122/><W19/><G78/><T84/><D130/><U66/><E60/><V50/><F24/><W1/><G96/><T4/><D4/><U56/><REACH who="1" step="1"/><E66/><REACH who="1" ten="270,244,278,198" step="2"/><V74/><F74/><W75/><G75/><T26/><D73/><U65/><E65/><V106/><F106/><AGARI ba="0,1" hai="9,11,13,17,21,37,43,46,52,56,62,99,102,106" machi="106" ten="30,3900,0" yaku="1,1,7,1,54,1,53,0" doraHai="121" doraHaiUra="29" who="1" fromWho="2" sc="270,0,244,49,278,-39,198,0" /><INIT seed="9,0,0,5,3,131" ten="270,293,239,198" oya="1" hai0="74,99,23,79,22,43,114,118,7,73,54,20,104" hai1="28,111,109,101,93,83,26,72,0,17,66,71,15" hai2="50,47,57,135,51,25,123,110,49,55,41,45,126" hai3="56,85,77,87,27,58,34,124,29,12,39,60,59"/><U94/><E0/><V31/><F123/><W127/><G39/><T52/><D114/><U24/><E71/><V1/><F1/><W69/><G12/><T78/><D43/><U84/><E66/><V130/><F110/><N who="1" m="41993" /><E72/><N who="0" m="27753" /><D7/><U75/><E75/><V102/><F126/><N who="3" m="48171" /><G77/><N who="0" m="29195" /><D99/><N who="1" m="59631" /><E94/><V38/><F130/><W133/><G133/><T9/><D9/><N who="1" m="6383" /><E28/><V18/><F31/><W61/><G61/><T62/><D62/><U113/><E113/><V11/><F38/><W65/><AGARI ba="0,0" hai="27,29,34,56,58,59,60,65,69,85,87" m="48171" machi="65" ten="40,1500,0" yaku="18,1" doraHai="131" who="3" fromWho="3" sc="270,-4,293,-7,239,-4,198,15" /><INIT seed="10,0,0,5,2,106" ten="266,286,235,213" oya="2" hai0="19,131,53,114,25,78,44,57,113,130,24,38,132" hai1="100,33,127,23,40,55,133,76,5,6,82,58,115" hai2="4,98,22,7,12,103,121,16,96,122,79,90,68" hai3="46,62,17,1,92,85,93,48,65,89,64,88,35"/><V125/><F68/><W84/><G1/><T81/><D38/><U37/><E33/><V112/><F112/><W47/><G35/><T86/><D44/><U71/><E115/><V107/><F125/><W42/><G62/><T134/><D114/><U0/><E71/><V36/><F36/><W119/><G119/><T10/><D10/><U70/><E70/><V50/><F79/><W135/><G135/><N who="0" m="51755" /><D19/><U118/><E118/><V52/><F98/><W108/><G108/><T124/><D113/><U14/><E127/><V80/><F80/><W9/><REACH who="3" step="1"/><G47/><REACH who="3" ten="266,286,235,203" step="2"/><T69/><D124/><U105/><E133/><V49/><F49/><W75/><G75/><T61/><D69/><U83/><E0/><V41/><F41/><W109/><G109/><T31/><D31/><U21/><E40/><V8/><F122/><W34/><G34/><T28/><D28/><U101/><E37/><V18/><F121/><W102/><G102/><T117/><D117/><U73/><E100/><V110/><F110/><W63/><G63/><T32/><D32/><U95/><E101/><V120/><F120/><W87/><G87/><T123/><D123/><U13/><E73/><V66/><F66/><W129/><G129/><AGARI ba="0,1" hai="24,25,53,57,61,78,81,86,129,130,131" m="51755" machi="129" ten="30,2000,0" yaku="19,1,20,1" doraHai="106" who="0" fromWho="3" sc="266,30,286,0,235,0,203,-20" /><INIT seed="11,0,0,1,1,23" ten="296,286,235,183" oya="3" hai0="53,130,95,85,109,55,121,10,41,27,30,14,31" hai1="131,112,34,11,35,77,17,78,107,15,4,76,7" hai2="40,83,110,22,62,104,101,21,20,105,71,93,115" hai3="16,1,94,33,39,117,24,36,60,89,63,59,118"/><W108/><G1/><T67/><D121/><U0/><E112/><V88/><F115/><W57/><G108/><T9/><D109/><U72/><E72/><V49/><F110/><W68/><G68/><T114/><D114/><U50/><E107/><V92/><F104/><W38/><G33/><T103/><D67/><U37/><E37/><V98/><F71/><W87/><G60/><T132/><D41/><U2/><E131/><V70/><F70/><W69/><G69/><T54/><D130/><U91/><E91/><V25/><F62/><W96/><G87/><T56/><D27/><U58/><E58/><V26/><F83/><W66/><REACH who="3" step="1"/><G59/><REACH who="3" ten="296,286,235,173" step="2"/><T133/><D56/><U120/><E120/><V128/><F128/><W127/><G127/><T19/><D85/><U75/><E75/><V51/><F105/><W111/><G111/><T45/><D133/><U65/><E34/><V125/><F125/><W12/><G12/><N who="0" m="7567" /><D132/><U84/><E35/><V100/><F92/><W42/><G42/><T79/><D95/><U97/><E84/><V61/><F61/><W6/><G6/><T28/><D14/><U48/><E4/><V116/><F40/><W52/><G52/><T99/><D53/><U64/><E97/><V82/><F82/><W13/><G13/><T44/><D54/><U124/><E124/><V80/><F80/><W129/><G129/><T73/><D55/><U46/><E0/><V90/><F93/><W81/><G81/><T74/><D74/><U8/><E46/><V119/><F98/><W134/><G134/><T43/><D73/><U122/><E122/><RYUUKYOKU ba="0,1" sc="296,-15,286,15,235,-15,173,15" hai1="2,7,8,11,15,17,48,50,64,65,76,77,78" hai3="16,24,36,38,39,57,63,66,89,94,96,117,118" /><INIT seed="11,1,1,1,4,66" ten="281,301,220,188" oya="3" hai0="121,125,47,107,89,111,42,25,36,67,133,93,14" hai1="95,44,58,22,34,90,9,80,74,19,0,62,2" hai2="59,117,92,134,56,15,114,135,108,115,23,85,40" hai3="96,98,103,100,116,28,129,132,94,52,69,17,27"/><W88/><G69/><T50/><D111/><U41/><E34/><V131/><F108/><W55/><G129/><T99/><D121/><U70/><E70/><V126/><F131/><W1/><G1/><T39/><D133/><N who="2" m="50698" /><F40/><W86/><G132/><T32/><D125/><U84/><E9/><V20/><F117/><W33/><G116/><T110/><D110/><U5/><E5/><V130/><F130/><W71/><G71/><T91/><D107/><U83/><E74/><V122/><F122/><W64/><G64/><T101/><D67/><U51/><E0/><V12/><F85/><W97/><REACH who="3" step="1"/><G17/><REACH who="3" ten="281,301,220,178" step="2"/><T11/><D32/><U75/><E2/><V65/><F65/><W7/><G7/><T68/><D68/><U43/><E19/><V109/><F109/><W105/><G105/><T37/><REACH who="0" step="1"/><D25/><REACH who="0" ten="271,301,220,178" step="2"/><U48/><E75/><V6/><F126/><W119/><G119/><T78/><D78/><U26/><E26/><V21/><F115/><W118/><G118/><T4/><AGARI ba="1,3" hai="4,11,14,36,37,39,42,47,50,89,91,93,99,101" machi="4" ten="30,2000,0" yaku="1,1,0,1,53,0" doraHai="66" doraHaiUra="24" who="0" fromWho="0" sc="271,53,301,-6,220,-6,178,-11" owari="324,42.4,295,9.5,214,-18.6,167,-33.3" /></mjloggm>