<mjloggm ver="2.3"><GO type="169" lobby="0"/><UN n0="%E3%81%A6%E3%82%93%E3%81%8F%E3%81%86" n1="%E9%BE%8D%31%30" n2="%E3%82%AB%E3%83%A9%E6%9D%BE" n3="%E7%BD%AA%E5%88%91%E6%B3%95%E5%AE%9A%E4%B8%BB%E7%BE%A9" dan="16,16,17,17" rate="2183.87,2110.24,2134.90,2233.49" sx="M,M,M,M"/><TAIKYOKU oya="0"/><INIT seed="0,0,0,5,2,83" ten="250,250,250,250" oya="0" hai0="8,75,50,133,108,45,43,74,54,78,94,13,10" hai1="33,27,79,51,59,62,5,119,126,91,112,18,130" hai2="73,21,125,101,129,52,57,9,26,60,12,106,99" hai3="82,29,120,76,30,6,96,113,40,102,66,77,97"/><T15/><D133/><U122/><E119/><V85/><F73/><W69/><G113/><T14/><D78/><U39/><E122/><V118/><F125/><W116/><G116/><T86/><D108/><U103/><E39/><V46/><F129/><W70/><G120/><T124/><D124/><U55/><E130/><V134/><F118/><W17/><G6/><T81/><D94/><U89/><E5/><V84/><F46/><W93/><G40/><T25/><D25/><U117/><E112/><V24/><F134/><W72/><G77/><N who="0" m="46383" /><D75/><U41/><E103/><V38/><F38/><W49/><G97/><T11/><D74/><U34/><E33/><V131/><F26/><W107/><G107/><T88/><D88/><N who="1" m="33867" /><E79/><V28/><REACH who="2" step="1"/><F131/><REACH who="2" ten="250,250,240,250" step="2"/><W35/><G72/><T121/><D121/><U68/><E117/><V132/><F132/><W31/><G76/><T19/><D43/><U36/><E126/><V1/><F1/><W23/><G82/><T65/><D65/><U100/><E41/><V22/><F22/><AGARI ba="0,1" hai="8,10,11,13,14,15,19,22,45,50,54" m="46383" machi="22" ten="30,2900,0" yaku="8,1,52,1" doraHai="83" who="0" fromWho="2" sc="250,39,250,0,240,-29,250,0" /><INIT seed="0,1,0,3,5,108" ten="289,250,211,250" oya="0" hai0="90,48,1,134,16,99,64,128,42,94,0,114,129" hai1="60,105,51,122,96,106,53,132,102,115,97,111,80" hai2="50,22,41,49,59,119,23,110,54,72,32,135,88" hai3="39,103,43,98,124,5,57,15,46,133,86,9,6"/><T92/><D134/><U20/><E111/><V14/><F110/><W70/><G70/><T82/><D64/><U30/><E122/><V78/><F135/><W95/><G133/><T74/><D74/><U120/><E132/><V63/><F32/><W27/><G124/><T17/><D82/><U58/><E120/><V8/><F119/><W109/><G109/><T55/><D42/><U47/><E80/><V91/><F78/><W33/><G57/><T130/><D94/><U113/><E20/><N who="2" m="7723" /><F72/><W100/><G86/><T13/><D114/><N who="1" m="43531" /><E30/><V40/><F40/><W127/><G127/><T116/><D116/><U67/><E97/><V123/><F123/><W38/><G38/><T34/><D34/><U36/><E36/><V31/><F31/><W89/><G6/><T19/><REACH who="0" step="1"/><D13/><REACH who="0" ten="279,250,211,250" step="2"/><U44/><E106/><V52/><F41/><W83/><G83/><T85/><D85/><U104/><E104/><V107/><F107/><W71/><G33/><T126/><D126/><U125/><E125/><V4/><F63/><W87/><G87/><T101/><D101/><U37/><E37/><V7/><F7/><W66/><G27/><T21/><D21/><U65/><E65/><V117/><F117/><W29/><G29/><T79/><D79/><U2/><E2/><V93/><F93/><W81/><G81/><T75/><D75/><U18/><E18/><V10/><F10/><W62/><AGARI ba="1,1" hai="5,9,15,39,43,46,62,66,71,89,95,98,100,103" machi="62" ten="30,1100,0" yaku="0,1" doraHai="108" who="3" fromWho="3" sc="279,-6,250,-4,211,-4,250,24" /><INIT seed="1,0,0,2,0,88" ten="273,246,207,274" oya="1" hai0="30,9,18,39,20,98,41,71,107,121,116,79,42" hai1="111,15,124,1,122,90,80,105,32,102,52,83,126" hai2="103,84,55,61,112,50,125,53,6,76,3,24,93" hai3="26,2,78,27,11,130,94,56,45,66,132,65,49"/><U118/><E122/><V134/><F125/><N who="1" m="48233" /><E118/><V81/><F134/><W128/><G132/><T51/><D71/><U0/><E32/><V114/><F3/><N who="1" m="1097" /><E111/><V13/><F24/><W67/><G78/><T120/><D116/><U36/><E36/><V16/><F6/><W127/><G127/><T54/><D39/><U69/><E69/><V108/><F108/><W123/><G123/><N who="0" m="47179" /><D79/><U95/><E105/><V82/><F82/><W133/><G133/><T89/><D9/><U101/><E15/><V7/><F7/><W115/><G115/><N who="2" m="44073" /><F61/><W28/><G2/><T129/><D30/><U23/><E23/><N who="2" m="11663" /><F50/><W92/><G11/><T99/><D51/><U34/><E34/><V97/><AGARI ba="0,0" hai="53,55,76,81,84,93,97,103" m="11663,44073" machi="97" ten="30,4000,0" yaku="11,1,52,1,54,1" doraHai="88" who="2" fromWho="2" sc="273,-10,246,-20,207,40,274,-10" /><INIT seed="2,0,0,2,3,77" ten="263,226,247,264" oya="2" hai0="120,75,43,133,79,15,101,113,18,49,134,44,53" hai1="132,96,34,51,5,58,122,115,99,118,85,67,81" hai2="69,6,13,47,71,1,63,46,48,97,12,82,131" hai3="89,57,128,111,119,106,27,74,129,73,135,90,123"/><V2/><F131/><N who="3" m="50251" /><G27/><T107/><D113/><U16/><E34/><V41/><F97/><W38/><G38/><T17/><D120/><U55/><E115/><V54/><F63/><W40/><G40/><T117/><D117/><U100/><E122/><V39/><F6/><W45/><G45/><T7/><D101/><U42/><E118/><V66/><F66/><W61/><G123/><T33/><D107/><U19/><E5/><V9/><F9/><W130/><G119/><T59/><D79/><N who="1" m="46271" /><E132/><N who="0" m="50793" /><D75/><N who="3" m="28681" /><G135/><T64/><D64/><U92/><E99/><V114/><F114/><W60/><G106/><T127/><D33/><U65/><E42/><V30/><F30/><W70/><G130/><T105/><D105/><U32/><E32/><V112/><F112/><W24/><G24/><T84/><D7/><U121/><E121/><V23/><F41/><W28/><G28/><T10/><D18/><AGARI ba="0,0" hai="16,18,19,51,55,58,65,67,92,96,100" m="46271" machi="18" ten="30,3900,0" yaku="8,1,52,1,54,1" doraHai="77" who="1" fromWho="0" sc="263,-39,226,39,247,0,264,0" /><INIT seed="3,0,0,2,0,30" ten="224,265,247,264" oya="3" hai0="107,75,43,49,65,77,45,52,34,63,111,130,0" hai1="10,103,110,8,128,73,86,127,92,31,122,13,17" hai2="133,115,89,91,116,123,32,134,69,100,95,54,14" hai3="83,121,50,87,132,33,1,76,7,71,80,47,98"/><W114/><G114/><T81/><D0/><U36/><E122/><V84/><F115/><W56/><G121/><T15/><D107/><U4/><E36/><V23/><F123/><W26/><G71/><T11/><D111/><U70/><E73/><V18/><F69/><W68/><G68/><T48/><D130/><U97/><E110/><V3/><F3/><W85/><G132/><N who="2" m="50793" /><F116/><W96/><G56/><T40/><D34/><U120/><E70/><V102/><F32/><W113/><G113/><T67/><D63/><U135/><E127/><V9/><F9/><W109/><G109/><T59/><REACH who="0" step="1"/><D40/><REACH who="0" ten="214,265,247,264" step="2"/><U79/><E128/><V38/><F38/><W44/><G1/><T101/><D101/><U6/><E120/><V25/><F100/><W51/><G33/><T93/><D93/><U29/><E135/><V105/><F105/><W41/><G7/><AGARI ba="0,1" hai="7,11,15,43,45,48,49,52,59,65,67,75,77,81" machi="7" ten="30,3900,0" yaku="1,1,7,1,54,1,53,0" doraHai="30" doraHaiUra="117" who="0" fromWho="3" sc="214,49,265,0,247,0,264,-39" /><INIT seed="4,0,0,4,2,73" ten="263,265,247,225" oya="0" hai0="9,59,116,67,35,123,83,66,34,39,44,2,22" hai1="71,81,91,6,8,78,60,11,27,5,51,126,4" hai2="63,43,104,12,14,74,32,82,26,119,124,94,90" hai3="115,80,98,97,1,87,86,53,38,17,70,92,135"/><T132/><D116/><U110/><E110/><V54/><F104/><W49/><G38/><T56/><D123/><U129/><E126/><V84/><F124/><W29/><G70/><T128/><D22/><U75/><E129/><V99/><F74/><W7/><G135/><T93/><D93/><U25/><E51/><V31/><F119/><W122/><G115/><T106/><D106/><U130/><E130/><V103/><F43/><W19/><G29/><T58/><D128/><U45/><E45/><V105/><F54/><W50/><G122/><T47/><D132/><U101/><E101/><V23/><F32/><W30/><G30/><T3/><D58/><U65/><REACH who="1" step="1"/><E91/><REACH who="1" ten="263,255,247,225" step="2"/><V77/><REACH who="2" step="1"/><F63/><REACH who="2" ten="263,255,237,225" step="2"/><W62/><G62/><T20/><D39/><U79/><E79/><V61/><F61/><W10/><G49/><T41/><D41/><U118/><E118/><V48/><F48/><W100/><G50/><T134/><D134/><U18/><E18/><V125/><F125/><W76/><G19/><T133/><D133/><U120/><E120/><V36/><F36/><W15/><G17/><T57/><D44/><U127/><E127/><V40/><F40/><W117/><G117/><T102/><D47/><U69/><E69/><V111/><F111/><W52/><G53/><T72/><D59/><U107/><E107/><V68/><F68/><W96/><G52/><T46/><D46/><U121/><E121/><V109/><F109/><W95/><G100/><T33/><D56/><U13/><E13/><V85/><AGARI ba="0,2" hai="12,14,23,26,31,77,82,84,85,90,94,99,103,105" machi="85" ten="20,5200,0" yaku="1,1,0,1,7,1,52,1,53,0" doraHai="73" doraHaiUra="55" who="2" fromWho="2" sc="263,-26,255,-13,237,72,225,-13" /><INIT seed="5,0,0,3,2,99" ten="237,242,309,212" oya="1" hai0="24,72,102,56,3,50,71,91,4,40,47,52,77" hai1="14,62,101,27,45,0,116,105,48,42,33,55,53" hai2="37,64,23,22,28,95,106,26,6,39,74,29,112" hai3="20,68,107,100,8,129,92,88,82,44,38,2,93"/><U5/><E0/><V73/><F106/><W66/><G129/><T51/><D71/><U43/><E116/><V79/><F6/><W70/><G107/><T46/><D77/><U131/><E131/><V114/><F64/><W78/><G66/><T109/><D72/><U80/><E80/><V34/><F95/><W122/><G122/><T25/><D109/><U61/><E33/><V113/><F79/><W21/><G70/><T59/><D102/><U76/><E27/><N who="2" m="16503" /><F34/><W17/><G68/><T84/><D4/><U19/><E76/><V127/><F127/><W57/><G57/><N who="0" m="22091" /><D3/><U133/><E5/><V104/><F104/><W18/><G2/><T81/><AGARI ba="0,0" hai="24,25,40,46,47,50,51,52,81,84,91" m="22091" machi="81" ten="30,2000,0" yaku="8,1,54,1" doraHai="99" who="0" fromWho="0" sc="237,20,242,-10,309,-5,212,-5" /><INIT seed="6,0,0,1,4,23" ten="257,232,304,207" oya="2" hai0="134,100,105,104,43,123,128,66,40,112,67,81,41" hai1="20,7,77,83,125,29,88,135,116,10,103,11,51" hai2="30,82,74,61,131,122,58,63,97,39,94,98,32" hai3="0,69,99,106,35,68,14,86,2,33,25,44,120"/><V102/><F122/><W87/><G120/><T117/><D123/><U70/><E116/><V119/><F119/><W95/><G106/><T110/><D117/><U129/><E70/><V56/><F39/><W4/><G14/><T16/><D110/><U19/><E125/><V91/><F131/><W9/><G44/><T133/><D128/><U118/><E129/><V101/><F32/><W17/><G17/><T6/><D6/><U127/><E103/><V90/><F30/><W47/><G47/><T3/><D3/><U60/><E29/><V50/><F50/><W76/><G76/><T55/><D112/><U24/><E127/><V92/><F82/><W31/><G0/><T54/><D81/><U64/><E118/><V108/><REACH who="2" step="1"/><F74/><REACH who="2" ten="257,232,294,207" step="2"/><W57/><G35/><T8/><D134/><U126/><E51/><V28/><F28/><W75/><G75/><T72/><D72/><U12/><E135/><V13/><F13/><W121/><G121/><T22/><D133/><U62/><E126/><V73/><F73/><W52/><G87/><T15/><D15/><U71/><E83/><V111/><AGARI ba="0,1" hai="56,58,61,63,90,91,92,94,97,98,101,102,108,111" machi="111" ten="25,9600,0" yaku="1,1,0,1,22,2,53,0" doraHai="23" doraHaiUra="1" who="2" fromWho="2" sc="257,-32,232,-32,294,106,207,-32" /><INIT seed="6,1,0,1,0,31" ten="225,200,400,175" oya="2" hai0="64,89,85,6,128,12,133,74,101,57,113,54,13" hai1="46,99,126,118,78,117,48,100,121,119,40,26,43" hai2="135,109,61,3,32,8,130,20,22,81,93,84,80" hai3="47,108,105,72,44,67,1,79,127,125,35,112,69"/><V4/><F130/><W131/><RYUUKYOKU type="yao9" ba="1,0" sc="225,0,200,0,400,0,175,0" hai3="1,35,44,47,67,69,72,79,105,108,112,125,127,131" /><INIT seed="6,2,0,5,4,126" ten="225,200,400,175" oya="2" hai0="127,110,32,54,92,41,20,115,73,104,103,25,88" hai1="72,111,114,24,112,38,65,28,130,122,96,119,74" hai2="109,125,78,7,29,79,17,33,22,70,62,9,10" hai3="69,105,11,48,12,106,21,1,40,52,87,50,0"/><V107/><F125/><W37/><G37/><T77/><D127/><U66/><E119/><V59/><F70/><W118/><G118/><T46/><D32/><U76/><E111/><V63/><F109/><W80/><G69/><T131/><D110/><U101/><E122/><V16/><F107/><W83/><G40/><T86/><D54/><U61/><E38/><V68/><F68/><W134/><G134/><T4/><D4/><U84/><E84/><V43/><F43/><W124/><G124/><T64/><D64/><U133/><E133/><V3/><F10/><W67/><G67/><N who="1" m="25610" /><E61/><N who="2" m="23051" /><F59/><W123/><G123/><T98/><D115/><N who="1" m="44075" /><E76/><V5/><F17/><W44/><G48/><T113/><D113/><U13/><E13/><N who="2" m="9487" /><F5/><W6/><G0/><T93/><D77/><U116/><E116/><V39/><F39/><W45/><G45/><T49/><D46/><U82/><E74/><V23/><F23/><W108/><G108/><T2/><D73/><U81/><E72/><V36/><F36/><W120/><G120/><T26/><D41/><U30/><E82/><V128/><F78/><W135/><G135/><T90/><D2/><U102/><E81/><V91/><F79/><W35/><G80/><T85/><D20/><N who="1" m="15367" /><E30/><V94/><F29/><W27/><G1/><T58/><D25/><U117/><E117/><V31/><F31/><N who="3" m="17903" /><G35/><T100/><D26/><U97/><E102/><V51/><F33/><W99/><G99/><N who="1" m="37962" /><E101/><V15/><F3/><W55/><G55/><N who="0" m="32111" /><D103/><U121/><E121/><V18/><F9/><W8/><G11/><T60/><D60/><U34/><E34/><RYUUKYOKU ba="2,0" sc="225,10,200,10,400,-30,175,10" hai0="85,86,88,90,92,93,98,100,104,131" hai1="130" hai3="6,8,12,44,50,52,83,87,105,106" /><INIT seed="7,3,0,3,0,56" ten="235,210,370,185" oya="3" hai0="12,126,108,61,25,17,94,84,80,119,71,113,75" hai1="38,103,77,92,37,4,112,11,6,63,129,28,74" hai2="93,121,69,128,130,90,58,33,105,125,66,72,122" hai3="47,68,14,9,21,131,0,54,36,120,16,22,102"/><W27/><G120/><N who="2" m="46185" /><F105/><W133/><G68/><T135/><D75/><U118/><E112/><V67/><F72/><W44/><G133/><T81/><D71/><U86/><E118/><V106/><F106/><W59/><G131/><T3/><D84/><U76/><E129/><V115/><F33/><W34/><G34/><T62/><D94/><U109/><E28/><V123/><F123/><W7/><G102/><T101/><D101/><U26/><E103/><V95/><F115/><W79/><G79/><T73/><D73/><U124/><E26/><V85/><F125/><W45/><G36/><T100/><D25/><U52/><E38/><V32/><F32/><W64/><G64/><T49/><D100/><U127/><E37/><V132/><F132/><W51/><REACH who="3" step="1"/><G47/><REACH who="3" ten="235,210,370,175" step="2"/><T39/><D39/><U96/><E124/><V35/><F35/><W24/><G24/><T20/><D126/><U114/><E127/><V19/><F69/><W5/><G5/><T53/><D135/><U30/><E6/><V91/><F67/><W65/><G65/><T89/><D113/><U116/><E4/><V70/><F70/><W88/><G88/><T117/><D89/><U104/><E114/><V82/><F91/><W78/><G78/><T40/><D119/><U83/><E77/><V29/><F128/><W15/><G15/><T110/><D117/><U2/><E76/><V43/><F130/><W111/><G111/><T31/><D110/><U48/><E109/><V46/><F66/><W1/><G1/><T23/><D3/><U8/><E116/><V42/><F90/><W60/><G60/><RYUUKYOKU ba="3,1" sc="235,-10,210,-10,370,-10,175,30" hai3="0,7,9,14,16,21,22,27,44,45,51,54,59" /><INIT seed="7,4,1,2,4,4" ten="225,200,360,205" oya="3" hai0="55,30,56,79,77,36,135,64,82,80,63,41,29" hai1="16,130,51,70,72,95,118,109,34,68,33,14,105" hai2="104,86,22,120,24,17,7,74,128,60,101,28,127" hai3="87,85,62,20,18,59,71,39,119,65,78,112,10"/><W40/><G119/><T27/><D135/><U117/><E105/><V132/><F74/><W58/><G112/><T131/><D131/><U98/><E72/><V0/><F120/><W93/><G39/><T69/><D41/><U89/><E109/><V102/><F127/><W107/><G107/><T116/><D36/><U108/><E130/><V19/><F104/><W43/><G71/><N who="1" m="27178" /><E51/><V81/><F132/><W1/><G1/><T54/><D69/><U46/><E46/><V25/><F0/><W76/><G59/><T103/><D103/><U38/><E38/><V42/><F7/><W37/><G37/><T49/><D64/><U123/><E123/><V66/><F42/><N who="3" m="15915" /><G10/><T35/><D35/><U106/><E106/><V121/><F121/><W96/><G78/><N who="0" m="29707" /><D27/><U13/><E13/><V113/><F128/><W9/><G9/><T99/><D116/><N who="1" m="44651" /><E108/><V44/><F113/><W50/><G50/><T2/><D2/><U133/><E133/><V3/><F3/><W15/><G76/><T32/><D32/><U75/><E75/><V8/><F44/><W83/><G83/><T57/><D82/><U92/><E92/><V90/><F81/><W5/><G5/><T52/><D80/><U53/><E53/><V11/><F66/><W97/><G93/><T84/><D54/><U91/><E91/><V129/><F90/><W6/><G6/><T115/><D115/><U48/><E48/><V12/><F129/><W73/><G73/><T126/><D49/><U31/><E31/><V67/><F67/><W47/><G47/><T111/><D55/><U23/><AGARI ba="4,1" hai="14,16,23,33,34,89,95,98" m="44651,27178" machi="23" ten="30,4000,0" yaku="5,1,12,1,54,1" doraHai="4" who="1" fromWho="1" sc="225,-14,200,62,360,-14,205,-24" owari="211,-18.9,262,6.2,346,44.6,181,-31.9" /></mjloggm>