<mjloggm ver="2.3"><GO type="225" lobby="0"/><UN n0="%EF%BC%AE%EF%BC%A1%EF%BC%AF%33%33%39" n1="%E3%83%96%E3%83%83%E3%83%91%E3%82%AA%E3%83%96%E3%83%81%E3%82%AD%E3%83%B3" n2="%E7%B4%94%E6%BD%94%E3%83%94%E3%83%A9%E3%83%8B%E3%82%A2" n3="%E3%82%BC%E3%83%AB%E3%83%80%E3%81%AE%E4%BC%9D%E8%AA%AC" dan="16,16,16,17" rate="2160.21,2165.24,2180.72,2167.12" sx="M,M,M,M"/><TAIKYOKU oya="0"/><INIT seed="0,0,0,0,5,41" ten="250,250,250,250" oya="0" hai0="61,82,29,110,72,68,59,75,67,12,60,129,39" hai1="118,18,104,71,57,105,91,48,90,99,95,28,117" hai2="103,115,65,33,35,124,121,114,8,86,77,13,96" hai3="80,30,44,64,98,46,49,113,3,25,1,51,69"/><T16/><D39/><U38/><E71/><V17/><F121/><W66/><G113/><T125/><D29/><U40/><E28/><V133/><F124/><W9/><G80/><T101/><D101/><U119/><E38/><V4/><F133/><W89/><G89/><T85/><D125/><U52/><E40/><V42/><F65/><W130/><G98/><T2/><D2/><U88/><REACH who="1" step="1"/><E18/><REACH who="1" ten="250,240,250,250" step="2"/><V47/><F17/><W10/><G30/><T0/><D129/><U83/><E83/><V94/><F114/><W14/><G69/><T107/><D110/><U22/><E22/><V24/><F115/><W102/><G130/><T111/><D111/><U20/><E20/><V45/><F42/><W53/><G10/><T100/><D68/><U70/><E70/><V21/><F35/><W87/><G9/><T37/><D37/><U56/><E56/><V19/><F33/><W26/><G46/><T81/><D59/><U122/><E122/><V126/><F126/><W92/><G44/><T63/><D82/><AGARI ba="0,1" hai="4,8,13,19,21,24,45,47,77,82,86,94,96,103" machi="82" ten="40,5200,0" yaku="8,1,52,2" doraHai="41" who="2" fromWho="0" sc="250,-52,240,0,250,62,250,0" /><INIT seed="1,0,0,3,3,58" ten="198,240,312,250" oya="1" hai0="61,121,127,71,78,20,89,26,131,46,35,77,13" hai1="38,85,49,31,110,67,81,2,64,15,126,119,16" hai2="100,4,7,134,6,108,69,116,76,37,118,70,122" hai3="102,0,72,75,115,56,83,39,105,98,19,95,73"/><U57/><E119/><V91/><F122/><W113/><G39/><T82/><D35/><U125/><E38/><V68/><F37/><W86/><G0/><T111/><D121/><U11/><E31/><V50/><F108/><W92/><G19/><T21/><D111/><U106/><E106/><V28/><F134/><W29/><G56/><T47/><D13/><U40/><E2/><V74/><F100/><W112/><REACH who="3" step="1"/><G29/><REACH who="3" ten="198,240,312,240" step="2"/><T87/><D131/><U34/><E110/><V120/><F28/><W10/><G10/><T101/><D47/><U18/><E18/><V65/><F120/><W25/><G25/><T14/><D46/><U104/><E57/><V32/><F68/><W24/><G24/><T48/><D14/><U54/><E15/><V23/><F70/><W62/><G62/><T42/><D71/><U9/><E16/><V36/><F69/><W51/><G51/><T96/><D61/><U123/><E49/><V44/><F36/><W45/><G45/><T59/><D59/><U8/><E123/><V79/><F116/><W128/><G128/><T41/><D48/><U3/><E3/><V52/><F118/><W117/><G117/><T90/><D26/><U109/><E109/><V107/><F4/><W43/><G43/><T66/><D42/><U53/><E40/><V133/><F6/><W12/><G12/><T94/><D41/><U88/><E8/><V5/><F7/><W55/><G55/><T63/><D63/><U97/><E9/><V130/><F5/><W129/><G129/><T135/><D66/><U60/><E11/><V22/><F130/><RYUUKYOKU ba="0,1" sc="198,-10,240,-10,312,-10,240,30" hai3="72,73,75,83,86,92,95,98,102,105,112,113,115" /><INIT seed="2,1,1,0,2,118" ten="188,230,302,270" oya="2" hai0="95,12,13,72,97,49,111,51,19,127,1,37,129" hai1="4,67,131,44,7,24,108,96,77,110,27,36,62" hai2="74,2,52,128,119,9,106,121,42,29,123,47,69" hai3="58,0,34,82,56,68,87,134,43,73,109,120,30"/><V63/><F119/><W91/><G120/><N who="2" m="46153" /><F52/><W3/><G68/><T59/><D1/><U115/><E115/><V65/><F29/><W132/><G109/><N who="1" m="42090" /><E131/><V78/><F106/><W122/><G122/><T60/><D72/><U71/><E77/><V104/><F104/><W23/><G34/><T55/><D37/><U84/><E84/><V5/><F128/><W35/><G35/><T92/><D129/><U20/><E96/><V83/><F47/><W79/><G43/><T114/><D114/><U46/><E27/><V6/><F6/><N who="1" m="2089" /><E36/><V80/><F83/><W64/><G30/><AGARI ba="1,1" hai="20,24,30,44,46,62,67,71" m="2089,42090" machi="30" ten="30,1000,0" yaku="14,1" doraHai="118" who="1" fromWho="3" sc="188,0,230,23,302,0,270,-13" /><INIT seed="3,0,0,1,3,89" ten="188,253,302,257" oya="3" hai0="107,27,117,18,15,84,96,56,52,54,133,77,67" hai1="4,39,113,38,30,28,79,63,19,58,46,112,31" hai2="90,14,83,116,22,5,25,68,109,115,124,130,93" hai3="12,64,16,37,94,80,0,13,34,23,111,49,72"/><W3/><G37/><T78/><D117/><U85/><E4/><V53/><F68/><W121/><G121/><T47/><D133/><U127/><E127/><V73/><F115/><W42/><G34/><T50/><D67/><U51/><E38/><V69/><F69/><W45/><G111/><T11/><D107/><U41/><E39/><V9/><F116/><W134/><G134/><T10/><D96/><U95/><E112/><V104/><F104/><W29/><G29/><T55/><D11/><U102/><E113/><V57/><F130/><W82/><G64/><T103/><D103/><U61/><E19/><N who="2" m="12511" /><F73/><W76/><G80/><T128/><D128/><U17/><E17/><V26/><F26/><W74/><G74/><T100/><D100/><U33/><E33/><V20/><F20/><W60/><G60/><N who="1" m="23114" /><E58/><V62/><F124/><W108/><G108/><T59/><D27/><U106/><E106/><V48/><F48/><W132/><G132/><T32/><D32/><U97/><E79/><V135/><F135/><W120/><G13/><T36/><D36/><U101/><E101/><V7/><F109/><W98/><G120/><T129/><D129/><U123/><E123/><V114/><F114/><W110/><G110/><T21/><D21/><U44/><E46/><V43/><F83/><W81/><G82/><N who="0" m="47183" /><D78/><U75/><E75/><V105/><F105/><W2/><G2/><T1/><D1/><U35/><E35/><V125/><F125/><W86/><G72/><T65/><D65/><U92/><E31/><V87/><F7/><W122/><G122/><T70/><D70/><RYUUKYOKU ba="0,0" sc="188,0,253,0,302,0,257,0" hai0="10,15,18,47,50,52,54,55,56,59" hai1="28,30,41,44,51,85,92,95,97,102" hai2="5,9,14,43,53,57,62,87,90,93" hai3="0,3,12,16,23,42,45,49,76,81,86,94,98" /><INIT seed="3,1,0,5,0,135" ten="188,253,302,257" oya="3" hai0="134,114,120,78,63,6,125,11,87,2,127,75,86" hai1="126,94,58,23,53,74,25,52,93,113,102,105,41" hai2="60,33,61,70,43,39,82,110,115,132,56,84,1" hai3="71,15,104,83,72,66,129,54,20,30,77,59,100"/><W47/><G129/><T40/><D120/><U81/><E113/><V0/><F115/><W103/><G104/><T91/><D114/><U111/><E111/><V45/><F33/><W85/><G72/><T9/><D134/><U55/><E41/><V49/><F110/><W35/><G35/><T98/><D11/><U73/><E105/><V4/><F132/><W37/><G37/><T5/><D5/><U10/><E126/><N who="0" m="48137" /><D40/><U29/><E10/><V80/><F80/><W106/><G106/><T31/><D31/><U51/><E74/><V12/><F12/><W133/><G133/><T38/><D38/><U44/><E102/><V27/><F27/><N who="3" m="16743" /><G71/><T13/><D2/><U88/><E73/><V3/><F4/><W95/><G15/><T17/><D6/><U96/><E81/><V107/><F107/><W67/><G95/><N who="0" m="56703" /><D63/><N who="1" m="36295" /><E94/><V34/><F34/><W90/><G103/><T69/><D69/><U19/><E29/><V48/><F61/><W14/><G100/><T36/><D36/><U22/><E22/><V65/><F70/><W123/><G123/><T130/><D130/><U32/><E32/><V109/><F109/><W16/><G16/><T21/><D21/><U68/><E68/><V28/><F28/><W89/><G14/><T24/><D24/><U116/><E25/><V62/><F62/><W26/><G26/><T122/><D122/><U118/><E23/><V64/><F65/><W18/><G18/><T119/><D119/><N who="1" m="45611" /><E19/><V50/><F1/><W99/><G66/><T46/><D46/><U57/><E44/><V108/><F108/><W92/><G47/><RYUUKYOKU ba="1,0" sc="188,10,253,10,302,10,257,-30" hai0="9,13,17,75,78,86,87" hai1="51,53,55,57,88,93,96" hai2="0,3,39,43,45,48,49,50,56,60,64,82,84" owari="198,-30.2,263,6.3,312,41.2,227,-17.3" /></mjloggm>