<mjloggm ver="2.3"><GO type="169" lobby="0"/><UN n0="%E3%81%82%E3%81%95%E3%81%B4%E3%82%93%EF%BC%A0%EF%BD%8D%EF%BD%8A" n1="%E3%81%B2%E3%81%90%E3%81%A1" n2="%E3%81%86%E3%81%91%E3%81%AA%E3%81%8C%E3%81%97%E3%81%BE%E3%81%9B%E3%82%93" n3="%E3%81%9F%E3%81%8B%E3%81%AA" dan="18,17,17,19" rate="2303.00,2218.41,2252.19,2247.70" sx="M,M,F,M"/><TAIKYOKU oya="0"/><INIT seed="0,0,0,1,2,105" ten="250,250,250,250" oya="0" hai0="115,114,64,6,60,53,4,13,117,109,88,118,68" hai1="132,120,34,78,130,2,129,76,11,121,75,98,122" hai2="12,92,20,73,14,31,83,90,50,27,131,5,46" hai3="16,51,124,104,103,125,123,44,52,81,119,48,39"/><T9/><D4/><N who="1" m="1431" /><E76/><V49/><F131/><N who="1" m="50185" /><E98/><V47/><F5/><W58/><G119/><T113/><D109/><U95/><E95/><V100/><F100/><W42/><G123/><T18/><D53/><U111/><E111/><V59/><F59/><W35/><G35/><T26/><D26/><U33/><E132/><V36/><F36/><W23/><G81/><AGARI ba="0,0" hai="33,34,75,78,81,120,121,122" m="50185,1431" machi="81" ten="40,5200,0" yaku="19,1,23,1,52,1" doraHai="105" who="1" fromWho="3" sc="250,0,250,52,250,0,250,-52" /><INIT seed="1,0,0,2,0,82" ten="250,302,250,198" oya="1" hai0="29,21,49,104,94,17,52,92,31,93,122,24,8" hai1="109,28,70,115,59,84,62,131,120,130,95,15,87" hai2="67,121,25,16,35,57,116,42,73,88,77,83,40" hai3="107,9,32,65,129,0,39,19,5,56,4,81,71"/><U101/><E115/><V99/><F116/><W124/><G107/><T98/><D122/><U108/><E70/><V125/><F121/><W43/><G32/><T37/><D37/><U48/><E48/><V135/><F135/><W128/><G71/><T111/><D111/><N who="1" m="42571" /><E28/><V10/><F125/><W33/><G33/><T75/><D75/><U103/><E120/><V97/><F97/><W20/><G5/><T46/><REACH who="0" step="1"/><D8/><REACH who="0" ten="240,302,250,198" step="2"/><U27/><E27/><V119/><F119/><W1/><G9/><T44/><D44/><U7/><E15/><V90/><F25/><W114/><G39/><T127/><D127/><U54/><E7/><V132/><F132/><W30/><G4/><T11/><D11/><U38/><E38/><V26/><F26/><W66/><G124/><T51/><D51/><U123/><E123/><V89/><F35/><W117/><G117/><T74/><D74/><U112/><E112/><V72/><F72/><W45/><G45/><T85/><D85/><N who="1" m="32843" /><E95/><V58/><F10/><W102/><G114/><T3/><D3/><U60/><E60/><V86/><F73/><W63/><G63/><T53/><D53/><U110/><E110/><V134/><F134/><W118/><G118/><T113/><D113/><U91/><E91/><V22/><F90/><W34/><G0/><T68/><D68/><U79/><E79/><V76/><F76/><W12/><G1/><T106/><D106/><U13/><E13/><N who="2" m="9487" /><F77/><W36/><G36/><T14/><D14/><U2/><E2/><V18/><F89/><W61/><G12/><T80/><D80/><U47/><E47/><RYUUKYOKU ba="0,1" sc="240,15,302,15,250,-15,198,-15" hai0="17,21,24,29,31,46,49,52,92,93,94,98,104" hai1="54,59,62,101,103,130,131" /><INIT seed="1,1,1,3,1,69" ten="255,317,235,183" oya="1" hai0="126,8,86,53,27,76,19,54,34,117,41,112,134" hai1="135,87,77,125,70,36,104,96,121,6,64,102,4" hai2="25,94,10,66,133,24,115,71,62,120,13,131,18" hai3="83,127,49,21,38,91,107,26,73,42,84,39,82"/><U128/><E121/><V28/><F120/><W79/><G107/><T95/><D112/><U101/><E101/><V92/><F115/><W1/><G1/><T109/><D117/><U50/><E125/><V99/><F131/><W111/><G111/><T11/><D109/><U29/><E128/><V78/><F133/><W7/><G7/><T60/><D134/><U130/><E130/><V90/><F78/><W43/><G127/><T65/><D126/><U5/><E135/><V52/><F52/><W3/><G3/><T118/><D41/><U106/><E106/><V97/><REACH who="2" step="1"/><F28/><REACH who="2" ten="255,317,225,183" step="2"/><W75/><G75/><T61/><D54/><U16/><E29/><V103/><AGARI ba="1,2" hai="10,13,18,24,25,62,66,71,90,92,94,97,99,103" machi="103" ten="20,5200,0" yaku="1,1,2,1,0,1,7,1,53,0" doraHai="69" doraHaiUra="122" who="2" fromWho="2" sc="255,-14,317,-27,225,75,183,-14" /><INIT seed="2,0,0,3,2,51" ten="241,290,300,169" oya="2" hai0="46,82,6,123,86,117,72,108,23,122,45,5,4" hai1="56,39,75,84,92,13,57,49,52,41,133,130,15" hai2="55,38,35,34,65,106,47,120,70,97,95,135,68" hai3="32,131,36,100,105,126,11,64,93,112,62,42,17"/><V96/><F120/><W8/><G126/><T81/><D72/><U1/><E75/><V107/><F135/><W48/><G36/><T71/><D71/><U90/><E1/><V18/><F38/><W63/><G32/><T69/><D69/><U134/><E130/><V20/><F20/><W27/><G105/><T74/><D74/><U87/><E87/><V119/><F47/><N who="0" m="17930" /><D86/><U113/><E113/><V129/><F18/><W109/><G42/><T10/><D23/><U127/><E127/><V44/><F44/><W33/><G109/><T76/><D76/><U12/><E39/><V37/><F37/><W19/><G64/><T0/><D0/><U40/><REACH who="1" step="1"/><E57/><REACH who="1" ten="241,280,300,169" step="2"/><V25/><F70/><W24/><G131/><T58/><D58/><U60/><E60/><V121/><F68/><W94/><G112/><T9/><D108/><U31/><E31/><V3/><F3/><W80/><G48/><T116/><D122/><U103/><E103/><V102/><F102/><W78/><G100/><T128/><D123/><U125/><E125/><V104/><F121/><W89/><G62/><T88/><D128/><U101/><E101/><V22/><F107/><W53/><G63/><T14/><D117/><U16/><E16/><V2/><F119/><W73/><G73/><T85/><D116/><U114/><E114/><V28/><F104/><W7/><G17/><N who="0" m="8399" /><D82/><U132/><AGARI ba="0,1" hai="12,13,15,40,41,49,52,56,84,90,92,132,133,134" machi="132" ten="40,12000,2" yaku="1,1,0,1,20,1,52,1,54,1,53,1" doraHai="51" doraHaiUra="83" who="1" fromWho="1" sc="241,-30,280,130,300,-60,169,-30" /><INIT seed="3,0,0,3,5,91" ten="211,410,240,139" oya="3" hai0="33,92,89,110,44,124,77,50,59,4,57,22,39" hai1="130,10,123,40,100,49,12,72,93,103,19,84,75" hai2="26,16,45,60,73,14,56,46,114,117,115,38,13" hai3="86,101,15,47,111,62,65,128,23,69,82,43,28"/><W2/><G2/><T78/><D33/><U68/><E123/><V95/><F73/><W88/><G128/><T120/><D120/><U122/><E122/><V131/><F117/><W85/><G111/><T105/><D105/><U20/><E68/><V79/><F79/><N who="0" m="30218" /><D39/><U30/><E130/><V83/><F83/><W64/><G64/><T107/><D107/><U74/><E40/><V94/><F131/><W54/><G101/><T58/><D124/><U34/><E34/><V118/><F118/><W29/><G54/><T21/><D4/><U17/><E30/><V67/><F38/><W129/><G85/><N who="0" m="52271" /><D110/><U109/><E109/><V90/><F115/><W11/><G23/><T27/><D27/><U133/><E133/><V1/><F1/><W35/><G35/><T8/><D8/><U97/><E103/><V63/><F114/><W51/><REACH who="3" step="1"/><G129/><REACH who="3" ten="211,410,240,129" step="2"/><T106/><D106/><U32/><E84/><V6/><F67/><W134/><G134/><T119/><D119/><U126/><E32/><V127/><F127/><W52/><G52/><AGARI ba="0,1" hai="21,22,44,50,52,57,58,59" m="52271,30218" machi="52" ten="30,3900,0" yaku="8,1,52,1,54,1" doraHai="91" who="0" fromWho="3" sc="211,49,410,0,240,0,129,-39" /><INIT seed="4,0,0,0,4,56" ten="260,410,240,90" oya="0" hai0="65,58,100,33,83,132,95,50,29,12,106,102,27" hai1="113,94,118,120,64,49,135,121,36,86,110,91,26" hai2="73,78,99,45,70,37,80,41,93,5,133,79,10" hai3="55,98,35,111,51,75,2,4,21,77,101,92,129"/><T19/><D106/><U109/><E36/><V34/><F79/><W7/><G111/><T40/><D132/><U63/><E135/><V15/><F133/><W90/><G35/><T114/><D114/><U60/><E118/><V131/><F131/><W39/><G39/><T81/><D40/><U30/><E49/><V104/><F34/><W107/><G129/><T18/><D18/><U32/><E113/><V76/><F76/><W1/><G1/><T59/><D59/><U53/><E53/><V6/><F70/><W130/><G2/><T108/><D108/><U122/><REACH who="1" step="1"/><E60/><REACH who="1" ten="260,400,240,90" step="2"/><V11/><F37/><W3/><G130/><T23/><D50/><U119/><E119/><V25/><F41/><W28/><G55/><T13/><D65/><U47/><E47/><V68/><F45/><W42/><G51/><T8/><D58/><AGARI ba="0,1" hai="26,30,32,58,63,64,86,91,94,109,110,120,121,122" machi="58" ten="40,5200,0" yaku="1,1,52,1,53,1" doraHai="56" doraHaiUra="20" who="1" fromWho="0" sc="260,-52,400,62,240,0,90,0" /><INIT seed="5,0,0,1,0,128" ten="208,462,240,90" oya="1" hai0="110,14,120,72,84,32,109,12,101,95,33,85,35" hai1="62,31,80,38,112,18,0,77,88,126,127,27,123" hai2="8,19,91,99,96,117,45,63,55,103,7,119,82" hai3="97,100,89,56,47,116,39,73,90,115,11,60,13"/><U87/><E123/><V36/><F36/><W22/><G73/><T1/><D72/><U121/><E121/><V16/><F117/><W81/><G115/><T37/><D120/><U108/><E108/><V28/><F28/><W94/><G116/><T50/><D37/><U132/><E38/><V51/><F119/><W21/><G47/><T48/><D1/><U130/><E0/><V70/><F70/><W6/><G39/><T102/><D33/><U2/><E2/><V129/><F129/><W49/><G49/><T24/><D95/><U135/><E18/><V23/><F63/><W42/><G42/><T43/><REACH who="0" step="1"/><D24/><REACH who="0" ten="198,462,240,90" step="2"/><U17/><E130/><V58/><F82/><W131/><G131/><T74/><D74/><U114/><E114/><V93/><F23/><N who="3" m="8715" /><G81/><T15/><D15/><U46/><E112/><V57/><F7/><W105/><G105/><T26/><D26/><U30/><E27/><V118/><F118/><W122/><G122/><T104/><D104/><U29/><E80/><V106/><REACH who="2" step="1"/><F19/><REACH who="2" ten="198,462,230,90" step="2"/><W111/><G111/><T125/><D125/><U9/><E126/><V79/><F79/><W69/><G69/><T25/><D25/><U40/><E77/><V59/><F59/><W133/><G133/><T113/><D113/><U5/><E127/><V20/><F20/><W75/><G75/><T3/><D3/><U134/><E17/><V64/><F64/><AGARI ba="0,2" hai="6,11,13,56,60,64,89,90,94,97,100" m="8715" machi="64" ten="30,1000,0" yaku="8,1" doraHai="128" who="3" fromWho="2" sc="198,0,462,0,230,-10,90,30" /><INIT seed="6,0,0,0,4,27" ten="198,462,220,120" oya="2" hai0="89,95,54,36,14,67,83,102,121,26,33,43,12" hai1="60,92,85,73,3,61,58,41,118,112,62,68,110" hai2="46,34,105,51,2,48,47,74,42,106,20,5,76" hai3="75,35,96,63,116,37,90,17,64,72,126,115,6"/><V30/><F34/><W18/><G116/><T59/><D121/><U104/><E73/><V134/><F134/><W25/><G37/><T10/><D67/><U52/><E104/><V21/><F2/><W66/><G6/><T91/><D36/><U9/><E110/><V114/><F5/><W29/><G126/><T86/><D43/><U132/><E68/><V44/><F114/><W82/><G64/><T22/><D102/><U133/><E41/><V100/><F106/><W87/><G115/><T7/><D33/><U122/><E118/><V88/><F88/><W130/><G130/><T0/><D89/><N who="1" m="53295" /><E122/><V70/><F70/><W103/><G72/><T94/><D12/><U123/><E123/><V49/><F42/><W127/><G75/><T80/><D94/><U111/><E111/><V77/><F74/><W13/><G13/><T32/><D32/><U120/><E112/><V45/><F45/><W109/><G127/><T57/><D57/><U117/><E117/><V31/><F100/><W8/><G8/><T78/><D78/><N who="2" m="30314" /><F105/><W11/><G11/><T131/><D0/><U125/><E125/><V119/><F119/><W79/><G79/><T108/><D131/><U98/><E98/><V38/><F38/><W55/><G109/><T15/><D108/><U101/><E101/><V128/><F128/><W124/><G124/><T53/><D7/><N who="1" m="1279" /><E120/><V40/><F40/><W4/><G4/><T50/><D10/><U81/><E81/><N who="0" m="31305" /><D54/><U107/><E107/><V69/><F69/><N who="3" m="42207" /><G55/><T56/><D56/><U23/><E23/><AGARI ba="0,0" hai="20,21,23,30,31,44,46,47,48,49,51" m="30314" machi="23" ten="40,12000,1" yaku="28,2,8,1,52,2" doraHai="27" who="2" fromWho="1" sc="198,0,462,-120,220,120,120,0" /><INIT seed="6,1,0,2,2,67" ten="198,342,340,120" oya="2" hai0="13,75,41,20,47,9,132,92,24,69,23,99,11" hai1="25,60,62,64,129,7,116,122,110,66,82,135,81" hai2="54,36,52,74,100,112,93,108,55,106,53,118,29" hai3="85,95,38,119,87,15,10,89,121,49,39,65,42"/><V22/><F118/><W57/><G119/><T27/><D75/><U50/><E110/><V94/><F108/><W31/><G121/><T123/><D132/><U113/><E116/><V117/><F117/><W77/><G38/><T70/><D123/><U124/><E122/><V6/><F74/><W28/><G39/><T33/><D33/><U88/><E7/><V120/><F36/><W71/><G71/><T115/><D115/><U130/><E113/><V126/><F112/><W83/><G65/><T96/><D47/><U63/><E135/><V76/><F76/><W14/><G14/><T73/><D73/><U105/><E105/><V44/><F126/><W61/><G61/><T86/><D86/><N who="1" m="50255" /><E124/><V90/><F106/><W34/><G34/><T114/><D114/><U5/><E5/><V91/><F6/><W84/><G85/><T97/><D92/><U8/><E8/><N who="0" m="3145" /><D41/><U37/><E37/><V21/><F55/><W109/><G109/><T16/><D16/><U133/><E133/><V48/><F94/><W18/><REACH who="3" step="1"/><G57/><REACH who="3" ten="198,342,340,110" step="2"/><T12/><D13/><U125/><E125/><V30/><F120/><W56/><G56/><T134/><D12/><U107/><E62/><V26/><F22/><N who="0" m="8234" /><D134/><U2/><E64/><V103/><F21/><W104/><G104/><T32/><D32/><U35/><E35/><V127/><F127/><W17/><G17/><T3/><D3/><U102/><E107/><V46/><F30/><W128/><G128/><T1/><D1/><U98/><E130/><V45/><F29/><W43/><G43/><T68/><AGARI ba="1,1" hai="24,27,68,69,70,96,97,99" m="8234,3145" machi="68" ten="40,8000,1" yaku="28,2,52,3" doraHai="67" who="0" fromWho="0" sc="198,93,342,-21,340,-41,110,-21" /><INIT seed="7,0,0,5,1,15" ten="291,321,299,89" oya="3" hai0="67,28,2,43,64,78,80,129,79,95,99,60,24" hai1="88,4,73,93,133,119,120,71,81,113,8,76,124" hai2="100,12,44,19,92,132,82,86,62,72,53,102,69" hai3="35,45,97,56,75,17,106,103,55,5,21,111,50"/><W108/><G35/><T29/><D2/><U26/><E120/><V16/><F72/><W65/><G75/><T20/><D129/><U61/><E113/><V107/><F107/><W131/><G131/><T83/><D43/><U33/><E124/><V34/><F34/><W9/><G65/><N who="0" m="25163" /><D60/><U10/><E133/><V11/><F69/><W46/><G108/><T117/><D29/><U68/><E61/><V22/><F92/><W54/><G111/><T130/><D117/><U125/><E10/><V134/><F134/><W30/><G30/><T31/><D31/><U94/><E26/><N who="2" m="14687" /><F132/><W98/><G98/><T36/><D36/><U59/><E33/><V122/><F122/><W96/><G96/><T66/><N who="0" m="25171" /><T105/><DORA hai="39" /><D105/><U23/><E125/><V104/><F104/><W109/><G109/><T58/><D58/><U70/><E59/><N who="2" m="35183" /><F44/><W52/><G45/><T32/><D130/><U63/><E63/><V84/><F84/><W27/><REACH who="3" step="1"/><G46/><REACH who="3" ten="291,321,299,79" step="2"/><T49/><D32/><U1/><E70/><V77/><AGARI ba="0,1" hai="11,12,16,77,82,86,100,102" m="35183,14687" machi="77" ten="30,7900,0" yaku="8,1,52,2,54,1" doraHai="15,39" who="2" fromWho="2" sc="291,-20,321,-20,299,89,79,-39" owari="271,-12.9,301,10.1,388,48.8,40,-46.0" /></mjloggm>