<mjloggm ver="2.3"><GO type="169" lobby="0"/><UN n0="%E3%81%B8%E3%81%9D%E3%81%AA%E3%82%81%E3%81%9F%E3%81%84" n1="%E5%81%BD%E5%96%84%E8%80%85%E9%AB%98%E6%A9%8B%E3%81%BF%E3%81%AA%E3%81%BF" n2="%E2%97%8E%E3%82%88%E3%81%97%E2%97%8E" n3="%E5%85%A9%E5%84%80%E4%B8%B6%E5%BC%8F" dan="16,17,16,16" rate="2153.90,2179.11,2140.41,2131.49" sx="M,F,M,M"/><TAIKYOKU oya="0"/><INIT seed="0,0,0,5,0,31" ten="250,250,250,250" oya="0" hai0="133,130,77,26,23,116,44,92,93,123,64,21,50" hai1="57,55,127,86,12,132,96,117,67,105,30,38,33" hai2="98,68,20,103,2,1,114,135,79,91,0,119,19" hai3="28,5,83,11,25,85,129,76,37,56,42,99,39"/><T102/><D116/><U113/><E117/><V17/><F68/><W126/><G129/><T118/><D123/><U78/><E38/><V62/><F119/><W61/><G126/><T10/><D118/><U134/><E67/><V115/><F79/><W110/><G110/><T32/><D130/><U35/><E30/><V66/><F91/><W108/><G108/><T3/><D64/><U63/><E127/><V14/><F135/><N who="1" m="51753" /><E113/><V58/><REACH who="2" step="1"/><F19/><REACH who="2" ten="250,250,240,250" step="2"/><W27/><G76/><T59/><D77/><U18/><E78/><V74/><F74/><W111/><G111/><T106/><D133/><U4/><E86/><V36/><F36/><W104/><G85/><T60/><D102/><N who="1" m="62663" /><E4/><V84/><F84/><W82/><G5/><T100/><D100/><U49/><E63/><V52/><F52/><W122/><G61/><T87/><D60/><U73/><E73/><V6/><F6/><W34/><G39/><T112/><D87/><U51/><E51/><V41/><F41/><W54/><G42/><T89/><D50/><U94/><E94/><AGARI ba="0,1" hai="0,1,2,14,17,20,58,62,66,94,98,103,114,115" machi="94" ten="40,1300,0" yaku="1,1,53,0" doraHai="31" doraHaiUra="46" who="2" fromWho="1" sc="250,0,250,-13,240,23,250,0" /><INIT seed="1,0,0,2,0,40" ten="250,237,263,250" oya="1" hai0="102,119,6,13,27,53,98,130,135,125,106,73,0" hai1="113,59,74,79,95,133,68,122,31,69,56,85,99" hai2="71,45,90,21,18,109,81,26,2,94,57,121,101" hai3="32,78,10,19,96,134,37,75,108,44,11,72,67"/><U30/><E113/><V63/><F109/><W84/><G32/><T58/><D119/><U4/><E74/><V91/><F121/><W55/><G108/><T41/><D73/><U24/><E122/><V38/><F2/><W117/><G134/><T70/><D135/><U15/><E133/><V49/><F38/><W128/><G67/><T8/><D70/><U65/><E31/><V50/><F71/><W16/><G128/><T93/><D130/><U76/><E68/><V87/><F101/><W127/><G117/><T60/><D125/><U28/><E28/><V61/><F57/><N who="1" m="22089" /><E85/><N who="2" m="52559" /><F49/><W1/><G127/><T48/><D27/><U103/><E65/><V14/><F26/><W35/><G35/><T22/><D106/><U12/><E69/><V88/><F91/><W105/><G75/><T89/><D22/><N who="1" m="15639" /><E4/><V33/><F33/><W54/><G105/><T29/><D29/><U97/><E99/><V46/><F50/><W118/><G96/><T123/><D0/><U20/><E20/><V52/><F52/><N who="3" m="20011" /><G118/><T62/><D123/><U112/><E112/><V111/><F111/><W120/><G120/><T64/><D64/><U34/><E34/><V82/><F81/><N who="3" m="45255" /><G84/><T17/><D6/><U3/><E3/><V9/><F21/><W43/><G10/><T47/><REACH who="0" step="1"/><D102/><REACH who="0" ten="240,237,263,250" step="2"/><U25/><E25/><V51/><F51/><AGARI ba="0,1" hai="8,13,17,41,47,48,51,53,58,60,62,89,93,98" machi="51" ten="30,12000,2" yaku="1,1,2,1,7,1,8,1,52,1,53,1" doraHai="40" doraHaiUra="36" who="0" fromWho="2" sc="240,130,237,0,263,-120,250,0" /><INIT seed="2,0,0,4,5,41" ten="370,237,143,250" oya="2" hai0="134,46,117,76,19,98,79,26,4,87,16,125,9" hai1="27,89,126,34,43,56,8,42,109,5,115,131,96" hai2="104,100,36,55,69,84,7,72,51,118,52,37,20" hai3="2,6,110,103,13,3,22,108,81,92,30,24,18"/><V105/><F118/><W64/><G64/><T85/><D117/><U67/><E115/><V101/><F72/><W44/><G81/><T65/><D125/><U61/><E126/><V21/><F7/><W99/><G44/><T129/><D129/><U75/><E75/><V97/><F84/><W29/><G92/><T45/><D65/><U57/><E109/><N who="3" m="42090" /><G99/><T82/><D134/><U114/><E114/><V74/><F74/><W10/><G103/><N who="2" m="39497" /><F51/><W12/><G2/><T77/><D98/><U35/><E131/><V66/><F66/><W120/><G120/><T83/><D79/><U50/><E89/><V15/><F15/><AGARI ba="0,0" hai="3,6,10,12,13,15,18,22,24,29,30" m="42090" machi="15" ten="30,3900,0" yaku="14,1,34,2" doraHai="41" who="3" fromWho="2" sc="370,0,237,0,143,-39,250,39" /><INIT seed="3,0,0,3,2,40" ten="370,237,104,289" oya="3" hai0="133,65,59,135,112,131,14,55,74,16,123,79,80" hai1="36,78,48,134,3,108,129,92,106,102,104,85,29" hai2="120,28,58,130,45,44,110,68,82,60,18,116,72" hai3="57,103,26,97,56,70,87,67,84,76,22,32,88"/><W66/><G32/><T83/><D123/><U11/><E36/><V62/><F116/><W86/><G70/><T100/><D131/><U6/><E129/><V119/><F119/><W122/><G122/><T31/><D31/><U37/><E37/><V91/><F130/><W42/><G42/><T63/><D112/><U27/><E108/><V47/><F120/><W34/><G34/><T69/><D83/><U118/><E118/><V49/><F110/><W132/><G132/><T94/><D100/><U5/><E5/><V98/><F28/><W81/><G57/><T20/><REACH who="0" step="1"/><D94/><REACH who="0" ten="360,237,104,289" step="2"/><U114/><E114/><V126/><F126/><W89/><G103/><T125/><D125/><U128/><E128/><V90/><F72/><W24/><G81/><T0/><D0/><U93/><E93/><N who="2" m="56631" /><F68/><W30/><G30/><T35/><D35/><U25/><E29/><V117/><F117/><W95/><G95/><T71/><D71/><U77/><E92/><V13/><F82/><W9/><G97/><T115/><D115/><U105/><E102/><V19/><F91/><W15/><G89/><T101/><D101/><U4/><E3/><V8/><F19/><W33/><G88/><T111/><D111/><U52/><E106/><V21/><F21/><W53/><G33/><T39/><D39/><U10/><E105/><V124/><F124/><W99/><G99/><T38/><D38/><U127/><E104/><V7/><F18/><N who="3" m="8559" /><G76/><T107/><D107/><U96/><E127/><V51/><F58/><W75/><G22/><T41/><D41/><U2/><E78/><V64/><F64/><RYUUKYOKU ba="0,1" sc="360,15,237,-15,104,15,289,-15" hai0="14,16,20,55,59,63,65,69,74,79,80,133,135" hai2="7,8,13,44,45,47,49,51,60,62" /><INIT seed="4,1,1,0,3,90" ten="375,222,119,274" oya="0" hai0="26,129,68,36,6,70,54,62,104,27,99,60,18" hai1="93,46,8,43,40,37,132,98,75,44,9,48,102" hai2="66,14,96,106,120,109,115,63,69,17,100,74,7" hai3="108,128,125,82,32,86,61,65,112,67,117,42,45"/><T97/><D36/><U92/><E132/><V76/><F109/><W33/><G108/><T84/><D6/><U89/><REACH who="1" step="1"/><E75/><REACH who="1" ten="375,212,119,274" step="2"/><V23/><F120/><W30/><G117/><T11/><D129/><U55/><E55/><V50/><F115/><W94/><G128/><T51/><D54/><U41/><E41/><V83/><F7/><W25/><G112/><T64/><D64/><U57/><E57/><V16/><F17/><W1/><G67/><T21/><D70/><U2/><E2/><V15/><REACH who="2" step="1"/><F50/><REACH who="2" ten="375,212,109,274" step="2"/><W114/><G114/><T3/><D51/><U72/><E72/><V95/><F95/><W47/><G94/><T38/><D3/><U24/><E24/><AGARI ba="1,3" hai="14,15,16,23,24,63,66,69,74,76,83,96,100,106" machi="24" ten="30,3900,0" yaku="1,1,7,1,54,1,53,0" doraHai="90" doraHaiUra="91" who="2" fromWho="1" sc="375,0,212,-42,109,72,274,0" /><INIT seed="5,0,0,1,4,56" ten="375,170,181,274" oya="1" hai0="37,122,89,109,86,93,63,65,4,74,58,115,16" hai1="125,17,47,45,36,79,40,22,103,50,51,73,120" hai2="60,3,128,30,101,8,46,104,31,48,66,32,19" hai3="130,21,78,70,118,111,114,33,54,20,99,7,105"/><U44/><E120/><V23/><F128/><W9/><G111/><T108/><D122/><U84/><E73/><V11/><F104/><W42/><G33/><T69/><D115/><U123/><E123/><V18/><F101/><W75/><G114/><T34/><D74/><U28/><E125/><V102/><F102/><W14/><G118/><T72/><D72/><U135/><E135/><V68/><F19/><W121/><G121/><T131/><D131/><U59/><E28/><V127/><F127/><W27/><G130/><T10/><D34/><U6/><E6/><V96/><F96/><W71/><G42/><T76/><D76/><U129/><E103/><V81/><F81/><W90/><G21/><T110/><D37/><U39/><E129/><V106/><F106/><W124/><G124/><T133/><D133/><U80/><E59/><V132/><F132/><W91/><G105/><T94/><D16/><U38/><REACH who="1" step="1"/><E40/><REACH who="1" ten="375,160,181,274" step="2"/><V97/><F31/><W85/><G75/><T83/><REACH who="0" step="1"/><D58/><REACH who="0" ten="365,160,181,274" step="2"/><U13/><AGARI ba="0,2" hai="13,17,22,36,38,39,44,45,47,50,51,79,80,84" machi="13" ten="40,18000,2" yaku="1,1,2,1,0,1,53,3" doraHai="56" doraHaiUra="41" who="1" fromWho="1" sc="365,-60,160,200,181,-60,274,-60" /><INIT seed="5,1,0,5,0,98" ten="305,360,121,214" oya="1" hai0="10,20,0,62,63,13,60,133,72,126,22,104,36" hai1="97,4,110,41,2,117,65,45,119,124,101,113,48" hai2="69,77,28,59,96,52,108,16,9,71,131,105,127" hai3="68,32,35,85,11,74,115,125,37,12,42,103,132"/><U64/><E113/><V33/><F108/><W14/><G74/><T39/><D72/><U120/><E120/><V111/><F111/><W99/><G68/><T82/><D126/><U94/><E110/><V58/><F77/><W114/><G85/><T70/><D70/><U61/><E124/><V129/><F127/><W56/><G125/><T134/><D104/><U47/><E47/><V8/><F58/><W51/><G37/><N who="0" m="14411" /><D82/><U23/><E23/><V17/><F28/><W76/><G76/><T25/><D25/><U26/><E26/><V88/><F33/><W73/><G73/><T100/><D100/><U38/><E38/><V109/><F109/><W29/><G132/><N who="0" m="50795" /><D0/><U30/><E30/><V86/><F69/><W55/><G42/><T95/><D95/><U75/><E75/><V15/><F71/><W44/><G44/><T107/><D107/><U27/><E27/><V78/><F78/><W34/><G29/><T130/><D130/><N who="2" m="49674" /><F105/><N who="3" m="63743" /><G11/><N who="2" m="4169" /><F96/><W46/><G46/><T135/><N who="0" m="50803" /><T122/><DORA hai="121" /><D122/><U49/><E2/><V66/><F15/><W106/><G106/><T91/><D91/><U102/><E97/><V31/><F31/><W79/><G79/><T24/><D24/><U89/><E89/><V112/><F112/><AGARI ba="1,0" hai="12,14,32,34,35,51,55,56,112,114,115" m="63743" machi="112" ten="40,2600,0" yaku="15,1,52,1" doraHai="98,121" who="3" fromWho="2" sc="305,0,360,0,121,-29,214,29" /><INIT seed="6,0,0,2,3,33" ten="305,360,92,243" oya="2" hai0="133,67,105,97,4,86,53,118,25,54,56,64,31" hai1="19,131,6,112,121,78,120,74,91,92,34,32,125" hai2="35,119,28,45,88,14,20,66,89,127,18,12,111" hai3="123,76,7,39,43,37,100,108,107,85,11,1,9"/><V129/><F119/><W75/><G108/><T115/><D115/><U104/><E104/><V27/><F111/><W79/><G123/><N who="1" m="47178" /><E131/><V23/><F129/><W42/><G75/><T59/><D118/><U72/><E125/><V65/><F127/><W73/><G73/><N who="1" m="28266" /><E78/><V49/><F35/><W99/><G9/><T50/><D133/><U26/><E6/><V69/><F14/><W5/><G5/><T126/><D4/><U124/><E112/><V94/><F69/><W29/><G29/><T52/><D126/><U38/><E38/><V122/><F122/><W44/><G85/><T82/><D97/><N who="1" m="57503" /><E124/><V8/><F8/><W101/><REACH who="3" step="1"/><G100/><REACH who="3" ten="305,360,92,233" step="2"/><T21/><D105/><U93/><E19/><V134/><F134/><W128/><G128/><T80/><D82/><U135/><E135/><V81/><F81/><W96/><G96/><T68/><D68/><U16/><E93/><V47/><F47/><AGARI ba="0,1" hai="1,7,11,37,39,42,43,44,47,76,79,99,101,107" machi="47" ten="40,5200,0" yaku="1,1,9,1,52,1,53,0" doraHai="33" doraHaiUra="106" who="3" fromWho="2" sc="305,0,360,0,92,-52,233,62" /><INIT seed="7,0,0,2,0,88" ten="305,360,40,295" oya="3" hai0="31,50,80,106,58,105,76,67,57,1,17,98,65" hai1="126,8,35,104,7,108,48,22,18,3,131,24,30" hai2="33,110,120,45,39,26,122,79,77,61,127,109,55" hai3="53,99,118,20,52,32,103,119,14,38,54,21,43"/><W101/><G32/><T71/><D1/><U91/><E108/><V28/><F61/><W12/><G43/><T37/><D37/><U59/><E131/><V94/><F127/><W135/><G99/><T86/><D71/><U16/><E104/><V42/><F55/><W81/><G81/><T62/><D31/><U75/><E75/><V70/><F79/><W111/><G135/><T47/><D58/><U36/><E36/><V78/><F77/><W29/><G38/><T124/><D124/><U107/><E107/><V95/><F70/><W82/><G82/><T34/><D34/><U19/><E126/><V102/><F102/><N who="3" m="38923" /><G29/><T87/><D87/><U116/><E116/><N who="3" m="44586" /><G111/><T134/><D134/><U27/><E91/><V40/><F78/><W44/><G44/><T114/><D98/><U5/><E5/><V125/><F125/><W68/><G68/><T66/><D105/><U121/><E121/><V11/><F11/><W9/><G9/><T63/><D106/><U100/><E100/><V96/><F96/><W72/><G72/><T129/><D80/><U83/><E83/><V128/><F128/><W90/><G90/><T6/><D76/><U41/><E59/><V64/><F64/><W15/><AGARI ba="0,0" hai="12,14,15,20,21,52,53,54" m="44586,38923" machi="15" ten="40,7800,0" yaku="28,2,54,1" doraHai="88" who="3" fromWho="3" sc="305,-26,360,-26,40,-26,295,78" owari="279,-12.1,334,13.4,14,-48.6,373,47.3" /></mjloggm>