<mjloggm ver="2.3"><GO type="169" lobby="0"/><UN n0="%E3%81%BD%E3%81%A3%E3%81%91%E3%81%95%E3%82%93" n1="%E6%81%8B%E3%81%AE%E3%81%86%E3%81%9F" n2="%E8%B5%A4%E6%AF%9B%E3%81%AE%E3%82%AD%E3%83%A7%E3%83%B3" n3="%E6%84%9B%E3%81%AF%E6%AD%A3%E7%BE%A9" dan="17,17,18,16" rate="2169.36,2265.66,2298.09,2065.79" sx="M,M,M,F"/><TAIKYOKU oya="0"/><INIT seed="0,0,0,0,0,21" ten="250,250,250,250" oya="0" hai0="52,99,11,93,53,39,130,119,2,10,59,95,115" hai1="28,97,35,111,33,124,118,36,48,13,6,50,41" hai2="54,85,110,43,128,44,65,134,5,62,32,23,12" hai3="129,25,74,79,112,4,108,91,75,84,66,78,131"/><T20/><D115/><U92/><E118/><V40/><F32/><W47/><G4/><T121/><D121/><U14/><E111/><V18/><F110/><W55/><G108/><T104/><D119/><U45/><E124/><V98/><F128/><N who="3" m="49227" /><G66/><T70/><D70/><U127/><E127/><V9/><F134/><W34/><G47/><T113/><D104/><U37/><E6/><V83/><F98/><W80/><G55/><T101/><D39/><U26/><E35/><V49/><F62/><W1/><G1/><T17/><D113/><U123/><E123/><V0/><REACH who="2" step="1"/><F65/><REACH who="2" ten="250,250,240,250" step="2"/><W63/><G63/><N who="0" m="36327" /><D130/><U132/><E132/><V90/><AGARI ba="0,1" hai="0,5,9,12,18,23,40,43,44,49,54,83,85,90" machi="90" ten="20,2700,0" yaku="1,1,0,1,7,1,53,0" doraHai="21" doraHaiUra="135" who="2" fromWho="2" sc="250,-13,250,-7,240,37,250,-7" /><INIT seed="1,0,0,3,3,109" ten="237,243,277,243" oya="1" hai0="44,92,114,130,107,124,99,43,63,82,98,2,71" hai1="5,47,128,49,116,53,86,79,69,105,125,119,12" hai2="126,134,90,129,122,14,77,131,108,68,42,104,127" hai3="120,123,4,3,36,25,78,58,40,85,41,66,115"/><U55/><E105/><V45/><F68/><W96/><G25/><T8/><D92/><U75/><E75/><V106/><F122/><W7/><G96/><T30/><D30/><U24/><E69/><V19/><F108/><W59/><G85/><T54/><D124/><N who="2" m="47658" /><F77/><W15/><G15/><T16/><D130/><N who="2" m="49674" /><F90/><W61/><G78/><T37/><D107/><U35/><E128/><V1/><F1/><W26/><G26/><T117/><D117/><U94/><E125/><V31/><F31/><W81/><G3/><T87/><D2/><U38/><E116/><V62/><F62/><W60/><G36/><T84/><D71/><U46/><E38/><N who="2" m="21719" /><F134/><W13/><G13/><T22/><D63/><U73/><E119/><V111/><F111/><W56/><G56/><T74/><D74/><U133/><E133/><V102/><F102/><W65/><REACH who="3" step="1"/><G81/><REACH who="3" ten="237,243,277,233" step="2"/><T80/><D80/><U23/><E79/><V50/><F50/><W83/><G83/><T67/><D82/><U6/><E73/><V48/><F48/><W118/><G118/><T33/><D37/><U76/><E76/><V93/><F93/><W51/><G51/><T113/><D84/><U32/><E86/><V89/><F89/><W91/><G91/><T57/><D87/><U112/><E49/><V0/><F0/><W88/><G88/><T9/><D98/><U132/><E94/><V17/><F17/><W39/><G39/><T29/><D99/><U101/><E132/><V28/><F28/><W100/><G100/><T21/><D29/><U64/><E101/><V20/><AGARI ba="0,1" hai="14,19,20,104,106" m="21719,49674,47658" machi="20" ten="30,2000,0" yaku="18,1,19,1" doraHai="109" who="2" fromWho="2" sc="237,-5,243,-10,277,30,233,-5" /><INIT seed="2,0,0,3,5,57" ten="232,233,307,228" oya="2" hai0="129,123,13,128,73,41,30,50,15,114,23,74,42" hai1="104,79,72,16,113,55,65,103,1,67,21,46,68" hai2="81,14,64,126,49,102,82,6,127,33,45,12,60" hai3="94,106,24,34,29,90,78,44,71,92,87,69,131"/><V11/><F33/><W88/><G106/><T47/><D123/><U116/><E1/><V132/><F132/><W93/><G131/><N who="0" m="50251" /><D42/><U101/><E113/><V36/><F36/><W117/><G117/><T83/><D114/><U9/><E116/><V77/><F102/><W75/><G75/><N who="0" m="28683" /><D83/><U8/><E72/><V62/><F14/><W84/><G44/><T27/><AGARI ba="0,0" hai="13,15,23,27,30,41,47,50" m="28683,50251" machi="27" ten="40,1500,0" yaku="19,1" doraHai="57" who="0" fromWho="0" sc="232,15,233,-4,307,-7,228,-4" /><INIT seed="3,0,0,1,4,42" ten="247,229,300,224" oya="3" hai0="66,59,86,95,56,76,121,10,83,101,78,55,34" hai1="128,37,118,87,111,131,71,20,50,19,36,90,23" hai2="73,40,72,53,52,14,32,27,115,114,102,61,3" hai3="48,77,100,13,29,60,80,9,75,49,67,122,1"/><W8/><G122/><T79/><D34/><U26/><E71/><V25/><F3/><W123/><G123/><T124/><D121/><U41/><E111/><V12/><F40/><W45/><G29/><T99/><D124/><U16/><E118/><V104/><F102/><W65/><G100/><T35/><D35/><U47/><E128/><V21/><F32/><W88/><G49/><T89/><D66/><U84/><E131/><V6/><F6/><W107/><G107/><T81/><D10/><U120/><E120/><V31/><F21/><W92/><G1/><T133/><D133/><U135/><E135/><V85/><F85/><W94/><G94/><T126/><D126/><U18/><E87/><V64/><F64/><W57/><G13/><T63/><REACH who="0" step="1"/><D59/><REACH who="0" ten="237,229,300,224" step="2"/><U109/><E109/><V51/><F115/><W74/><G65/><T106/><AGARI ba="0,1" hai="55,56,63,76,78,79,81,83,86,89,95,99,101,106" machi="106" ten="30,4000,0" yaku="1,1,2,1,0,1,53,0" doraHai="42" doraHaiUra="24" who="0" fromWho="0" sc="237,50,229,-10,300,-10,224,-20" /><INIT seed="4,0,0,0,3,115" ten="287,219,290,204" oya="0" hai0="35,7,13,54,105,19,132,91,62,6,5,117,2" hai1="73,97,125,98,40,81,103,28,135,127,63,86,76" hai2="71,106,59,107,1,87,31,15,82,57,93,89,32" hai3="70,75,51,9,77,52,129,4,124,131,64,67,43"/><T42/><D105/><U41/><E28/><V0/><F71/><W50/><G77/><T11/><D42/><U100/><E63/><V34/><F31/><W104/><G75/><T95/><D35/><U18/><E18/><V122/><F122/><W120/><G120/><T69/><D132/><U80/><E40/><V79/><F15/><W99/><G124/><N who="1" m="47690" /><E41/><V53/><F107/><W3/><G43/><T8/><D117/><U112/><E112/><V24/><F106/><W27/><G27/><T22/><D69/><U58/><E58/><V113/><F113/><W61/><G67/><T128/><D128/><N who="3" m="49225" /><G52/><T10/><D2/><U84/><E135/><V26/><F59/><W47/><G47/><T23/><D62/><U60/><E60/><V21/><F34/><W17/><G17/><T72/><D54/><U48/><E48/><V108/><F32/><W29/><G29/><T55/><D55/><U66/><E66/><V109/><F0/><W37/><G37/><T20/><D72/><U118/><E118/><V16/><F26/><W88/><G104/><T49/><D49/><U114/><E114/><V38/><F1/><W85/><G99/><AGARI ba="0,0" hai="5,6,7,8,10,11,13,19,20,22,23,91,95,99" machi="99" ten="40,2000,0" yaku="8,1" doraHai="115" who="0" fromWho="3" sc="287,20,219,0,290,0,204,-20" /><INIT seed="4,1,0,2,3,89" ten="307,219,290,184" oya="0" hai0="53,63,128,123,74,82,2,36,56,10,11,132,114" hai1="54,100,106,47,95,126,40,130,46,102,73,62,68" hai2="12,24,4,55,37,117,110,105,92,48,44,111,1" hai3="59,93,109,29,121,120,115,119,18,75,51,133,124"/><T67/><D123/><U79/><E106/><V70/><F105/><W9/><G29/><T90/><D36/><U49/><E130/><V3/><F70/><W88/><G75/><T87/><D128/><U81/><E126/><V23/><F117/><W97/><G119/><T28/><D132/><U108/><E108/><V22/><F37/><W61/><G109/><T41/><D41/><U66/><REACH who="1" step="1"/><E95/><REACH who="1" ten="307,209,290,184" step="2"/><V69/><F110/><W80/><G133/><T7/><D114/><U107/><E107/><V134/><F111/><W112/><G124/><T8/><D28/><U39/><AGARI ba="1,1" hai="39,40,46,47,49,54,62,66,68,73,79,81,100,102" machi="39" ten="20,2700,0" yaku="1,1,0,1,7,1,53,0" doraHai="89" doraHaiUra="131" who="1" fromWho="1" sc="307,-14,209,40,290,-8,184,-8" /><INIT seed="5,0,0,3,5,39" ten="293,249,282,176" oya="1" hai0="20,3,133,84,103,107,127,8,26,11,87,113,115" hai1="135,17,16,116,68,101,78,83,6,52,102,43,117" hai2="24,66,96,60,70,134,51,80,77,69,33,54,130" hai3="128,22,106,67,1,122,89,98,65,108,129,75,37"/><U38/><E68/><V97/><F70/><W35/><G108/><T81/><D127/><U109/><E109/><V28/><F130/><W12/><G1/><T4/><D133/><U126/><E6/><V29/><F29/><W25/><G122/><T47/><D11/><U73/><E126/><V93/><F93/><W100/><G75/><T120/><D120/><U124/><E124/><V79/><F79/><W0/><G0/><T53/><D103/><U90/><E90/><V27/><F27/><W131/><G35/><T31/><D107/><U123/><E123/><V49/><F49/><W71/><G12/><T32/><D32/><U15/><E135/><V2/><F2/><W21/><G21/><T36/><D53/><U40/><E38/><V99/><F134/><W34/><G34/><T125/><D125/><U63/><E17/><V45/><REACH who="2" step="1"/><F99/><REACH who="2" ten="293,249,272,176" step="2"/><W114/><G114/><N who="0" m="43531" /><D81/><U104/><E83/><V46/><F46/><W111/><G111/><T9/><D47/><U13/><E104/><V82/><F82/><W132/><G132/><T56/><D36/><U62/><E78/><V58/><F58/><W61/><G37/><T30/><D56/><U105/><E105/><V10/><F10/><W88/><REACH who="3" step="1"/><G67/><REACH who="3" ten="293,249,272,166" step="2"/><T121/><D121/><U110/><E110/><V112/><F112/><W41/><G41/><T85/><D8/><U42/><E42/><V55/><F55/><W118/><G118/><T72/><D72/><AGARI ba="0,2" hai="24,28,33,45,51,54,60,66,69,72,77,80,96,97" machi="72" ten="30,2000,0" yaku="1,1,7,1,53,0" doraHai="39" doraHaiUra="19" who="2" fromWho="0" sc="293,-20,249,0,272,40,166,0" /><INIT seed="6,0,0,3,2,41" ten="273,249,312,166" oya="2" hai0="37,120,20,116,76,84,101,130,115,51,25,107,102" hai1="21,31,35,132,63,91,96,19,88,15,4,98,117" hai2="78,24,87,45,106,124,28,121,60,119,99,18,27" hai3="129,61,81,30,97,118,109,32,79,93,134,38,85"/><V47/><F119/><W34/><G109/><T92/><D120/><U14/><E117/><V69/><F121/><W6/><G118/><T110/><D37/><U46/><E132/><V56/><F69/><W111/><G111/><T66/><D110/><U22/><E35/><V123/><F123/><W16/><G134/><T53/><D116/><U49/><E63/><V95/><F124/><W12/><G129/><T126/><D107/><U90/><E4/><V89/><F18/><W44/><G6/><T113/><D66/><U9/><E15/><V23/><F24/><W72/><G61/><T83/><D130/><U71/><E71/><V54/><F106/><W65/><G65/><T133/><D126/><U64/><E64/><V17/><F28/><W33/><G72/><T40/><D40/><N who="1" m="24775" /><E21/><V80/><AGARI ba="0,0" hai="17,23,27,45,47,54,56,60,78,80,87,89,95,99" machi="80" ten="30,18000,2" yaku="0,1,25,2,8,1,52,2" doraHai="41" who="2" fromWho="2" sc="273,-60,249,-60,312,180,166,-60" /><INIT seed="6,1,0,4,4,37" ten="213,189,492,106" oya="2" hai0="39,135,47,131,76,117,116,25,43,77,103,2,61" hai1="119,88,101,107,113,127,58,1,23,74,80,90,130" hai2="64,109,46,128,134,52,95,41,9,132,84,53,22" hai3="3,42,60,31,5,129,99,27,56,111,124,81,45"/><V72/><F72/><W98/><G111/><T16/><D2/><U125/><E1/><V63/><F109/><W51/><G129/><T96/><D131/><U14/><E130/><V73/><F73/><W40/><G124/><N who="1" m="47690" /><E58/><V94/><F128/><W123/><G123/><T36/><D36/><U133/><E23/><V114/><F9/><W10/><G81/><T35/><D61/><U69/><E69/><N who="2" m="42143" /><F22/><W18/><G18/><T24/><D135/><N who="2" m="51754" /><F114/><W11/><G11/><T26/><D35/><U15/><E133/><V79/><F79/><W122/><G122/><T112/><D112/><U66/><E113/><V75/><F75/><W33/><REACH who="3" step="1"/><G40/><REACH who="3" ten="213,189,492,96" step="2"/><T17/><D77/><U62/><E80/><V49/><F84/><W28/><G28/><T91/><D76/><U85/><E74/><V92/><AGARI ba="1,1" hai="41,46,49,52,53,92,94,95" m="51754,42143" machi="92" ten="30,6000,0" yaku="20,1,52,1,54,1" doraHai="37" who="2" fromWho="2" sc="213,-21,189,-21,492,73,96,-21" /><INIT seed="6,2,0,0,3,86" ten="192,168,565,75" oya="2" hai0="131,48,84,99,24,10,9,115,133,43,18,34,8" hai1="88,50,74,3,78,87,4,126,98,132,64,63,20" hai2="121,130,31,60,91,67,12,116,28,94,129,117,56" hai3="119,85,38,0,35,69,122,109,79,41,6,81,68"/><V26/><F121/><W2/><G109/><T22/><D34/><U118/><E118/><V13/><F116/><W90/><G119/><T44/><D115/><U113/><E113/><V93/><F117/><W89/><G122/><T25/><D133/><U125/><E132/><V40/><F40/><W101/><G101/><T32/><D131/><N who="2" m="50186" /><F94/><W21/><G35/><T92/><D32/><U47/><E74/><V82/><F82/><W51/><G38/><T75/><D75/><U123/><E123/><V14/><F26/><W102/><G102/><N who="0" m="60775" /><D84/><AGARI ba="2,0" hai="12,13,14,28,31,56,60,67,84,91,93" m="50186" machi="84" ten="30,2900,0" yaku="19,1,52,1" doraHai="86" who="2" fromWho="0" sc="192,-35,168,0,565,35,75,0" /><INIT seed="6,3,0,1,1,125" ten="157,168,600,75" oya="2" hai0="37,120,70,8,10,14,112,26,0,91,134,36,114" hai1="28,117,31,86,113,93,23,89,100,41,119,130,2" hai2="88,92,55,20,85,122,53,12,7,50,118,11,52" hai3="39,48,79,74,106,67,46,42,6,57,38,129,124"/><V97/><F118/><W29/><G106/><T61/><D120/><U80/><E2/><V21/><F122/><W17/><G124/><T82/><D134/><U22/><E113/><N who="0" m="43625" /><D0/><U105/><E41/><V75/><F75/><W109/><G109/><T94/><D82/><U30/><E105/><V25/><F20/><N who="1" m="7721" /><E117/><V77/><F77/><W131/><G29/><T44/><D26/><U133/><E130/><N who="3" m="49674" /><G6/><N who="0" m="3351" /><D44/><U104/><E104/><V95/><F95/><W126/><G126/><T56/><D10/><U90/><E133/><V40/><F40/><W128/><N who="3" m="49682" /><W24/><DORA hai="69" /><G79/><T135/><D70/><U54/><E119/><V76/><F76/><W32/><G74/><T51/><D51/><U132/><E132/><V111/><F111/><W66/><G17/><T64/><D135/><U5/><E5/><V1/><F1/><W99/><G99/><AGARI ba="3,0" hai="36,37,56,61,64,91,94,99" m="3351,43625" machi="99" ten="30,3900,0" yaku="15,1,52,2" doraHai="125,69" who="0" fromWho="3" sc="157,48,168,0,600,0,75,-48" /><INIT seed="7,0,0,4,4,129" ten="205,168,600,27" oya="3" hai0="10,86,110,0,95,60,46,34,69,45,67,41,39" hai1="36,74,72,108,33,123,83,78,31,40,117,50,132" hai2="9,116,134,11,19,71,135,112,58,124,37,30,91" hai3="28,63,47,49,85,32,120,42,38,5,68,121,84"/><W3/><G121/><T18/><D34/><U126/><E50/><V81/><F71/><W125/><G125/><T113/><D110/><U75/><E108/><V17/><F116/><W77/><G120/><T1/><D113/><U92/><E123/><V90/><F37/><W103/><G103/><T80/><D95/><U122/><E122/><V105/><F105/><W99/><G99/><T119/><D119/><U4/><E117/><V56/><F30/><W61/><G38/><T96/><D96/><U57/><E57/><V8/><F8/><W114/><G114/><T64/><D64/><U55/><E55/><V62/><F112/><W51/><G51/><T118/><D46/><N who="1" m="23815" /><E92/><V101/><F81/><W97/><G97/><T23/><D10/><U2/><E132/><V106/><F106/><W15/><G3/><T94/><D94/><U13/><E13/><V104/><F104/><W29/><G68/><T27/><D118/><U22/><E22/><V73/><F124/><W16/><G5/><T14/><D14/><U6/><E6/><V12/><F12/><W102/><G102/><T54/><D54/><U66/><E66/><V52/><F101/><W111/><G111/><T24/><D24/><N who="1" m="18663" /><E126/><V48/><F73/><W70/><G70/><T98/><D98/><U128/><E128/><V59/><F62/><N who="3" m="23563" /><G32/><T100/><D100/><U20/><E20/><V79/><F48/><W115/><G115/><T43/><D43/><U76/><E76/><AGARI ba="0,0" hai="0,1,18,23,27,39,41,45,60,67,69,76,80,86" machi="76" ten="30,1000,0" yaku="7,1" doraHai="129" who="0" fromWho="1" sc="205,10,168,-10,600,0,27,0" owari="215,1.5,158,-24.2,600,70.0,27,-47.3" /></mjloggm>