<mjloggm ver="2.3"><GO type="169" lobby="0"/><UN n0="%E4%B9%9D%E7%B4%8B%E9%BE%8D%E5%8F%B2%E9%80%B2" n1="%E3%81%97%E3%82%82%E3%82%93%E3%81%AC" n2="%68%69%73%61%74%6F%E6%A3%92" n3="%42%42%E3%81%A7%E3%81%99%E3%80%82" dan="19,16,16,17" rate="2292.38,2158.49,2120.06,2174.96" sx="M,M,M,M"/><TAIKYOKU oya="0"/><INIT seed="0,0,0,5,1,130" ten="250,250,250,250" oya="0" hai0="118,90,94,124,49,80,46,85,92,59,131,78,11" hai1="86,122,103,37,97,100,127,95,96,17,12,25,28" hai2="50,111,34,87,99,1,43,48,106,126,66,133,83" hai3="52,116,60,91,65,82,16,63,72,41,14,73,128"/><T88/><D118/><U75/><E75/><V98/><F1/><W32/><G32/><T58/><D131/><U5/><E127/><V23/><F111/><W129/><G116/><T134/><D124/><U121/><E37/><V69/><F23/><W61/><G128/><T101/><D101/><U24/><E5/><V105/><F34/><W29/><G29/><T0/><D134/><U89/><E28/><V36/><F36/><W62/><G41/><T31/><D31/><U19/><E86/><V68/><F43/><W84/><G129/><T102/><D102/><U38/><E38/><V114/><F87/><W56/><REACH who="3" step="1"/><G65/><REACH who="3" ten="250,250,250,240" step="2"/><T35/><D35/><U21/><E121/><V4/><F66/><W54/><G54/><T135/><D135/><U26/><E122/><V27/><F133/><W6/><G6/><T79/><D0/><U125/><E125/><V117/><F4/><W93/><G93/><T77/><D11/><AGARI ba="0,1" hai="11,14,16,52,56,60,61,62,63,72,73,82,84,91" machi="11" ten="40,5200,0" yaku="1,1,54,2,53,0" doraHai="130" doraHaiUra="67" who="3" fromWho="0" sc="250,-52,250,0,250,0,240,62" /><INIT seed="1,0,0,4,4,111" ten="198,250,250,302" oya="1" hai0="104,49,39,135,118,121,57,31,6,134,70,72,62" hai1="103,37,81,132,61,112,91,7,100,97,13,114,36" hai2="125,130,67,110,109,64,48,60,53,19,73,9,63" hai3="27,107,128,93,5,34,23,11,106,69,2,99,3"/><U35/><E35/><V4/><F73/><W116/><G69/><T108/><D31/><U24/><E24/><V20/><F130/><W10/><G34/><T123/><D6/><U95/><E132/><N who="0" m="50729" /><D104/><U46/><E61/><V89/><F89/><W74/><G74/><T16/><D72/><U58/><E58/><V129/><F129/><W52/><G128/><T82/><D82/><U119/><E119/><V84/><F84/><W68/><G68/><T12/><D39/><U65/><E65/><V96/><F96/><W71/><G11/><N who="0" m="6175" /><D108/><N who="2" m="41578" /><F125/><W44/><G71/><T56/><D118/><U33/><E33/><V30/><F30/><W41/><G2/><T115/><D115/><U28/><E28/><V18/><F18/><W113/><G113/><T21/><D21/><U78/><E36/><V131/><F64/><W45/><G116/><T75/><D75/><U87/><E100/><V126/><F67/><W42/><G106/><T102/><D102/><U90/><E103/><V94/><F94/><W127/><G107/><T1/><D1/><U59/><E59/><N who="0" m="22601" /><D49/><U40/><REACH who="1" step="1"/><E91/><REACH who="1" ten="198,240,250,302" step="2"/><V92/><F131/><W26/><G127/><T14/><D70/><U80/><E80/><V32/><F126/><W47/><G27/><T122/><D62/><U54/><E54/><V8/><F32/><W86/><G52/><T83/><D83/><U66/><E66/><V124/><F124/><W38/><G26/><T88/><D88/><U77/><E77/><V105/><F60/><W117/><G117/><T85/><D123/><U76/><E76/><V98/><F63/><W50/><G38/><RYUUKYOKU ba="0,1" sc="198,-10,240,30,250,-10,302,-10" hai1="7,13,37,40,46,78,81,87,90,95,97,112,114" /><INIT seed="1,1,1,2,4,28" ten="188,270,240,292" oya="1" hai0="109,36,53,62,110,66,59,100,126,121,10,68,81" hai1="116,114,4,80,97,70,75,38,37,21,129,35,84" hai2="120,134,25,18,27,83,46,76,93,86,22,113,48" hai3="23,45,40,69,88,29,72,127,47,67,44,96,133"/><U90/><E114/><V49/><F120/><W102/><G72/><T7/><D121/><U115/><E115/><V50/><F134/><W3/><G3/><T78/><D100/><U135/><E116/><V82/><F82/><W5/><G133/><T34/><D36/><U111/><E135/><V55/><F113/><W132/><G132/><T15/><D126/><U98/><E129/><V89/><REACH who="2" step="1"/><F27/><REACH who="2" ten="188,270,230,292" step="2"/><W33/><G127/><T52/><D34/><U122/><E35/><V119/><F119/><W131/><G33/><T73/><REACH who="0" step="1"/><D68/><REACH who="0" ten="178,270,230,292" step="2"/><U9/><E70/><V130/><F130/><W57/><G69/><T79/><D79/><U17/><E122/><V41/><F41/><W19/><G131/><T61/><D61/><U87/><E37/><V117/><F117/><W101/><G40/><T39/><D39/><U74/><E38/><V107/><F107/><W77/><G77/><T60/><D60/><U51/><E51/><V56/><F56/><W0/><G57/><T99/><D99/><AGARI ba="1,3" hai="18,22,25,46,48,49,50,55,76,83,86,89,93,99" machi="99" ten="30,7700,0" yaku="1,1,7,1,8,1,53,1" doraHai="28" doraHaiUra="16" who="2" fromWho="0" sc="178,-80,270,0,230,110,292,0" /><INIT seed="2,0,0,5,2,10" ten="98,270,340,292" oya="2" hai0="126,29,133,69,92,30,32,41,24,37,62,124,14" hai1="128,88,23,109,46,70,134,60,131,72,59,121,87" hai2="66,78,42,115,8,20,16,47,22,94,26,93,11" hai3="75,49,18,122,63,79,65,135,85,36,27,117,2"/><V91/><F78/><W6/><G36/><T40/><D133/><U25/><E72/><V34/><F34/><W39/><G39/><T73/><D73/><U80/><E134/><V99/><F66/><W104/><G104/><T43/><D37/><U120/><E46/><V68/><F68/><W53/><G75/><T76/><D76/><U0/><E0/><V81/><F81/><W12/><G135/><T58/><D69/><U64/><E70/><V61/><F61/><W4/><G2/><T108/><D108/><U118/><E109/><V13/><F93/><W9/><G117/><T132/><D30/><U48/><E48/><N who="2" m="26743" /><F115/><W103/><G103/><T35/><D35/><U15/><E118/><V3/><F3/><W127/><G122/><N who="1" m="47210" /><E15/><V114/><F114/><W125/><G27/><T129/><D132/><U96/><E96/><V119/><F119/><W112/><G112/><T1/><D1/><U7/><E7/><V84/><F99/><W57/><G127/><T19/><D129/><U95/><E95/><V116/><F116/><W71/><G125/><T67/><REACH who="0" step="1"/><D92/><REACH who="0" ten="88,270,340,292" step="2"/><U102/><E102/><V97/><F97/><W44/><G71/><T31/><D31/><AGARI ba="0,1" hai="23,25,31,59,60,64,80,87,88,128,131" m="47210" machi="31" ten="30,2000,0" yaku="13,1,54,1" doraHai="10" who="1" fromWho="0" sc="88,-20,270,30,340,0,292,0" /><AGARI ba="0,0" hai="8,11,13,16,20,22,26,31,84,91,94" m="26743" machi="31" ten="30,5800,0" yaku="8,1,52,1,54,1" doraHai="10" who="2" fromWho="0" sc="68,-58,300,0,340,58,292,0" /><INIT seed="2,1,0,0,1,47" ten="10,300,398,292" oya="2" hai0="17,134,105,44,29,50,128,6,37,95,135,43,72" hai1="84,66,98,94,5,11,24,58,28,56,35,12,100" hai2="120,104,106,1,48,123,132,71,63,127,55,119,133" hai3="62,52,129,39,7,90,25,18,26,34,126,65,45"/><V19/><F1/><W14/><G129/><T76/><D105/><U4/><E66/><N who="2" m="41439" /><F19/><W9/><G126/><T124/><D124/><U64/><E64/><V21/><F21/><W70/><G34/><T97/><D128/><U117/><E117/><V78/><F78/><W103/><G103/><T61/><D29/><U107/><E107/><N who="2" m="41003" /><F127/><W92/><G18/><T38/><D6/><U54/><E84/><V41/><F41/><W130/><G130/><T3/><D3/><U75/><E75/><V85/><F85/><W108/><G108/><T115/><D115/><U51/><REACH who="1" step="1"/><E4/><REACH who="1" ten="10,290,398,292" step="2"/><V31/><F119/><W16/><G7/><T69/><D69/><U116/><E116/><V46/><F31/><W79/><G79/><T112/><D112/><U77/><E77/><V118/><F118/><W49/><REACH who="3" step="1"/><G39/><REACH who="3" ten="10,290,398,282" step="2"/><T74/><D38/><U99/><E99/><AGARI ba="1,2" hai="9,14,16,25,26,45,49,52,62,65,70,90,92,99" machi="99" ten="30,12000,2" yaku="1,1,2,1,7,1,52,1,54,2,53,0" doraHai="47" doraHaiUra="68" who="3" fromWho="1" sc="10,0,290,-123,398,0,282,143" /><INIT seed="3,0,0,5,0,110" ten="10,167,398,425" oya="3" hai0="131,72,98,29,39,45,77,118,31,87,71,49,65" hai1="112,74,37,46,68,76,34,100,15,60,91,21,106" hai2="96,80,19,42,43,135,99,14,13,10,18,61,82" hai3="89,3,56,75,8,129,48,67,24,115,120,20,73"/><W69/><G120/><T97/><D118/><U123/><E34/><V32/><F32/><W0/><G115/><T66/><D72/><U114/><E123/><V70/><F70/><W128/><G69/><T92/><D39/><U25/><E15/><V78/><F61/><N who="3" m="38311" /><G89/><T133/><D131/><N who="3" m="50249" /><G48/><T104/><D133/><U125/><E91/><V9/><REACH who="2" step="1"/><F78/><REACH who="2" ten="10,167,388,425" step="2"/><W126/><G126/><T62/><D66/><U16/><E125/><V57/><F57/><W90/><G90/><T121/><D121/><U26/><E76/><V17/><F17/><N who="3" m="12303" /><G0/><T35/><D35/><U127/><E127/><V51/><F51/><W23/><G23/><T40/><D77/><U130/><E68/><V116/><F116/><W58/><G58/><T53/><D71/><U47/><E130/><V59/><F59/><W44/><G44/><T22/><D65/><U132/><E46/><V64/><F64/><W93/><G93/><T54/><D62/><U5/><E47/><V30/><F30/><N who="0" m="11274" /><D22/><U84/><E21/><V88/><F88/><W63/><G63/><T83/><D92/><U50/><E60/><V2/><F2/><W52/><G52/><N who="0" m="20075" /><D104/><U107/><E106/><V108/><F108/><W28/><G28/><T4/><D4/><AGARI ba="0,1" hai="3,4,8,73,75" m="12303,50249,38311" machi="4" ten="30,1500,0" yaku="19,1" doraHai="110" who="3" fromWho="0" sc="10,-15,167,0,388,0,425,25" owari="-5,-50.5,167,-23.3,388,18.8,450,55.0" /></mjloggm>