<mjloggm ver="2.3"><GO type="169" lobby="0"/><UN n0="%E3%81%BE%E3%81%A8%E3%81%9F" n1="%2D%E8%B1%8A%E5%8F%A3%E3%82%81%E3%81%90%E3%81%BF%2D" n2="%74%73%75%6B%69%31" n3="%E8%A1%A8%E7%A4%BA%E4%BE%A1%E6%A0%BC%E3%82%88%E3%82%8A%E5%8D%8A%E9%A1%8D" dan="16,17,16,16" rate="2095.27,2173.27,2182.33,2101.56" sx="M,F,M,M"/><TAIKYOKU oya="0"/><INIT seed="0,0,0,1,2,72" ten="250,250,250,250" oya="0" hai0="95,27,61,39,125,5,31,80,59,63,7,66,85" hai1="128,68,108,25,52,30,26,111,53,8,2,60,79" hai2="110,13,130,114,132,102,15,22,19,121,64,0,99" hai3="90,122,9,34,83,87,38,129,113,44,57,6,116"/><T29/><D125/><U16/><E128/><V77/><F0/><W115/><G129/><T78/><D39/><U103/><E103/><V86/><F130/><W70/><G116/><T105/><D105/><U49/><E2/><V14/><F114/><W1/><G122/><T24/><D95/><U134/><E134/><V94/><F121/><W65/><G70/><T75/><D75/><U69/><E79/><V47/><F110/><N who="1" m="42025" /><E53/><V41/><F64/><W106/><G34/><T109/><D109/><U3/><E3/><V131/><F131/><W18/><G106/><T98/><D98/><U62/><E62/><V58/><F58/><W100/><G100/><T81/><D81/><U51/><E51/><V101/><F101/><W104/><G104/><T127/><D127/><U126/><E126/><V21/><F21/><W73/><G73/><T46/><D46/><N who="1" m="27703" /><E60/><V56/><F56/><W50/><G57/><T12/><D63/><U48/><E48/><N who="2" m="26735" /><F132/><W112/><G65/><T23/><REACH who="0" step="1"/><D12/><REACH who="0" ten="240,250,250,250" step="2"/><N who="1" m="7175" /><E25/><V76/><F86/><W71/><G113/><T45/><D45/><U117/><E117/><V37/><F37/><W124/><G124/><T88/><D88/><U120/><E120/><V123/><F123/><W17/><G38/><T54/><D54/><U10/><E26/><AGARI ba="0,1" hai="13,14,15,19,22,26,76,77,94,99,102" m="26735" machi="26" ten="30,3900,0" yaku="8,1,52,2" doraHai="72" who="2" fromWho="1" sc="240,0,250,-39,250,49,250,0" /><INIT seed="1,0,0,0,2,105" ten="240,211,299,250" oya="1" hai0="118,123,131,120,23,29,45,9,129,66,97,11,80" hai1="17,48,119,82,103,6,69,67,26,5,135,36,14" hai2="42,124,20,57,79,75,115,91,130,59,104,27,58" hai3="65,8,110,77,53,125,0,106,2,133,113,90,47"/><U10/><E36/><V76/><F104/><W134/><G106/><T84/><D97/><U28/><E119/><V95/><F130/><N who="0" m="49674" /><D66/><U109/><E135/><N who="3" m="51722" /><G113/><T121/><D84/><U73/><E103/><V39/><F115/><W93/><G125/><T98/><D80/><U89/><E109/><V94/><F94/><W63/><G77/><T15/><D45/><U102/><E102/><V19/><F124/><W83/><G83/><T32/><D98/><U70/><E48/><V88/><F91/><W107/><G107/><T87/><D87/><U52/><E52/><V34/><F34/><W22/><G110/><T108/><D108/><U128/><E128/><V122/><F122/><W44/><G53/><T55/><D55/><U81/><E81/><V71/><F71/><W117/><G117/><T46/><D46/><U99/><E99/><V132/><F132/><W7/><G44/><T33/><D118/><U1/><E67/><V101/><F101/><W30/><G47/><T16/><D33/><U56/><E56/><V50/><F39/><W40/><G40/><T85/><D85/><U62/><E62/><V96/><F42/><W74/><G74/><T126/><D126/><U51/><E51/><V38/><F38/><W78/><G78/><N who="2" m="29737" /><F75/><W111/><G111/><T61/><D61/><U25/><E73/><V31/><F50/><W92/><G90/><T3/><D3/><N who="1" m="351" /><E89/><V64/><F64/><W116/><G0/><T60/><D60/><U49/><E49/><V4/><F4/><W12/><G116/><T114/><D114/><U21/><E82/><V37/><F37/><RYUUKYOKU ba="0,0" sc="240,15,211,-15,299,15,250,-15" hai0="9,11,15,16,23,29,32,120,121,123" hai2="19,20,27,31,57,58,59,88,95,96" /><INIT seed="2,1,0,2,5,10" ten="255,196,314,235" oya="2" hai0="4,84,109,17,114,85,2,71,108,69,41,54,103" hai1="89,118,78,72,44,43,116,45,35,100,19,59,97" hai2="93,40,31,48,128,98,23,82,124,96,66,123,92" hai3="63,101,37,83,26,25,90,125,62,7,36,115,122"/><V15/><F123/><W30/><G122/><T111/><D114/><U46/><E35/><V104/><F128/><W13/><G115/><T80/><D103/><U129/><E129/><V9/><F124/><W86/><G125/><T105/><D105/><U65/><E43/><V117/><F117/><W16/><G7/><T3/><D41/><U6/><E6/><V27/><F66/><W73/><G73/><T134/><D134/><U38/><E38/><V99/><F104/><W110/><G110/><T55/><D17/><U28/><E28/><V126/><F126/><W95/><G36/><T87/><D80/><U1/><E1/><N who="0" m="9" /><D4/><U56/><E89/><V0/><F0/><W107/><G37/><T75/><D75/><U77/><E72/><V131/><F82/><W39/><G39/><T120/><D120/><U29/><E29/><V53/><F40/><W33/><G26/><T106/><D106/><U130/><E130/><V18/><REACH who="2" step="1"/><F131/><REACH who="2" ten="255,196,304,235" step="2"/><W11/><REACH who="3" step="1"/><G107/><REACH who="3" ten="255,196,304,225" step="2"/><T133/><D133/><U24/><E118/><V50/><F50/><W52/><G52/><AGARI ba="1,2" hai="52,54,55,69,71,84,85,87,108,109,111" m="9" machi="52" ten="40,8000,1" yaku="28,2,14,1,54,1" doraHai="10" who="0" fromWho="3" sc="255,103,196,0,304,0,225,-83" /><INIT seed="3,0,0,3,5,92" ten="358,196,304,142" oya="3" hai0="3,132,61,67,84,31,76,11,51,8,77,39,117" hai1="109,0,126,105,35,99,120,21,114,7,63,89,50" hai2="48,43,26,13,27,36,22,57,45,5,28,60,95" hai3="15,113,44,121,18,93,32,96,14,106,111,40,70"/><W81/><G113/><T20/><D39/><U90/><E35/><V6/><F36/><W10/><G121/><T73/><D73/><U82/><E120/><V34/><F13/><W127/><G127/><T83/><D117/><U17/><E114/><V52/><REACH who="2" step="1"/><F95/><REACH who="2" ten="358,196,294,142" step="2"/><W123/><G123/><T131/><D3/><U86/><E0/><V23/><F23/><W2/><G32/><T133/><D20/><U74/><E21/><V62/><F62/><W68/><G2/><T129/><D61/><U78/><E63/><V110/><F110/><W37/><G111/><T38/><D38/><U30/><E109/><V19/><AGARI ba="0,1" hai="5,6,19,22,26,27,28,34,43,45,48,52,57,60" machi="19" ten="20,5200,0" yaku="1,1,0,1,7,1,54,1,53,0" doraHai="92" doraHaiUra="98" who="2" fromWho="2" sc="358,-13,196,-13,294,62,142,-26" /><INIT seed="4,0,0,5,2,23" ten="345,183,356,116" oya="0" hai0="133,41,73,67,109,96,104,54,2,17,6,128,112" hai1="88,60,28,57,55,103,37,105,80,16,122,71,85" hai2="3,33,31,100,52,114,70,120,132,26,13,68,118" hai3="51,7,36,34,20,81,65,90,119,22,75,10,84"/><T29/><D54/><U91/><E122/><V126/><F120/><W24/><G119/><T74/><D67/><U11/><E37/><V108/><F108/><W92/><G65/><T44/><D17/><U39/><E39/><V46/><F3/><W0/><G36/><T123/><D29/><U134/><E71/><V82/><F118/><W62/><G62/><T113/><D44/><U107/><E134/><V53/><F100/><W8/><G8/><N who="0" m="2135" /><D41/><U5/><E28/><V47/><F132/><W15/><G0/><T27/><D27/><U45/><E45/><V86/><F46/><W66/><G66/><T98/><D98/><U48/><E5/><V131/><F68/><W72/><G51/><T111/><D133/><U93/><E103/><V101/><F101/><W124/><G124/><T110/><D123/><U61/><E107/><V87/><F70/><W42/><G42/><T19/><D19/><U69/><E105/><V78/><F126/><W106/><G106/><T38/><D38/><U125/><E125/><V129/><F87/><W94/><G94/><T49/><D49/><U121/><E69/><V89/><F47/><W43/><G43/><T58/><D58/><U12/><E121/><V83/><F53/><W35/><G92/><T97/><D104/><U9/><E9/><V117/><F52/><W130/><G20/><T127/><D127/><U116/><E116/><V56/><F117/><W79/><G90/><T77/><D109/><U99/><AGARI ba="0,0" hai="11,12,16,48,55,57,60,61,80,85,88,91,93,99" machi="99" ten="20,8000,1" yaku="0,1,7,1,8,1,54,2" doraHai="23" who="1" fromWho="1" sc="345,-40,183,80,356,-20,116,-20" /><INIT seed="5,0,0,1,3,58" ten="305,263,336,96" oya="1" hai0="77,10,33,65,114,127,98,34,13,14,75,90,50" hai1="95,66,6,85,43,69,5,135,73,111,70,129,97" hai2="121,132,23,12,48,60,115,25,126,119,125,29,3" hai3="17,78,18,89,1,105,54,8,38,31,104,130,84"/><U76/><E73/><V62/><F3/><W92/><G130/><T134/><D114/><U94/><E129/><V55/><F121/><W45/><G31/><T49/><D75/><U20/><E135/><V37/><F37/><W100/><G78/><T36/><D36/><U112/><E112/><V30/><F119/><W80/><G105/><T79/><D98/><U96/><E43/><V120/><F120/><W99/><G38/><T57/><D90/><U42/><E42/><V40/><F40/><W68/><G68/><T47/><D57/><U35/><E35/><V26/><F12/><W4/><G104/><T82/><D65/><U93/><E111/><V72/><F72/><W103/><G103/><T102/><D102/><U83/><E20/><V11/><F11/><W108/><G108/><T44/><D10/><U67/><E70/><V86/><F86/><W118/><G118/><T106/><D106/><U117/><E117/><V128/><F128/><W27/><G27/><T109/><D127/><N who="2" m="48650" /><F132/><W24/><REACH who="3" step="1"/><G24/><REACH who="3" ten="305,263,336,86" step="2"/><T41/><D134/><U15/><E69/><V124/><F115/><W81/><G81/><T122/><D82/><U87/><E83/><V113/><F113/><W19/><G19/><T71/><D109/><U53/><E76/><V0/><F124/><W63/><G63/><T56/><D71/><U21/><E95/><V101/><F101/><W22/><G22/><T32/><D122/><U110/><E110/><V28/><F26/><W123/><G123/><T74/><D77/><U59/><E21/><V51/><F23/><W46/><G46/><T107/><D47/><RYUUKYOKU ba="0,1" sc="305,-10,263,-10,336,-10,86,30" hai3="1,4,8,17,18,45,54,80,84,89,92,99,100" /><INIT seed="6,1,1,2,0,0" ten="295,253,326,116" oya="2" hai0="26,97,83,32,12,104,34,72,41,114,102,103,23" hai1="92,117,135,2,17,113,99,10,110,51,25,77,66" hai2="60,93,111,112,126,40,16,38,28,115,109,75,36" hai3="3,7,71,69,90,74,116,64,35,81,4,37,33"/><V55/><F75/><W9/><G116/><T130/><D114/><N who="2" m="43562" /><F28/><W61/><G90/><T84/><D72/><U62/><E110/><N who="2" m="41995" /><F93/><W120/><G7/><T94/><D130/><U123/><E117/><V42/><F16/><W96/><G96/><T27/><D41/><N who="2" m="15978" /><F126/><W79/><G120/><T132/><D26/><U21/><E123/><V108/><F108/><W86/><G86/><T14/><D27/><U30/><E17/><V6/><F6/><W53/><G53/><T57/><D94/><U133/><E25/><V76/><F76/><W29/><G29/><T122/><D122/><U124/><E92/><V118/><F118/><W70/><REACH who="3" step="1"/><G37/><REACH who="3" ten="295,253,326,106" step="2"/><T1/><D97/><U20/><E99/><V5/><F5/><W85/><G85/><T46/><D84/><U128/><E30/><V65/><F55/><W107/><G107/><T15/><D104/><U39/><E113/><V88/><F88/><W101/><G101/><T134/><D102/><U82/><E77/><V68/><AGARI ba="1,2" hai="36,38,60,65,68" m="15978,41995,43562" machi="68" ten="40,12000,1" yaku="15,1,10,1,34,2" doraHai="0" who="2" fromWho="2" sc="295,-41,253,-41,326,143,106,-41" /><INIT seed="6,2,0,3,2,44" ten="254,212,469,65" oya="2" hai0="114,89,74,80,116,106,119,23,20,24,2,8,91" hai1="58,52,86,76,26,31,13,60,101,99,123,79,71" hai2="70,98,78,51,109,126,105,131,68,34,4,77,87" hai3="49,124,46,30,103,134,7,69,85,66,84,50,6"/><V108/><F34/><W27/><G103/><T83/><D2/><U47/><E123/><V3/><F131/><W81/><G46/><T72/><D8/><U110/><E110/><V97/><F87/><W107/><G124/><T73/><D24/><U40/><E71/><V88/><F3/><W117/><G69/><T5/><D5/><U41/><E13/><V59/><F4/><W15/><G15/><T53/><D53/><U90/><E99/><V21/><F21/><W122/><G66/><T64/><D64/><U62/><E62/><V61/><F61/><W133/><G27/><T43/><D43/><U32/><E101/><V130/><F59/><W67/><G67/><T38/><D38/><U10/><E10/><V104/><F126/><W100/><G100/><T36/><D36/><U125/><E125/><V75/><F75/><W54/><G54/><T135/><D106/><U55/><E55/><V14/><F14/><W93/><G107/><T48/><D73/><U127/><E127/><V113/><F105/><W33/><G33/><T45/><D45/><U35/><E35/><V9/><F104/><W102/><G102/><T121/><D72/><U82/><REACH who="1" step="1"/><E40/><REACH who="1" ten="254,202,469,65" step="2"/><V120/><F68/><W65/><G122/><T29/><D121/><U12/><E12/><V22/><F120/><W42/><G42/><T56/><D116/><U16/><E16/><V112/><F70/><W37/><G117/><T19/><D119/><U39/><AGARI ba="2,1" hai="26,31,32,39,41,47,52,58,60,76,79,82,86,90" machi="39" ten="20,5200,0" yaku="1,1,0,1,7,1,54,1,53,0" doraHai="44" doraHaiUra="63" who="1" fromWho="1" sc="254,-15,202,68,469,-28,65,-15" /><INIT seed="7,0,0,4,5,5" ten="239,270,441,50" oya="3" hai0="119,51,31,107,84,34,46,87,35,131,91,43,61" hai1="24,58,125,42,98,9,27,14,76,7,25,100,23" hai2="92,122,104,116,47,126,33,73,121,57,105,56,103" hai3="60,13,36,99,55,4,115,130,108,19,83,0,123"/><W38/><G123/><T109/><D119/><U77/><E125/><V16/><F33/><W53/><G115/><T41/><D131/><U89/><E42/><V21/><F73/><W62/><G108/><T120/><D120/><U29/><E89/><V17/><F92/><W18/><G130/><T68/><D107/><U135/><E135/><V86/><F86/><W124/><G124/><T2/><D2/><U59/><E76/><V40/><F126/><W15/><G99/><T30/><D68/><U67/><E77/><V37/><F116/><W78/><G0/><T26/><D61/><N who="1" m="38327" /><E59/><V110/><F57/><W22/><G4/><T93/><D109/><U69/><E69/><V118/><F56/><W94/><G94/><AGARI ba="0,0" hai="7,9,14,23,24,25,27,29,94,98,100" m="38327" machi="94" ten="30,3900,0" yaku="25,1,8,1,52,1" doraHai="5" who="1" fromWho="3" sc="239,0,270,39,441,0,50,-39" owari="239,-16.1,309,10.9,441,54.1,11,-48.9" /></mjloggm>