<mjloggm ver="2.3"><GO type="169" lobby="0"/><UN n0="%E3%81%B5%E3%81%8F%E3%81%B6%E3%81%A1%E3%82%87%E3%81%86" n1="%53%6F%6C%69%64" n2="%52%59%4F%40%53%53" n3="%73%6F%72%75%6B%61%6E%6F" dan="18,17,17,16" rate="2204.19,2162.84,2143.75,2138.57" sx="M,M,M,M"/><TAIKYOKU oya="0"/><INIT seed="0,0,0,5,2,3" ten="250,250,250,250" oya="0" hai0="70,37,112,120,32,33,124,31,119,52,22,29,106" hai1="50,135,63,121,83,69,98,28,45,59,77,56,81" hai2="14,68,44,27,111,7,43,42,20,78,74,34,55" hai3="19,61,16,123,102,67,41,38,30,82,62,114,105"/><T103/><D112/><U99/><E121/><V40/><F111/><W71/><G114/><T46/><D120/><U104/><E135/><V97/><F68/><W130/><G123/><T10/><D119/><U118/><E118/><V113/><F113/><W4/><G130/><T90/><D124/><U80/><E77/><V85/><F74/><W57/><G30/><T115/><D115/><U133/><E133/><V5/><F34/><W107/><G82/><T84/><D70/><U131/><E131/><V51/><F14/><W73/><G73/><T117/><D117/><U95/><E69/><V1/><F1/><W79/><G79/><T18/><D10/><U36/><E36/><V0/><F0/><W12/><G41/><T48/><D37/><U116/><E116/><V126/><F97/><W134/><G38/><T91/><D33/><U49/><E28/><N who="2" m="17511" /><F126/><W39/><G39/><T89/><D32/><U92/><E104/><V13/><F13/><W35/><G35/><T94/><D106/><U26/><E26/><V101/><F101/><W93/><G134/><T96/><REACH who="0" step="1"/><D84/><REACH who="0" ten="240,250,250,250" step="2"/><U128/><E128/><V64/><F64/><W75/><G107/><T2/><D2/><U86/><E86/><V87/><F87/><W65/><G105/><T76/><D76/><U11/><E11/><V15/><F85/><W122/><G122/><T129/><D129/><U88/><E45/><V58/><F44/><W110/><G71/><T60/><D60/><U108/><E63/><V132/><F78/><W17/><G62/><T25/><AGARI ba="0,1" hai="18,22,25,29,31,46,48,52,89,90,91,94,96,103" machi="25" ten="30,12000,1" yaku="1,1,0,1,8,1,54,1,53,1" doraHai="3" doraHaiUra="21" who="0" fromWho="0" sc="240,130,250,-40,250,-40,250,-40" /><INIT seed="0,1,0,5,1,85" ten="370,210,210,210" oya="0" hai0="79,52,23,0,28,77,19,58,32,91,112,103,122" hai1="131,75,54,62,111,9,135,121,82,49,42,65,17" hai2="101,39,113,4,78,134,88,15,90,117,57,97,11" hai3="12,64,20,1,123,34,8,35,70,6,29,21,118"/><T44/><D112/><U25/><E121/><V5/><F113/><W86/><G70/><T116/><D116/><U46/><E111/><V98/><F39/><W69/><G69/><T95/><D0/><U110/><E110/><V83/><F134/><W99/><G64/><T27/><D103/><U50/><E135/><V114/><F114/><W127/><G99/><T104/><D104/><U102/><E131/><V109/><F109/><W106/><G106/><T40/><D122/><U71/><E102/><V26/><F117/><W130/><G123/><T48/><D32/><U74/><E82/><V89/><F4/><W128/><G118/><T30/><D79/><U33/><E9/><V81/><F98/><W2/><G86/><N who="0" m="52727" /><D77/><U84/><E84/><V51/><F26/><N who="3" m="16591" /><G127/><T22/><D22/><U76/><E76/><V55/><REACH who="2" step="1"/><F78/><REACH who="2" ten="370,210,200,210" step="2"/><W36/><G36/><T93/><D93/><AGARI ba="1,1" hai="5,11,15,51,55,57,81,83,88,89,90,93,97,101" machi="93" ten="40,12000,2" yaku="1,1,2,1,8,1,52,3,54,1,53,0" doraHai="85" doraHaiUra="107" who="2" fromWho="0" sc="370,-123,210,0,200,133,210,0" /><INIT seed="1,0,0,1,4,64" ten="247,210,333,210" oya="1" hai0="122,15,82,105,33,59,13,84,5,90,88,24,71" hai1="0,131,113,52,4,9,124,7,126,80,2,3,102" hai2="34,115,22,125,76,132,120,116,81,36,129,107,31" hai3="18,63,26,51,16,65,43,97,123,106,11,8,6"/><U118/><E102/><V109/><F31/><W21/><G123/><T135/><D105/><U42/><E42/><V41/><F22/><W98/><G106/><T103/><D103/><U130/><E80/><V99/><F99/><W54/><G43/><T58/><D122/><U83/><E83/><V17/><F17/><W30/><G30/><T133/><D71/><U57/><E113/><V87/><F87/><W46/><G18/><T104/><D104/><U23/><E118/><V1/><F81/><W89/><G89/><T128/><D128/><N who="1" m="49195" /><E23/><V79/><F41/><W55/><G55/><T10/><D90/><U66/><E66/><V96/><F96/><W40/><G40/><T117/><D117/><U110/><E110/><V101/><F101/><W39/><G39/><T100/><D100/><U20/><E20/><V91/><F91/><W111/><G111/><T121/><D121/><U108/><E108/><V127/><F79/><W53/><G53/><T47/><D47/><U68/><E68/><V12/><F76/><W94/><G94/><T93/><D93/><U38/><E38/><V72/><F12/><W32/><G32/><T50/><D15/><N who="1" m="5543" /><E7/><V45/><F45/><W73/><G11/><T86/><D86/><U19/><E19/><V29/><F29/><W56/><REACH who="3" step="1"/><G73/><REACH who="3" ten="247,210,333,200" step="2"/><T25/><D33/><U67/><E67/><V134/><F134/><W61/><G61/><AGARI ba="0,1" hai="0,2,3,52,57,61,124,126" m="5543,49195" machi="61" ten="40,3900,0" yaku="19,1,54,1" doraHai="64" who="1" fromWho="3" sc="247,0,210,49,333,0,200,-39" /><INIT seed="1,1,0,4,2,15" ten="247,259,333,161" oya="1" hai0="104,86,47,76,12,110,91,6,25,36,133,57,16" hai1="120,39,40,41,94,55,63,1,70,11,77,80,34" hai2="65,37,46,87,59,45,5,17,72,33,98,129,27" hai3="23,85,90,89,68,31,74,22,61,88,100,113,96"/><U26/><E120/><V130/><F72/><W58/><G113/><T134/><D104/><U108/><E108/><V128/><F5/><W32/><G74/><T106/><D106/><U49/><E94/><V69/><F69/><W54/><G68/><T35/><D76/><U52/><E39/><V30/><F37/><W125/><G125/><T19/><D110/><U10/><E55/><V60/><F98/><W43/><G43/><N who="0" m="23015" /><D57/><U8/><E1/><V116/><F116/><W126/><G126/><T122/><D122/><U67/><E26/><V73/><F73/><W28/><G85/><T7/><D35/><U107/><E34/><V127/><F127/><W83/><G83/><N who="0" m="49631" /><D25/><U51/><E51/><V48/><F48/><W66/><G66/><T75/><D75/><U123/><E107/><V131/><F131/><W29/><REACH who="3" step="1"/><G32/><REACH who="3" ten="247,259,333,151" step="2"/><T92/><D134/><U4/><E123/><V95/><F87/><W99/><G99/><T24/><D133/><U112/><E112/><V78/><F130/><W71/><G71/><T2/><D2/><U18/><E80/><V102/><F129/><W103/><G103/><T56/><D92/><AGARI ba="1,1" hai="22,23,28,29,31,54,58,61,88,89,90,92,96,100" machi="92" ten="40,5200,0" yaku="1,1,8,1,54,1,53,0" doraHai="15" doraHaiUra="111" who="3" fromWho="0" sc="247,-55,259,0,333,0,151,65" /><INIT seed="2,0,0,4,4,87" ten="192,259,333,216" oya="2" hai0="13,102,2,105,99,53,5,83,34,109,80,47,92" hai1="84,44,45,94,58,31,75,97,91,74,46,18,124" hai2="66,51,89,71,54,50,21,135,67,122,11,19,110" hai3="98,17,20,77,62,43,33,101,131,95,49,130,123"/><V25/><F122/><W61/><G33/><T90/><D109/><U81/><E124/><V112/><F112/><W86/><G123/><T10/><D34/><U108/><E108/><V126/><F126/><W116/><G116/><T107/><D2/><U16/><E31/><V104/><F104/><W120/><G120/><T12/><D107/><U118/><E118/><V29/><F135/><W82/><G43/><T72/><D72/><U132/><E132/><V37/><F37/><W65/><G49/><T106/><D106/><U117/><E117/><V22/><F71/><W69/><REACH who="3" step="1"/><G62/><REACH who="3" ten="192,259,333,206" step="2"/><T76/><D76/><U114/><E114/><V60/><F60/><W24/><AGARI ba="0,1" hai="17,20,24,61,65,69,77,82,86,95,98,101,130,131" machi="24" ten="30,4000,0" yaku="1,1,2,1,0,1,53,0" doraHai="87" doraHaiUra="6" who="3" fromWho="3" sc="192,-10,259,-10,333,-20,206,50" /><INIT seed="3,0,0,5,4,118" ten="182,249,313,256" oya="3" hai0="120,27,60,98,45,67,84,42,30,17,125,64,92" hai1="58,97,1,72,73,105,20,21,130,62,6,53,107" hai2="131,102,86,93,126,4,122,47,40,50,12,44,28" hai3="87,69,108,16,80,116,37,81,66,117,99,104,127"/><W29/><G37/><T112/><D125/><U59/><E130/><V68/><F68/><W79/><G29/><T14/><D112/><U43/><E43/><V111/><F111/><W85/><G69/><T0/><D0/><U110/><E110/><V57/><F126/><W101/><G66/><T124/><D84/><U35/><E35/><V56/><F28/><W24/><G127/><T63/><D124/><U76/><E1/><V13/><F131/><W132/><G108/><T3/><D3/><U36/><E6/><V51/><F122/><W38/><G38/><T18/><D120/><U133/><E36/><V82/><F93/><W121/><G132/><T77/><D77/><U46/><E46/><V25/><F102/><W70/><G70/><T74/><D74/><U78/><E97/><V41/><F25/><W7/><G7/><T109/><D109/><U123/><E123/><V95/><F95/><W22/><REACH who="3" step="1"/><G121/><REACH who="3" ten="182,249,313,246" step="2"/><T129/><D30/><U100/><E133/><V15/><REACH who="2" step="1"/><F4/><REACH who="2" ten="182,249,303,246" step="2"/><W39/><G39/><T90/><D129/><U88/><E105/><V94/><F94/><W5/><G5/><T52/><D92/><U48/><E107/><V128/><F128/><W9/><G9/><T19/><D98/><U26/><E100/><V134/><F134/><W91/><AGARI ba="0,2" hai="16,22,24,79,80,81,85,87,91,99,101,104,116,117" machi="91" ten="20,7800,0" yaku="1,1,0,1,7,1,54,1,53,0" doraHai="118" doraHaiUra="61" who="3" fromWho="3" sc="182,-26,249,-26,303,-26,246,98" /><INIT seed="3,1,0,3,0,111" ten="156,223,277,344" oya="3" hai0="113,94,119,57,34,5,131,92,117,132,10,13,126" hai1="70,98,51,58,64,122,32,85,129,73,90,27,7" hai2="80,125,112,35,95,101,62,42,40,78,68,33,87" hai3="83,41,103,8,118,75,130,71,9,56,38,47,49"/><W66/><G130/><T89/><D131/><U107/><E122/><V26/><F125/><W127/><G127/><T18/><D126/><U39/><E39/><V114/><F42/><W123/><G118/><T11/><D132/><U21/><E129/><V46/><F68/><W52/><G123/><T93/><D34/><U102/><E73/><V2/><F2/><W69/><G103/><T106/><D106/><U37/><E37/><V128/><F62/><N who="3" m="40151" /><G71/><T84/><D119/><U61/><E7/><V133/><F133/><W1/><G1/><T25/><D117/><U24/><E21/><V43/><F43/><W63/><G63/><T29/><D29/><U4/><E4/><V14/><F14/><W124/><G124/><T104/><D104/><U100/><E100/><V65/><F65/><W19/><G19/><T17/><D113/><U134/><E134/><V99/><F128/><W97/><G97/><T72/><D72/><U48/><E58/><V81/><F81/><W79/><AGARI ba="1,0" hai="8,9,38,41,47,49,52,56,75,79,83" m="40151" machi="79" ten="30,3000,0" yaku="24,1,54,1" doraHai="111" who="3" fromWho="3" sc="156,-11,223,-11,277,-11,344,33" /><INIT seed="3,2,0,2,4,31" ten="145,212,266,377" oya="3" hai0="4,66,36,46,47,88,76,50,5,133,87,83,42" hai1="125,8,63,39,40,3,111,105,68,91,67,54,15" hai2="48,17,73,49,38,13,96,74,69,118,20,79,85" hai3="28,32,24,77,51,45,102,59,98,12,30,65,33"/><W112/><G77/><T116/><D133/><U100/><E3/><V41/><F69/><W64/><G112/><T0/><D116/><U35/><E111/><V37/><F118/><W78/><G78/><T93/><D66/><U114/><E114/><V132/><F132/><W134/><G134/><T70/><D70/><U135/><E135/><V21/><F96/><W7/><G7/><T11/><D5/><U1/><E1/><V2/><F2/><W106/><G12/><T61/><D61/><U6/><E125/><V43/><F79/><W126/><G59/><T121/><D121/><U71/><E71/><V89/><F17/><W86/><G86/><T56/><D56/><U123/><E123/><V14/><F89/><W34/><G126/><T109/><D109/><U101/><E105/><V119/><F85/><W94/><G106/><T113/><D113/><U97/><E54/><V92/><F92/><W16/><G16/><T120/><D120/><U122/><E122/><V103/><REACH who="2" step="1"/><F119/><REACH who="2" ten="145,212,256,377" step="2"/><W127/><G127/><T124/><D124/><U62/><E91/><V99/><F99/><W80/><G80/><T104/><D104/><U110/><E110/><V90/><F90/><W44/><G94/><T117/><D117/><U10/><E97/><V82/><F82/><W18/><G98/><T27/><D76/><U22/><E68/><V53/><F53/><W129/><G18/><T72/><D93/><U131/><E101/><AGARI ba="2,1" hai="13,14,20,21,37,38,41,43,48,49,73,74,101,103" machi="101" ten="25,3200,0" yaku="1,1,22,2,53,0" doraHai="31" doraHaiUra="25" who="2" fromWho="1" sc="145,0,212,-38,256,48,377,0" /><INIT seed="4,0,0,0,5,76" ten="145,174,304,377" oya="0" hai0="27,62,30,8,129,43,110,70,31,91,97,4,95" hai1="116,133,83,118,10,90,61,71,126,21,92,106,121" hai2="11,131,104,36,99,35,49,53,94,102,41,25,39" hai3="109,64,112,6,100,120,74,127,38,40,81,125,72"/><T16/><D129/><U29/><E121/><V48/><F131/><W119/><G109/><T32/><D110/><U47/><E106/><V24/><F104/><W52/><G64/><T51/><D70/><U42/><E126/><V66/><F66/><W111/><G111/><T122/><D122/><U86/><E133/><V54/><F41/><W45/><G72/><T79/><D62/><U34/><E34/><V12/><F35/><W135/><G112/><T103/><D79/><U105/><E105/><V113/><F39/><W33/><G33/><T9/><D31/><U37/><E10/><V117/><F36/><W26/><G6/><T82/><D4/><U0/><E0/><V46/><F117/><W96/><G135/><T14/><D8/><U78/><E61/><V69/><F69/><W130/><G74/><T123/><D123/><U17/><E29/><V75/><F75/><W87/><G119/><T59/><D43/><U20/><E20/><V22/><F22/><W124/><G38/><T101/><REACH who="0" step="1"/><D82/><REACH who="0" ten="135,174,304,377" step="2"/><U67/><E71/><V108/><F108/><W23/><G40/><T134/><D134/><U115/><E115/><V7/><F113/><W44/><G120/><T93/><D93/><U50/><E37/><V15/><F11/><W57/><G130/><T128/><D128/><U63/><E63/><V80/><F80/><W58/><G81/><T13/><D13/><N who="2" m="5194" /><F7/><W114/><G114/><T2/><D2/><U5/><E5/><V56/><AGARI ba="0,1" hai="24,25,46,48,49,53,54,56,94,99,102" m="5194" machi="56" ten="30,1100,0" yaku="8,1" doraHai="76" who="2" fromWho="2" sc="135,-5,174,-3,304,21,377,-3" /><INIT seed="5,0,0,2,0,97" ten="130,171,325,374" oya="1" hai0="82,99,38,33,126,0,9,74,114,12,39,85,59" hai1="113,106,50,23,129,52,88,44,120,8,91,62,53" hai2="22,133,69,41,43,130,127,6,128,4,17,101,109" hai3="25,100,67,84,116,36,94,27,79,103,42,21,131"/><U89/><E120/><V49/><F109/><W122/><G122/><T60/><D33/><U78/><E106/><V83/><F69/><W75/><G131/><N who="2" m="50217" /><F127/><W54/><G67/><T61/><D74/><U26/><E129/><V111/><F111/><W104/><G104/><T87/><D0/><U93/><E113/><V70/><F70/><W81/><G116/><T73/><D73/><U57/><E78/><V98/><F83/><W20/><G42/><N who="2" m="15881" /><F49/><W58/><G36/><T76/><D114/><U66/><E8/><V19/><F19/><W123/><G123/><T10/><D126/><U48/><E93/><N who="2" m="58575" /><F133/><W1/><G1/><T112/><D112/><U56/><E91/><V14/><AGARI ba="0,0" hai="4,6,14,17,22" m="58575,15881,50217" machi="14" ten="30,2000,0" yaku="19,1,52,1" doraHai="97" who="2" fromWho="2" sc="130,-5,171,-10,325,20,374,-5" /><INIT seed="6,0,0,4,1,70" ten="125,161,345,369" oya="2" hai0="53,44,55,92,75,39,128,119,101,134,14,45,27" hai1="50,97,104,130,98,31,81,95,99,68,118,116,74" hai2="84,63,11,108,115,24,66,36,80,89,72,49,129" hai3="48,1,125,6,85,56,122,42,90,73,106,12,132"/><V41/><F115/><W9/><G122/><T61/><D75/><U112/><E68/><V109/><F49/><W117/><G117/><N who="1" m="45162" /><E31/><V17/><F72/><W46/><G125/><T123/><D119/><U23/><E23/><V30/><F17/><W71/><G132/><T87/><D134/><U78/><E50/><V105/><F105/><W35/><G71/><T37/><D123/><U131/><E112/><V51/><F51/><W110/><G110/><N who="2" m="42601" /><F11/><W20/><G35/><T13/><D61/><U133/><E133/><V38/><F41/><W88/><G106/><T29/><D29/><U34/><E34/><N who="2" m="20807" /><F129/><N who="1" m="49161" /><E104/><V28/><F28/><W94/><G42/><T21/><D128/><U18/><E18/><V5/><F5/><W7/><G7/><T82/><D21/><U79/><E79/><V126/><F126/><W4/><G20/><T64/><D27/><U127/><E127/><V113/><F113/><W2/><G6/><T102/><D64/><U19/><E19/><V3/><F3/><W91/><G2/><T111/><D111/><U47/><E47/><V93/><F66/><W77/><G4/><T59/><D59/><U0/><E0/><V100/><F63/><W135/><G56/><T57/><D57/><U54/><E54/><V76/><F76/><W43/><G135/><T40/><D40/><U25/><E25/><V96/><AGARI ba="0,0" hai="36,38,80,84,89,93,96,100" m="20807,42601" machi="96" ten="30,6000,0" yaku="10,1,52,2" doraHai="70" who="2" fromWho="2" sc="125,-20,161,-20,345,60,369,-20" /><INIT seed="6,1,0,1,5,28" ten="105,141,405,349" oya="2" hai0="76,94,105,10,79,133,98,38,42,29,114,110,1" hai1="48,102,18,75,52,19,123,113,109,66,78,97,116" hai2="61,7,4,83,3,12,117,82,14,17,59,40,26" hai3="85,119,134,84,108,63,32,0,101,23,6,77,103"/><V115/><F115/><W16/><G108/><T100/><D110/><U15/><E109/><V46/><F117/><W70/><G119/><T53/><D114/><U124/><E116/><V130/><F130/><W73/><G73/><T37/><D133/><U44/><E113/><V27/><F3/><W120/><G120/><T24/><D53/><U88/><E123/><V129/><F129/><W49/><G134/><T39/><D94/><N who="1" m="58679" /><E75/><V67/><F4/><W68/><G49/><T11/><D11/><U80/><E78/><V71/><F71/><W65/><G70/><T89/><D89/><U104/><E104/><V33/><F7/><W122/><G32/><N who="0" m="20519" /><D79/><U54/><E66/><V128/><F12/><W69/><G69/><T57/><D57/><U127/><E54/><V62/><F62/><W92/><G122/><T95/><D95/><U36/><E36/><V90/><F33/><W25/><G77/><T64/><D64/><U58/><E58/><V126/><F83/><W50/><G50/><T41/><D76/><U20/><E19/><V81/><F81/><W5/><G5/><N who="0" m="1327" /><D42/><U13/><E13/><V91/><F82/><W118/><G118/><T135/><D135/><U47/><E47/><V74/><F74/><W86/><G92/><T56/><D56/><U60/><E60/><V106/><F128/><W87/><N who="3" m="21504" /><DORA hai="99" /><W111/><REACH who="3" step="1"/><G111/><REACH who="3" ten="105,141,405,339" step="2"/><T112/><D112/><U35/><E80/><V21/><F106/><W125/><G125/><T2/><D41/><U93/><E124/><V9/><F126/><W45/><G45/><T107/><D107/><U96/><E127/><RYUUKYOKU ba="1,1" sc="105,10,141,10,405,-30,339,10" hai0="2,37,38,39,98,100,105" hai1="15,18,20,35,44,48,52,88,93,96" hai3="0,6,16,23,25,63,65,68,101,103" /><INIT seed="7,2,1,0,1,62" ten="115,151,375,349" oya="3" hai0="57,107,1,95,59,132,41,38,109,91,56,125,35" hai1="63,15,78,43,123,29,36,112,72,70,103,27,16" hai2="45,61,51,69,44,71,135,94,80,116,76,108,6" hai3="86,117,119,55,48,73,77,134,115,98,24,46,128"/><W106/><G115/><T67/><D109/><U89/><E123/><V22/><F116/><W79/><G128/><T49/><D107/><U19/><E112/><V105/><F105/><W110/><G110/><T21/><D35/><U37/><E103/><V99/><F108/><W92/><G134/><T121/><D1/><U34/><E43/><V118/><F118/><W129/><G129/><T0/><D0/><U113/><E113/><V47/><F6/><W11/><G106/><T65/><D121/><U120/><E120/><V52/><F22/><W3/><G73/><T97/><D38/><U124/><E124/><V42/><F135/><W64/><G64/><N who="0" m="24651" /><D132/><U93/><E70/><V90/><F61/><W114/><G114/><T133/><D125/><U23/><E63/><V30/><F30/><W131/><G131/><T7/><D133/><U20/><E78/><V74/><F47/><W104/><G104/><T13/><D41/><U4/><E4/><V26/><F26/><W83/><G77/><T54/><D21/><U102/><E102/><V84/><F74/><W39/><G39/><AGARI ba="2,1" hai="39,42,44,45,51,52,69,71,76,80,84,90,94,99" machi="39" ten="30,2000,0" yaku="7,1,54,1" doraHai="62" who="2" fromWho="3" sc="115,0,151,0,375,36,349,-26" owari="115,-38.5,151,-24.9,411,51.1,323,12.3" /></mjloggm>