<mjloggm ver="2.3"><GO type="169" lobby="0"/><UN n0="%E5%AE%87%E5%AE%99%E7%89%A9%E7%90%86" n1="%E9%A2%A8%E7%B8%AB" n2="%2D%E8%B1%8A%E5%8F%A3%E3%82%81%E3%81%90%E3%81%BF%2D" n3="%E2%97%8E%E3%82%88%E3%81%97%E2%97%8E" dan="16,16,17,17" rate="2096.48,2136.50,2175.42,2171.45" sx="F,M,F,M"/><TAIKYOKU oya="0"/><INIT seed="0,0,0,2,0,63" ten="250,250,250,250" oya="0" hai0="17,2,97,55,110,69,125,100,19,40,120,92,28" hai1="43,48,99,103,59,95,38,7,9,79,13,52,12" hai2="23,35,70,77,22,127,118,58,37,68,128,119,36" hai3="102,84,82,20,113,121,24,81,42,111,11,41,90"/><T16/><D120/><U3/><REACH who="1" step="1"/><E79/><REACH who="1" ten="250,240,250,250" step="2"/><V129/><F77/><W89/><G121/><T83/><D125/><U130/><E130/><V44/><F127/><W112/><G111/><T71/><D110/><U107/><E107/><V96/><F129/><W117/><G117/><T109/><D109/><U45/><AGARI ba="0,1" hai="3,7,9,12,13,38,43,45,48,52,59,95,99,103" machi="45" ten="30,7900,0" yaku="21,2,0,1,54,1,53,0" doraHai="63" doraHaiUra="67" who="1" fromWho="1" sc="250,-39,240,89,250,-20,250,-20" /><INIT seed="1,0,0,0,0,89" ten="211,329,230,230" oya="1" hai0="33,123,7,110,15,16,111,77,17,128,1,66,93" hai1="88,46,28,120,103,25,45,18,102,73,37,60,130" hai2="117,125,101,104,43,53,12,78,61,32,72,14,6" hai3="95,63,127,86,107,56,83,54,4,114,124,57,67"/><U85/><E73/><V41/><F117/><W22/><G107/><T68/><D123/><U119/><E119/><V75/><F32/><W132/><G114/><T23/><D33/><U11/><E120/><V50/><F104/><W55/><G132/><T24/><D128/><U65/><E130/><V42/><F101/><W87/><G4/><T94/><D77/><U131/><E131/><V96/><F96/><W76/><G22/><T79/><D79/><U31/><E102/><V35/><F35/><W19/><G19/><T115/><D115/><U49/><E37/><V70/><F6/><W26/><G26/><T27/><D1/><U21/><E103/><V59/><F125/><W91/><REACH who="3" step="1"/><G67/><REACH who="3" ten="211,329,230,220" step="2"/><T64/><D7/><U13/><E49/><AGARI ba="0,1" hai="49,54,55,56,57,63,76,83,86,87,91,95,124,127" machi="49" ten="40,5200,0" yaku="1,1,2,1,52,1,53,0" doraHai="89" doraHaiUra="129" who="3" fromWho="1" sc="211,0,329,-52,230,0,220,62" /><INIT seed="2,0,0,5,3,109" ten="211,277,230,282" oya="2" hai0="52,78,116,95,69,79,1,64,89,6,17,82,11" hai1="86,66,39,76,87,36,135,74,34,0,51,33,18" hai2="16,47,104,8,14,38,84,130,72,92,45,68,110" hai3="119,97,55,41,126,107,26,58,114,70,22,112,61"/><V57/><F68/><W71/><G119/><T49/><D116/><U83/><E0/><V127/><F104/><W121/><G121/><T132/><D132/><U31/><E135/><V10/><F72/><W111/><G111/><T63/><D17/><U117/><E117/><V133/><F110/><W122/><G122/><T2/><D2/><U108/><E108/><V80/><F133/><W93/><G107/><T98/><REACH who="0" step="1"/><D82/><REACH who="0" ten="201,277,230,282" step="2"/><U19/><E31/><V88/><F130/><W113/><G126/><T48/><D48/><U124/><E51/><V24/><F127/><W120/><G120/><T21/><D21/><U46/><E124/><V29/><F38/><W44/><G22/><T43/><D43/><U25/><E39/><V4/><F80/><W101/><G26/><T123/><D123/><U96/><E25/><V105/><F105/><W32/><G32/><T7/><D7/><U131/><E34/><V12/><F57/><AGARI ba="0,1" hai="1,6,11,49,52,57,63,64,69,78,79,89,95,98" machi="57" ten="30,3900,0" yaku="1,1,7,1,54,1,53,0" doraHai="109" doraHaiUra="37" who="0" fromWho="2" sc="201,49,277,0,230,-39,282,0" /><INIT seed="3,0,0,2,3,117" ten="250,277,191,282" oya="3" hai0="107,15,0,133,33,18,88,57,65,53,56,90,127" hai1="113,63,124,14,5,126,81,75,116,12,131,17,4" hai2="1,84,97,112,34,58,71,132,89,21,94,77,91" hai3="86,26,22,9,130,8,128,23,69,68,52,92,83"/><W104/><G104/><T25/><D0/><U87/><E75/><V122/><F34/><W54/><G92/><T10/><D107/><U42/><E113/><V64/><F71/><W40/><G40/><T101/><D101/><U110/><E110/><V46/><F1/><W73/><G86/><T121/><D127/><N who="1" m="48683" /><E116/><V2/><F2/><W49/><G49/><T96/><D133/><U7/><E42/><V135/><F112/><W93/><G93/><T111/><D111/><U27/><E63/><V134/><F46/><W19/><G19/><T47/><D47/><U109/><E109/><V43/><F43/><W76/><G76/><T115/><D115/><U119/><E119/><V123/><F21/><W70/><G26/><T67/><D121/><N who="2" m="46090" /><F77/><W48/><G70/><T99/><D33/><U13/><E131/><V85/><F91/><W72/><G69/><T82/><D25/><U106/><E106/><V3/><F3/><W114/><G68/><T50/><D90/><N who="1" m="51567" /><E27/><V79/><F79/><W125/><G125/><T66/><D57/><U62/><E62/><AGARI ba="0,0" hai="58,62,64,84,85,89,94,97,132,134,135" m="46090" machi="62" ten="40,8000,1" yaku="20,1,13,1,52,3" doraHai="117" who="2" fromWho="1" sc="250,0,277,-80,191,80,282,0" /><INIT seed="4,0,0,4,5,29" ten="250,197,271,282" oya="0" hai0="49,57,64,11,25,128,42,103,85,13,98,90,118" hai1="69,100,19,81,12,94,60,56,46,133,58,20,15" hai2="121,2,51,23,95,83,80,97,110,43,120,134,22" hai3="24,132,47,115,16,45,106,26,71,36,67,0,68"/><T41/><D118/><U74/><E133/><V73/><F110/><W3/><G132/><T50/><D128/><U84/><E74/><V44/><F134/><W112/><G67/><T17/><D25/><N who="3" m="9833" /><G106/><T86/><D86/><U105/><E105/><V35/><F2/><N who="3" m="555" /><G16/><T101/><D101/><U127/><E127/><V30/><F30/><W48/><G48/><T92/><D50/><U96/><E12/><V70/><F70/><N who="3" m="26667" /><G36/><T125/><D125/><U102/><E102/><V122/><F23/><W72/><G72/><T4/><D17/><U75/><E75/><V31/><F22/><W104/><G104/><T33/><D64/><U113/><E113/><AGARI ba="0,0" hai="45,47,112,113,115" m="26667,555,9833" machi="113" ten="40,5200,0" yaku="28,2,15,1" doraHai="29" who="3" fromWho="1" sc="250,0,197,-52,271,0,282,52" /><INIT seed="5,0,0,1,0,37" ten="250,145,271,334" oya="1" hai0="68,50,78,128,43,30,79,98,44,130,74,42,94" hai1="59,9,28,10,6,114,129,83,22,27,25,18,8" hai2="52,80,39,48,81,19,11,3,95,102,47,120,132" hai3="46,60,82,7,97,63,64,123,122,53,115,92,126"/><U26/><E59/><V0/><F120/><W133/><G115/><T13/><D68/><U124/><E83/><V91/><F132/><W77/><G133/><T31/><D13/><N who="1" m="5271" /><E114/><V58/><F3/><W90/><G7/><T15/><D15/><N who="1" m="7535" /><E129/><N who="0" m="49769" /><D43/><U16/><E124/><V87/><F102/><W56/><G126/><T107/><D107/><U32/><E10/><V75/><F75/><W134/><G134/><T93/><D93/><U65/><E65/><V109/><F95/><W70/><G46/><T57/><D57/><U88/><E88/><V71/><F81/><W100/><G90/><N who="0" m="55639" /><D74/><AGARI ba="0,0" hai="53,56,60,63,64,70,74,77,82,92,97,100,122,123" machi="74" ten="30,1000,0" yaku="7,1" doraHai="37" who="3" fromWho="0" sc="250,-10,145,0,271,0,334,10" /><INIT seed="6,0,0,3,3,23" ten="240,145,271,344" oya="2" hai0="35,116,73,89,102,34,29,51,43,120,1,50,63" hai1="106,15,127,49,38,91,135,21,61,5,78,70,113" hai2="65,66,69,111,26,53,133,33,2,82,59,118,103" hai3="80,7,84,94,100,27,85,60,97,122,126,74,117"/><V25/><F118/><W44/><G117/><T77/><D116/><U41/><E106/><V86/><F2/><W47/><G122/><T64/><D120/><U115/><E135/><V36/><F36/><W19/><G74/><T124/><D1/><U99/><E127/><V129/><F133/><W98/><G7/><T88/><D124/><U105/><E49/><V110/><F103/><W48/><G126/><T6/><D6/><U4/><E91/><V8/><F8/><W9/><G60/><T58/><D102/><N who="1" m="62687" /><E15/><V112/><F86/><W68/><G68/><T45/><D51/><U10/><E21/><V16/><F33/><W75/><G75/><T108/><D108/><U134/><E134/><V31/><F82/><W101/><G9/><T18/><D18/><U57/><E57/><V14/><F69/><W121/><G121/><T55/><D55/><U96/><E96/><V90/><F59/><W95/><G48/><T107/><D107/><U22/><E22/><V37/><F53/><W114/><G19/><T11/><D11/><U128/><E128/><V125/><F129/><W104/><G104/><T30/><D35/><U109/><E109/><V0/><F125/><W32/><G32/><T13/><D13/><N who="1" m="5319" /><E78/><V3/><F14/><W131/><G131/><T72/><D77/><U93/><E93/><V42/><F111/><W132/><G132/><T130/><D130/><U71/><E5/><V81/><F110/><W67/><G80/><T28/><D34/><U83/><E83/><V39/><F81/><W17/><G95/><T87/><D89/><U123/><E123/><RYUUKYOKU ba="0,0" sc="240,30,145,-10,271,-10,344,-10" hai0="28,29,30,43,45,50,58,63,64,72,73,87,88" /><INIT seed="7,1,0,4,1,59" ten="270,135,261,334" oya="3" hai0="6,122,71,118,15,19,106,125,42,130,21,12,127" hai1="68,37,63,11,87,33,1,62,40,14,132,10,95" hai2="78,13,64,109,76,121,47,128,117,18,3,115,30" hai3="124,4,86,131,22,94,135,126,43,67,93,110,57"/><W83/><G131/><T55/><D118/><U36/><E33/><V54/><F109/><W0/><G135/><T66/><D122/><U75/><E75/><V96/><F117/><W88/><G43/><T25/><D106/><U20/><E40/><V58/><F3/><W31/><G110/><T60/><D130/><U116/><E14/><V61/><F128/><W56/><G31/><T65/><D42/><U82/><E95/><N who="3" m="36362" /><G22/><T44/><D66/><U41/><E41/><V90/><F115/><W102/><G67/><T81/><D81/><U2/><E20/><V8/><F30/><W123/><G102/><T45/><D45/><U32/><E87/><V133/><F133/><W99/><G99/><T34/><D34/><U134/><E32/><V69/><F121/><W17/><G17/><T52/><D6/><U72/><E72/><V26/><F26/><W92/><G83/><T77/><D44/><U105/><E82/><V51/><F69/><W53/><G53/><N who="0" m="20555" /><D77/><U114/><E116/><V107/><F107/><W39/><G39/><T74/><D74/><U23/><E23/><V49/><F90/><W80/><G123/><T79/><D79/><U119/><E119/><V5/><F5/><W38/><G4/><T28/><D28/><U89/><E114/><V113/><F113/><W7/><G7/><T108/><D108/><U9/><E9/><V112/><F112/><W91/><G38/><T50/><D50/><U29/><E105/><V120/><F120/><W103/><G80/><T73/><D73/><U98/><E29/><V16/><F8/><W84/><BYE who="1" /><G92/><RYUUKYOKU ba="1,0" sc="270,30,135,-10,261,-10,334,-10" hai0="12,15,19,21,25,60,65,71,125,127" owari="300,10.0,125,-37.5,251,-14.9,324,42.4" /></mjloggm>