<mjloggm ver="2.3"><GO type="169" lobby="0"/><UN n0="%E3%81%A8%E3%82%8D%E3%82%8D%E3%81%9D%E3%81%B0" n1="%E8%88%B9%E8%B6%8A%E8%8B%B1%E4%B8%80%E9%83%8E" n2="%E8%8F%85%E7%94%B0%E5%B0%86%E6%9A%89%28%E5%81%BD%E7%89%A9%29" n3="%E3%83%9E%E3%83%AD%E3%81%A8%E3%82%B8%E3%83%BC%E3%83%8E" dan="17,17,16,16" rate="2254.70,2119.40,2191.07,2133.64" sx="M,M,M,M"/><TAIKYOKU oya="0"/><INIT seed="0,0,0,1,1,97" ten="250,250,250,250" oya="0" hai0="69,34,89,24,53,41,80,5,84,38,117,76,0" hai1="8,86,46,123,3,122,27,133,68,132,70,39,20" hai2="36,90,91,95,17,21,126,118,107,93,4,87,135" hai3="16,59,81,114,29,14,124,12,79,64,66,82,108"/><T10/><D117/><U15/><E86/><V74/><F118/><W56/><G114/><T131/><D131/><U51/><E39/><V109/><F36/><W102/><G108/><T28/><D69/><U67/><E67/><N who="3" m="25642" /><G124/><T129/><D129/><U110/><E68/><V54/><F109/><W94/><G29/><T71/><D71/><U72/><E72/><V7/><F126/><W45/><G45/><T55/><REACH who="0" step="1"/><D76/><REACH who="0" ten="240,250,250,250" step="2"/><U99/><E70/><V130/><F130/><W112/><G112/><T128/><D128/><U119/><E119/><V77/><F77/><W22/><G79/><T32/><D32/><U75/><E110/><V116/><F116/><W44/><G44/><AGARI ba="0,1" hai="0,5,10,24,28,34,38,41,44,53,55,80,84,89" machi="44" ten="40,2000,0" yaku="1,1,53,0" doraHai="97" doraHaiUra="47" who="0" fromWho="3" sc="240,30,250,0,250,0,250,-20" /><INIT seed="0,1,0,5,5,40" ten="270,250,250,230" oya="0" hai0="95,44,21,53,96,32,83,127,46,66,69,114,74" hai1="23,100,19,92,79,48,6,30,25,133,135,11,91" hai2="122,80,109,50,84,59,118,81,129,62,27,56,134" hai3="76,0,87,61,8,97,68,132,124,123,33,42,101"/><T18/><D32/><U5/><E79/><V89/><F122/><W99/><G124/><T10/><D114/><U38/><E38/><V39/><F39/><W47/><G132/><N who="1" m="50762" /><E100/><V65/><F134/><W72/><G33/><T4/><D127/><U58/><E58/><V49/><F109/><W67/><G123/><T15/><D69/><U20/><E48/><V102/><F129/><W113/><G113/><T106/><D106/><U88/><E11/><V131/><F131/><W16/><G72/><T17/><D66/><U121/><E121/><V98/><F118/><W3/><G76/><T26/><D74/><U36/><E36/><V57/><F80/><W126/><G87/><T34/><D34/><U12/><E91/><V85/><F85/><AGARI ba="1,0" hai="5,6,12,19,20,23,25,30,85,88,92" m="50762" machi="85" ten="30,2000,0" yaku="20,1,54,1" doraHai="40" who="1" fromWho="2" sc="270,0,250,23,250,-23,230,0" /><INIT seed="1,0,0,4,1,133" ten="270,273,227,230" oya="1" hai0="69,31,52,54,120,98,23,63,105,66,0,12,2" hai1="86,21,59,132,7,48,28,81,109,50,89,127,70" hai2="115,135,46,128,92,104,118,30,121,42,49,41,1" hai3="24,10,62,91,113,61,33,35,103,82,8,27,134"/><U38/><E70/><V83/><F118/><W40/><G134/><T51/><D120/><U80/><E38/><V79/><F135/><W87/><G113/><T45/><D54/><U124/><E132/><V32/><F121/><W56/><G40/><T14/><D12/><U74/><E7/><V3/><F104/><W25/><G103/><T116/><D116/><U75/><E109/><V93/><F128/><W88/><G35/><T68/><D68/><U57/><E28/><V60/><F115/><W84/><G33/><T77/><D77/><U39/><E39/><V67/><F42/><W78/><G62/><T117/><D117/><U11/><E21/><V130/><F130/><W17/><G17/><T36/><D36/><U97/><E97/><V101/><F30/><W26/><N who="3" m="6144" /><DORA hai="64" /><W44/><G44/><T106/><D31/><U111/><E111/><V19/><F19/><W94/><REACH who="3" step="1"/><G78/><REACH who="3" ten="270,273,227,220" step="2"/><T129/><D129/><U73/><E11/><V123/><F32/><W53/><AGARI ba="0,1" hai="8,10,53,56,61,82,84,87,88,91,94" m="6144" machi="53" ten="40,12000,2" yaku="1,1,2,1,0,1,8,1,54,1,53,1" doraHai="133,64" doraHaiUra="76,114" who="3" fromWho="3" sc="270,-30,273,-60,227,-30,220,130" /><INIT seed="2,0,0,4,3,104" ten="240,213,197,350" oya="2" hai0="135,23,97,26,133,5,116,42,86,125,121,88,79" hai1="103,115,122,35,15,52,75,2,71,68,108,91,54" hai2="132,14,18,78,46,50,83,25,99,38,49,53,119" hai3="36,92,74,27,105,76,19,64,3,82,4,77,45"/><V47/><F119/><W95/><G105/><T34/><D34/><U84/><E2/><V37/><F132/><W63/><G77/><T62/><D121/><U6/><E115/><V93/><F25/><W59/><G19/><T8/><D116/><U51/><E35/><V67/><F67/><W134/><G27/><T111/><D111/><U12/><E103/><V124/><F124/><W13/><G13/><T55/><D42/><U102/><E102/><V31/><F31/><W113/><G113/><T9/><D79/><U32/><E32/><V22/><F93/><W69/><G69/><T61/><D97/><U90/><E51/><V40/><REACH who="2" step="1"/><F99/><REACH who="2" ten="240,213,187,350" step="2"/><W0/><G134/><T66/><D125/><U44/><E122/><V10/><F10/><W110/><G92/><T85/><D66/><U72/><E108/><V120/><F120/><W33/><G95/><T126/><D126/><U128/><E128/><V107/><F107/><W28/><G64/><T89/><D26/><U109/><E109/><V73/><AGARI ba="0,1" hai="14,18,22,37,38,40,46,47,49,50,53,73,78,83" machi="73" ten="20,7800,0" yaku="1,1,0,1,7,1,52,1,53,0" doraHai="104" doraHaiUra="118" who="2" fromWho="2" sc="240,-26,213,-26,187,88,350,-26" /><INIT seed="2,1,0,0,2,134" ten="214,187,275,324" oya="2" hai0="114,91,0,76,58,102,11,14,3,93,15,28,97" hai1="100,4,7,57,132,8,101,106,10,47,5,125,108" hai2="63,86,79,44,123,22,117,49,34,92,6,73,59" hai3="42,23,99,31,110,25,88,70,116,41,26,27,84"/><V87/><F117/><W103/><G116/><T19/><D114/><U135/><E57/><V95/><F123/><W124/><G110/><T35/><D76/><U21/><E47/><V80/><F34/><W20/><G70/><T64/><D35/><U119/><E119/><V51/><F6/><W32/><G124/><T65/><D28/><U16/><E106/><V83/><F22/><W85/><G32/><T24/><D24/><U122/><E108/><V2/><F2/><W46/><G84/><T50/><D0/><U13/><E122/><V89/><F73/><W17/><G26/><T96/><D3/><U129/><E129/><V43/><REACH who="2" step="1"/><F49/><REACH who="2" ten="214,187,265,324" step="2"/><W12/><G27/><T33/><D33/><U112/><E112/><V71/><F71/><W1/><G1/><T121/><D121/><U38/><E38/><V115/><F115/><W53/><G23/><T29/><D15/><U113/><E113/><V54/><AGARI ba="1,1" hai="43,44,51,54,59,63,79,80,83,86,87,89,92,95" machi="54" ten="20,12000,1" yaku="1,1,0,1,7,1,8,1,53,1" doraHai="134" doraHaiUra="56" who="2" fromWho="2" sc="214,-41,187,-41,265,133,324,-41" /><INIT seed="2,2,0,2,1,106" ten="173,146,398,283" oya="2" hai0="62,48,18,83,112,118,40,120,94,0,116,113,56" hai1="8,50,119,24,2,93,55,132,105,11,127,21,115" hai2="9,95,15,126,26,67,109,91,89,92,96,81,39" hai3="54,36,49,61,4,43,28,58,19,77,65,46,99"/><V52/><F39/><W121/><G121/><T13/><D0/><U10/><E115/><V38/><F38/><W30/><G4/><T63/><D94/><U27/><E119/><N who="0" m="45609" /><D83/><U90/><E105/><V128/><F128/><W47/><G77/><T53/><D120/><U59/><E127/><V69/><F126/><W114/><G114/><N who="0" m="44139" /><D13/><U16/><E132/><V42/><F109/><W45/><G45/><N who="0" m="25639" /><D18/><U82/><E2/><V100/><F42/><W68/><G47/><T20/><D20/><U64/><E64/><V88/><F26/><W44/><G44/><T72/><D72/><U37/><E37/><V33/><F33/><W51/><G36/><T97/><D97/><U12/><REACH who="1" step="1"/><E82/><REACH who="1" ten="173,136,398,283" step="2"/><V60/><F81/><W131/><G43/><T5/><D5/><U14/><E14/><V75/><F52/><W71/><G54/><T102/><D102/><U22/><E22/><V35/><F35/><W23/><G23/><T1/><D1/><U134/><E134/><V73/><REACH who="2" step="1"/><F92/><REACH who="2" ten="173,136,388,283" step="2"/><W104/><G104/><T87/><D53/><U98/><AGARI ba="2,2" hai="8,10,11,12,16,21,24,27,50,55,59,90,93,98" machi="98" ten="30,7900,0" yaku="1,1,0,1,8,1,54,1,53,0" doraHai="106" doraHaiUra="31" who="1" fromWho="1" sc="173,-22,136,105,388,-41,283,-22" /><INIT seed="3,0,0,1,5,57" ten="151,241,347,261" oya="3" hai0="40,106,97,23,79,99,95,110,65,18,30,128,9" hai1="42,88,25,112,107,47,58,32,14,41,96,100,84" hai2="117,71,64,113,67,133,109,63,115,49,73,16,54" hai3="76,21,11,62,93,31,82,29,74,13,103,125,90"/><W129/><G129/><T121/><D121/><U39/><E112/><N who="2" m="43083" /><F73/><W26/><G125/><T34/><D128/><U111/><E111/><V48/><F16/><W35/><G103/><T22/><D110/><U6/><E42/><V134/><F109/><W72/><G72/><T135/><D34/><U114/><E114/><V28/><F28/><W59/><G31/><T86/><D40/><U126/><E126/><V85/><F85/><W105/><G105/><T118/><D9/><U4/><E14/><V120/><F120/><W44/><G44/><T0/><D0/><U19/><E58/><N who="2" m="35287" /><F117/><W33/><G93/><T56/><D106/><U92/><REACH who="1" step="1"/><E32/><REACH who="1" ten="151,231,347,261" step="2"/><V119/><F119/><W131/><G131/><T36/><D56/><U89/><E89/><V27/><F27/><W20/><G90/><T46/><D118/><U130/><E130/><V91/><F91/><W75/><G35/><T70/><D79/><U1/><E1/><V122/><F122/><W12/><G12/><T108/><D108/><U5/><E5/><V102/><F102/><W43/><G43/><T38/><D86/><U3/><E3/><V87/><F87/><W8/><G74/><T78/><D78/><U68/><E68/><V60/><F67/><W15/><G15/><T132/><D65/><U81/><E81/><V66/><F64/><N who="3" m="39007" /><G13/><T53/><D70/><U2/><E2/><V24/><F24/><W123/><G123/><T127/><D127/><U80/><E80/><V101/><F101/><W83/><G83/><T52/><D99/><U37/><E37/><V98/><F98/><W94/><G82/><RYUUKYOKU ba="0,1" sc="151,-15,231,15,347,15,261,-15" hai1="4,6,19,25,39,41,47,84,88,92,96,100,107" hai2="48,49,60,66,71,133,134" /><INIT seed="4,1,1,1,0,117" ten="136,246,362,246" oya="0" hai0="20,25,62,4,106,99,17,125,30,22,23,120,9" hai1="0,40,54,84,102,77,100,26,35,83,119,51,76" hai2="109,114,48,133,95,98,53,134,73,88,39,128,60" hai3="130,69,8,122,97,45,44,36,63,49,19,79,46"/><T71/><D125/><U121/><E0/><V7/><F109/><W68/><G79/><T11/><D71/><N who="3" m="27209" /><G19/><T111/><D111/><U13/><E119/><V38/><F73/><W43/><G8/><T89/><D62/><U28/><E121/><V118/><F60/><W21/><G21/><T56/><D120/><U126/><E126/><V86/><F118/><W52/><G97/><T129/><D56/><U55/><E77/><V116/><F116/><W108/><G108/><T105/><D105/><U3/><E3/><V29/><F114/><W57/><G122/><T31/><D106/><U27/><E40/><V112/><F112/><W75/><G75/><T82/><D82/><U10/><E55/><V131/><F29/><N who="0" m="10762" /><D89/><U67/><E67/><V74/><F7/><W47/><G130/><N who="2" m="49705" /><F74/><W132/><G132/><N who="2" m="50793" /><F98/><W34/><G34/><T113/><D99/><U115/><E115/><V94/><F94/><W92/><G92/><T2/><D113/><U14/><E35/><V103/><F103/><W1/><G1/><T50/><D50/><AGARI ba="1,1" hai="36,43,44,45,46,47,49,50,52,57,63" m="27209" machi="50" ten="30,12000,2" yaku="35,5,54,1" doraHai="117" who="3" fromWho="0" sc="136,-123,246,0,362,0,246,133" /><INIT seed="5,0,0,2,1,43" ten="13,246,362,379" oya="1" hai0="55,9,25,61,135,39,45,4,56,68,82,44,121" hai1="36,42,3,78,34,96,111,37,100,106,80,66,129" hai2="35,77,86,23,46,16,1,40,109,14,64,71,105" hai3="21,31,10,53,2,30,117,27,15,113,89,59,73"/><U65/><E129/><V13/><F109/><W114/><G73/><T120/><D25/><U119/><E119/><V133/><F105/><W8/><G117/><T94/><D94/><U6/><E34/><V91/><F1/><W127/><G127/><T126/><D82/><U62/><E111/><V57/><F35/><W87/><G31/><T22/><D22/><U29/><E29/><V60/><F133/><W98/><G98/><T104/><D104/><U95/><E95/><V84/><F71/><W122/><G122/><N who="0" m="47211" /><D9/><U134/><E134/><V115/><F115/><N who="3" m="44043" /><G15/><T51/><D4/><U85/><E66/><V54/><F64/><W47/><G47/><N who="0" m="17995" /><D135/><U97/><E97/><V131/><F131/><W26/><G26/><T128/><D128/><U7/><E7/><V41/><F41/><W130/><G2/><T20/><D20/><U90/><E42/><V112/><F112/><W50/><G130/><T101/><D101/><U79/><E6/><V108/><F108/><W124/><G124/><T88/><D88/><U67/><E3/><V58/><F14/><W81/><AGARI ba="0,0" hai="8,10,21,27,30,50,53,59,81,87,89" m="44043" machi="81" ten="30,1100,0" yaku="15,1" doraHai="43" who="3" fromWho="3" sc="13,-3,246,-5,362,-3,379,11" /><INIT seed="6,0,0,3,5,125" ten="10,241,359,390" oya="2" hai0="47,107,64,17,76,98,32,92,109,68,55,9,59" hai1="14,20,30,120,24,38,84,8,26,36,63,11,52" hai2="10,97,122,19,45,127,88,23,103,2,28,6,46" hai3="54,27,57,69,50,39,34,70,40,87,35,105,56"/><V21/><F122/><W81/><G105/><T110/><D32/><U128/><E120/><V99/><F127/><W18/><G56/><T42/><D107/><U86/><E38/><V22/><F28/><W65/><G18/><T132/><D76/><U135/><E36/><V75/><F75/><W1/><G1/><T31/><D31/><U106/><E106/><V130/><F130/><W74/><G74/><T72/><D72/><U49/><E135/><V102/><F19/><W79/><G27/><T60/><D9/><U126/><E126/><V123/><F123/><W96/><G96/><T101/><D17/><U33/><E63/><V104/><REACH who="2" step="1"/><F102/><REACH who="2" ten="10,241,349,390" step="2"/><W61/><G69/><T118/><D132/><U58/><E128/><V4/><F4/><W37/><G37/><T78/><D118/><U115/><E115/><V7/><F7/><W134/><G134/><T95/><D110/><U108/><E108/><V131/><F131/><W117/><G117/><T80/><D109/><U41/><E30/><V121/><F121/><W13/><G13/><T29/><D29/><U71/><E14/><V129/><F129/><W77/><G77/><T0/><D0/><U62/><E26/><V16/><F16/><W82/><G35/><T48/><D95/><AGARI ba="0,1" hai="2,6,10,21,22,23,45,46,88,95,97,99,103,104" machi="95" ten="40,3900,0" yaku="1,1,54,1,53,0" doraHai="125" doraHaiUra="67" who="2" fromWho="0" sc="10,-39,241,0,349,49,390,0" owari="-29,-52.9,241,-15.9,398,49.8,390,19.0" /></mjloggm>