<mjloggm ver="2.3"><GO type="169" lobby="0"/><UN n0="%E7%B4%94%E6%BD%94%E3%83%94%E3%83%A9%E3%83%8B%E3%82%A2" n1="%68%69%72%6F%30%33%30%39" n2="%E3%82%B7%E3%83%B3%E3%83%97%E3%83%AB%E3%81%AA%E3%83%AF%E3%82%AD%E3%82%AC" n3="%E2%97%8E%E3%82%88%E3%81%97%E2%97%8E" dan="16,16,17,16" rate="2137.30,2076.48,2230.77,2152.74" sx="M,M,M,M"/><TAIKYOKU oya="0"/><INIT seed="0,0,0,3,0,107" ten="250,250,250,250" oya="0" hai0="112,42,35,81,90,36,79,124,60,133,91,72,51" hai1="21,5,121,120,134,132,127,25,128,49,59,78,94" hai2="56,4,93,38,2,89,58,22,13,105,8,110,47" hai3="85,45,80,69,101,15,48,73,67,104,135,30,66"/><T44/><D112/><U12/><E59/><V29/><F105/><W108/><G108/><T27/><D124/><U76/><E49/><V20/><F110/><W19/><G135/><N who="1" m="51754" /><E94/><V11/><F38/><W95/><G104/><T118/><D118/><U86/><E86/><V18/><F47/><W53/><G30/><T65/><D133/><U131/><E76/><V52/><F29/><W33/><G33/><T32/><D27/><U39/><E78/><V123/><F56/><W125/><G125/><T50/><D35/><U7/><E39/><V102/><F102/><W17/><G17/><T130/><D32/><U113/><E127/><V129/><F129/><N who="1" m="49737" /><E113/><V68/><F123/><N who="1" m="47177" /><E12/><V97/><REACH who="2" step="1"/><F68/><REACH who="2" ten="250,250,240,250" step="2"/><W16/><G69/><T70/><D130/><U6/><E5/><V26/><F26/><W55/><G101/><T87/><REACH who="0" step="1"/><D90/><REACH who="0" ten="240,250,240,250" step="2"/><U31/><AGARI ba="0,2" hai="6,7,21,25,31" m="47177,49737,51754" machi="31" ten="40,8000,1" yaku="20,1,19,1,34,2" doraHai="107" who="1" fromWho="1" sc="240,-40,250,100,240,-20,250,-20" /><INIT seed="1,0,0,1,4,16" ten="200,350,220,230" oya="1" hai0="121,17,55,26,91,111,39,69,38,5,27,77,65" hai1="122,101,134,40,73,128,125,9,127,41,68,19,114" hai2="58,53,92,129,10,34,50,88,126,43,63,8,96" hai3="100,112,72,131,12,2,67,25,1,135,98,20,110"/><U90/><E68/><V48/><F126/><N who="1" m="48137" /><E114/><V84/><F129/><W0/><G72/><T33/><D111/><U15/><E122/><V108/><F34/><W118/><G112/><T116/><D116/><U61/><E73/><V46/><F108/><W93/><G110/><T4/><D121/><U21/><E128/><V22/><F22/><W113/><G113/><T120/><D77/><U14/><E134/><V66/><REACH who="2" step="1"/><F96/><REACH who="2" ten="200,350,210,230" step="2"/><W130/><G131/><T109/><D33/><U95/><E101/><V36/><F36/><W82/><G130/><T28/><D38/><U119/><E119/><V18/><F18/><W31/><G118/><T51/><D17/><N who="1" m="10423" /><E61/><V115/><F115/><W87/><G135/><T13/><D39/><U97/><AGARI ba="0,1" hai="9,15,19,40,41,90,95,97" m="10423,48137" machi="97" ten="30,3000,0" yaku="18,1,52,1" doraHai="16" who="1" fromWho="1" sc="200,-10,350,40,210,-10,230,-10" /><INIT seed="1,1,0,0,3,108" ten="190,390,200,220" oya="1" hai0="131,95,126,64,68,6,47,78,48,44,105,11,56" hai1="3,99,111,104,2,125,60,133,7,10,103,37,113" hai2="29,106,107,92,96,70,31,134,89,36,77,40,130" hai3="43,39,110,65,82,57,112,24,27,124,12,88,23"/><U9/><E37/><V83/><F70/><W114/><G110/><T132/><D105/><U120/><E111/><V14/><F40/><W116/><G124/><T58/><D126/><U28/><E125/><V101/><F36/><W86/><G116/><T1/><D131/><U117/><E120/><V4/><F106/><W15/><G27/><T55/><D132/><U30/><E117/><V118/><F118/><W53/><G65/><T45/><D68/><U67/><E133/><V19/><F4/><W66/><G66/><T121/><D121/><U97/><E99/><V76/><F130/><W93/><G15/><T62/><D78/><U73/><E73/><V46/><F46/><W119/><G119/><T87/><D87/><U22/><E22/><V41/><F41/><W75/><G12/><T25/><D95/><U91/><E91/><V100/><F100/><W98/><G75/><T49/><REACH who="0" step="1"/><D25/><REACH who="0" ten="180,390,200,220" step="2"/><U81/><E104/><V115/><F134/><W52/><G39/><T18/><D18/><U33/><E81/><V59/><F77/><W34/><G82/><T54/><AGARI ba="1,1" hai="1,6,11,44,45,47,48,49,54,55,56,58,62,64" machi="54" ten="20,5200,0" yaku="1,1,0,1,7,1,53,1" doraHai="108" doraHaiUra="0" who="0" fromWho="0" sc="180,65,390,-27,200,-14,220,-14" /><INIT seed="2,0,0,2,4,132" ten="245,363,186,206" oya="2" hai0="93,49,95,14,124,97,31,105,15,92,125,130,6" hai1="42,89,28,98,1,62,91,37,40,121,45,82,29" hai2="113,116,90,32,46,101,131,53,88,0,39,30,54" hai3="76,60,5,65,73,100,99,4,114,77,17,12,86"/><V58/><F113/><W129/><G73/><T56/><D31/><U126/><E1/><V20/><F116/><W84/><G129/><T35/><D35/><U7/><E7/><V51/><F0/><W61/><G114/><T74/><D74/><U120/><E62/><V110/><F131/><W44/><G44/><T34/><D34/><U83/><E98/><V55/><F32/><W68/><G61/><T133/><D133/><U10/><E10/><V47/><F110/><W134/><G134/><T36/><D36/><U22/><E22/><V64/><F101/><W33/><G33/><T43/><D130/><U106/><E106/><V3/><F3/><W38/><G38/><T71/><D71/><U13/><E13/><N who="0" m="4617" /><D6/><U75/><E75/><V69/><F69/><W104/><G4/><T87/><D87/><U109/><E37/><V63/><F39/><W80/><G5/><T11/><D11/><U24/><E24/><N who="2" m="16647" /><F46/><W41/><G41/><AGARI ba="0,0" hai="41,47,51,53,54,55,58,63,64,88,90" m="16647" machi="41" ten="30,2900,0" yaku="8,1,54,1" doraHai="132" who="2" fromWho="3" sc="245,0,363,0,186,29,206,-29" /><INIT seed="2,1,0,4,5,24" ten="245,363,215,177" oya="2" hai0="124,96,126,25,63,105,81,20,3,12,26,99,119" hai1="78,38,93,91,47,29,59,31,84,52,125,85,133" hai2="92,83,16,111,86,6,56,60,46,65,98,77,17" hai3="134,100,68,40,10,103,19,114,69,15,97,45,90"/><V130/><F130/><W94/><G134/><T107/><D3/><U13/><E133/><V32/><F32/><W37/><REACH who="3" step="1"/><G114/><REACH who="3" ten="245,363,215,167" step="2"/><T53/><D124/><U87/><E125/><V27/><F111/><W30/><G30/><T57/><D126/><U73/><E73/><V113/><F113/><W36/><G36/><T120/><D119/><U108/><E108/><V118/><F118/><W79/><G79/><T71/><D120/><U22/><E78/><V101/><F6/><W104/><G104/><T131/><D107/><U44/><E38/><V70/><F70/><AGARI ba="1,1" hai="10,15,19,37,40,45,68,69,70,90,94,97,100,103" machi="70" ten="40,2600,0" yaku="1,1,53,1" doraHai="24" doraHaiUra="7" who="3" fromWho="2" sc="245,0,363,0,215,-29,167,39" /><INIT seed="3,0,0,0,0,97" ten="245,363,186,206" oya="3" hai0="116,88,76,134,6,99,65,110,35,79,70,56,131" hai1="115,2,41,55,60,31,129,66,10,78,73,98,112" hai2="105,25,114,49,23,15,123,93,133,90,81,57,8" hai3="89,91,42,77,0,14,26,37,39,58,135,61,100"/><W24/><G0/><T52/><D116/><U3/><E129/><V103/><F114/><W28/><G135/><T69/><D131/><U45/><E55/><V83/><F133/><W125/><G125/><T54/><D110/><U50/><E31/><V59/><F105/><W108/><G77/><T68/><D35/><U132/><E132/><V43/><F123/><W16/><G108/><T11/><D134/><U29/><E29/><V13/><F13/><W92/><G42/><T7/><D65/><U128/><E128/><V34/><F34/><W51/><G51/><T121/><D54/><U94/><E78/><V46/><F59/><W67/><G37/><T21/><D21/><U126/><E73/><V95/><F57/><W38/><G39/><T40/><D40/><U106/><E106/><V18/><F95/><W102/><G38/><T124/><D7/><U19/><E126/><V120/><F103/><N who="3" m="39467" /><G28/><T86/><D99/><U20/><E3/><V48/><F48/><W82/><G82/><T101/><D101/><U9/><E2/><V5/><REACH who="2" step="1"/><F120/><REACH who="2" ten="245,363,176,206" step="2"/><W62/><G62/><T85/><D121/><U17/><E112/><V33/><F33/><W27/><G92/><T4/><D124/><U53/><E115/><V44/><F44/><W75/><G75/><T127/><D127/><U130/><E94/><V113/><F113/><W32/><G32/><T74/><D74/><U64/><E60/><V80/><F80/><W107/><G107/><T104/><D104/><U122/><E122/><V84/><AGARI ba="0,1" hai="5,8,15,18,23,25,43,46,49,81,83,84,90,93" machi="84" ten="20,5200,0" yaku="1,1,0,1,7,1,8,1,53,0" doraHai="97" doraHaiUra="72" who="2" fromWho="2" sc="245,-13,363,-13,176,62,206,-26" /><INIT seed="4,0,0,5,4,118" ten="232,350,238,180" oya="0" hai0="36,126,97,111,103,63,77,4,110,7,39,86,25" hai1="94,132,72,93,11,48,61,2,31,58,121,45,92" hai2="44,128,56,30,88,66,60,22,124,109,74,38,28" hai3="52,125,115,102,6,41,1,70,69,84,0,135,120"/><T40/><D126/><U114/><E72/><V134/><F109/><N who="0" m="41482" /><D25/><U51/><E121/><V50/><F74/><W10/><G125/><T96/><D63/><U68/><E68/><V55/><F124/><W122/><G1/><T67/><D67/><U89/><E132/><V73/><F73/><W130/><G135/><T85/><D40/><U95/><E31/><V24/><F134/><W129/><G115/><T27/><D27/><U43/><E51/><V53/><F128/><N who="3" m="49259" /><G41/><T90/><D77/><U29/><E29/><V87/><F38/><N who="0" m="14378" /><D85/><U9/><E114/><V81/><REACH who="2" step="1"/><F28/><REACH who="2" ten="232,350,228,180" step="2"/><W75/><G75/><T80/><D96/><N who="1" m="57359" /><E2/><V119/><F119/><W42/><G42/><AGARI ba="0,1" hai="22,24,30,42,44,50,53,55,56,60,66,81,87,88" machi="42" ten="30,7700,0" yaku="1,1,7,1,8,1,54,1,53,0" doraHai="118" doraHaiUra="99" who="2" fromWho="3" sc="232,0,350,0,228,87,180,-77" /><INIT seed="5,0,0,2,2,117" ten="232,350,315,103" oya="1" hai0="72,43,64,67,102,35,17,129,10,60,8,70,107" hai1="25,123,59,75,95,54,18,92,85,49,40,63,61" hai2="5,115,34,124,9,78,104,13,11,12,57,53,2" hai3="41,106,101,62,113,80,114,103,7,38,56,52,126"/><U128/><E75/><V90/><F34/><W24/><G126/><T116/><D116/><U37/><E128/><V20/><F124/><W79/><G7/><T120/><D72/><U33/><E37/><V65/><F104/><W27/><G41/><T111/><D111/><U133/><E133/><V118/><F118/><W91/><G38/><T84/><D43/><U121/><E40/><V89/><F65/><W58/><G91/><T4/><D35/><U110/><E110/><V42/><F78/><W109/><G109/><T73/><D73/><U108/><E108/><V81/><F115/><W69/><G69/><T68/><D84/><U125/><E125/><V51/><F2/><W98/><G103/><T46/><D46/><U122/><E85/><V77/><F20/><W66/><G113/><T130/><D17/><U105/><E105/><V47/><F81/><W32/><G32/><T112/><D107/><U26/><E26/><V93/><F77/><W44/><G44/><T97/><D102/><U16/><E33/><V15/><F93/><W135/><G135/><T88/><D4/><U131/><E131/><V6/><REACH who="2" step="1"/><F13/><REACH who="2" ten="232,350,305,103" step="2"/><W39/><G114/><T23/><D23/><U55/><E25/><V30/><F30/><W100/><G39/><AGARI ba="0,1" hai="5,6,9,11,12,15,39,42,47,51,53,57,89,90" machi="39" ten="30,7700,0" yaku="1,1,7,1,9,1,53,1" doraHai="117" doraHaiUra="71" who="2" fromWho="3" sc="232,0,350,0,305,87,103,-77" /><INIT seed="6,0,0,3,5,111" ten="232,350,392,26" oya="2" hai0="32,17,128,14,64,102,129,70,76,67,3,41,18" hai1="24,46,10,73,120,60,47,22,72,2,52,59,19" hai2="20,118,126,29,69,88,43,61,92,31,34,62,95" hai3="36,27,119,15,89,96,48,99,132,133,93,6,40"/><V116/><F34/><W109/><G109/><T74/><D32/><U94/><E120/><V7/><F7/><W71/><G119/><T124/><D3/><U49/><E47/><V16/><F43/><W82/><G71/><T110/><D110/><U100/><E100/><V85/><F126/><W35/><G36/><T37/><D102/><U130/><E130/><V121/><F121/><W75/><G99/><T8/><D76/><U44/><E44/><V26/><F116/><W105/><G105/><T131/><D74/><U115/><E115/><V68/><F118/><W21/><G35/><T90/><D124/><U117/><E117/><V65/><F92/><W86/><G75/><T53/><D53/><U42/><REACH who="1" step="1"/><E94/><REACH who="1" ten="232,340,392,26" step="2"/><V98/><F98/><W11/><G40/><T39/><D41/><U66/><E66/><AGARI ba="0,1" hai="16,20,26,29,31,61,62,65,66,68,69,85,88,95" machi="66" ten="40,7700,0" yaku="9,1,54,2" doraHai="111" who="2" fromWho="1" sc="232,0,340,-77,392,87,26,0" /><INIT seed="6,1,0,0,1,78" ten="232,263,479,26" oya="2" hai0="59,46,54,87,86,26,110,64,109,128,13,115,62" hai1="34,51,27,77,0,20,124,85,17,43,45,125,25" hai2="29,44,112,15,6,132,68,114,53,7,40,58,117" hai3="23,1,80,89,100,48,52,103,56,38,24,18,70"/><V57/><F68/><W95/><G38/><T41/><D115/><U39/><E39/><V60/><F29/><W98/><G1/><T101/><D128/><U12/><E0/><V63/><F15/><W97/><G70/><T129/><D129/><U75/><E75/><V93/><F93/><W94/><REACH who="3" step="1"/><G89/><REACH who="3" ten="232,263,479,16" step="2"/><T83/><D110/><U73/><E125/><V82/><F112/><W67/><G67/><T37/><D109/><U121/><E124/><V79/><F114/><W47/><G47/><T66/><D64/><U123/><E121/><V88/><F44/><W74/><G74/><T84/><D66/><U119/><E73/><V2/><F57/><W14/><G14/><T69/><D69/><U120/><E123/><V31/><F58/><W16/><G16/><T90/><D13/><U131/><E120/><V135/><F2/><W107/><G107/><T8/><D26/><U71/><E71/><V126/><F7/><W10/><G10/><T111/><D111/><U21/><E27/><V81/><F6/><W108/><G108/><T3/><D3/><U22/><E131/><V106/><F106/><W55/><G55/><T61/><D8/><U76/><E25/><V49/><F53/><W105/><G105/><T35/><D54/><U33/><E45/><V32/><F126/><W96/><G96/><T28/><D59/><U133/><E12/><V42/><F132/><W91/><G91/><T102/><D101/><U72/><E17/><V4/><F88/><W9/><G9/><T122/><D102/><U65/><E133/><V130/><F135/><W11/><G11/><RYUUKYOKU ba="1,1" sc="232,-10,263,-10,479,-10,16,30" hai3="18,23,24,48,52,56,80,94,95,97,98,100,103" /><BYE who="3" /><UN n3="%E2%97%8E%E3%82%88%E3%81%97%E2%97%8E" /><INIT seed="7,2,1,4,2,125" ten="222,253,469,46" oya="3" hai0="100,80,64,6,104,121,118,131,113,72,112,99,10" hai1="95,27,114,126,93,48,51,111,7,20,74,106,73" hai2="28,103,25,38,83,34,97,90,4,30,32,66,132" hai3="59,134,94,49,123,124,102,56,85,75,89,135,47"/><W120/><G75/><T81/><D118/><U33/><E33/><V17/><F38/><W13/><G124/><T44/><D121/><U122/><E126/><V78/><F4/><W14/><G120/><T2/><D131/><U57/><E111/><V35/><F90/><W116/><G123/><T45/><D64/><U63/><E106/><V50/><F66/><W76/><G116/><T22/><D22/><U39/><E39/><V91/><F91/><W107/><G76/><N who="0" m="44039" /><D81/><U108/><E108/><V29/><F50/><W130/><G102/><T96/><D96/><U84/><E122/><V129/><F129/><W65/><G107/><T68/><D68/><U67/><E7/><V105/><F132/><N who="3" m="50731" /><G130/><T58/><D58/><N who="3" m="22057" /><G65/><T110/><D110/><U12/><E114/><AGARI ba="2,1" hai="2,6,10,44,45,99,100,104,112,113,114" m="44039" machi="114" ten="30,2000,0" yaku="15,1,11,1" doraHai="125" who="0" fromWho="1" sc="222,36,253,-26,469,0,46,0" owari="258,5.8,227,-17.3,469,56.9,46,-45.4" /></mjloggm>