<mjloggm ver="2.3"><GO type="169" lobby="0"/><UN n0="%E5%85%A9%E5%84%80%E4%B8%B6%E5%BC%8F" n1="%54%61%6B%61%79%61%40" n2="%E7%99%BE%E9%87%8E%E3%81%95%E3%82%93" n3="%6F%6B%61%62%65%73%68%69" dan="16,16,17,17" rate="2132.51,2080.89,2190.91,2175.73" sx="M,M,M,M"/><TAIKYOKU oya="0"/><INIT seed="0,0,0,4,0,73" ten="250,250,250,250" oya="0" hai0="60,127,66,96,49,6,11,88,64,24,86,113,18" hai1="74,0,125,53,30,37,7,81,132,114,63,34,115" hai2="117,105,1,89,101,62,120,103,19,2,23,22,108" hai3="130,75,84,97,50,28,121,46,122,107,3,9,102"/><T36/><D36/><U43/><E125/><V4/><F120/><W26/><G130/><T128/><D127/><U40/><E132/><V42/><F108/><W123/><G75/><T39/><D39/><U10/><E53/><V16/><F42/><W100/><G100/><T12/><D128/><U61/><E30/><V51/><F51/><W76/><G3/><T112/><D96/><U126/><E34/><V29/><F29/><W45/><G9/><T58/><D66/><U77/><E43/><V35/><F35/><W135/><G135/><T70/><D70/><U93/><E93/><V129/><F129/><W14/><G14/><T41/><D24/><U27/><E27/><V118/><F89/><W21/><REACH who="3" step="1"/><G50/><REACH who="3" ten="250,250,250,240" step="2"/><T47/><REACH who="0" step="1"/><D6/><REACH who="0" ten="240,250,250,240" step="2"/><U68/><E126/><V59/><F4/><W57/><G57/><T31/><D31/><U94/><E68/><V87/><F59/><W5/><G5/><T131/><D131/><U20/><E115/><V91/><F118/><W99/><G99/><T95/><AGARI ba="0,2" hai="11,12,18,41,47,49,58,60,64,86,88,95,112,113" machi="95" ten="20,7800,0" yaku="1,1,0,1,7,1,54,1,53,0" doraHai="73" doraHaiUra="17" who="0" fromWho="0" sc="240,98,250,-26,250,-26,240,-26" /><INIT seed="0,1,0,2,1,120" ten="338,224,224,214" oya="0" hai0="127,4,97,34,69,35,51,135,50,134,45,104,3" hai1="15,98,133,112,21,59,54,62,44,132,79,117,119" hai2="42,36,106,18,88,1,107,101,46,10,28,37,2" hai3="75,125,43,40,58,81,74,23,12,89,102,49,72"/><T53/><D69/><U73/><E73/><V78/><F37/><W103/><G125/><T31/><D127/><U6/><E79/><V122/><F122/><W63/><G40/><T38/><D38/><U99/><E112/><V41/><F41/><W123/><G123/><T80/><D80/><U68/><E44/><V5/><F28/><W105/><G105/><T85/><D85/><U76/><E76/><V56/><F78/><W94/><G81/><T113/><D113/><U52/><E68/><V129/><F129/><W26/><G12/><T109/><D109/><U67/><E67/><V118/><F118/><W47/><G63/><T87/><D87/><U60/><E21/><V128/><F128/><W83/><G58/><T91/><D51/><U131/><E131/><V64/><F2/><W90/><G90/><T126/><D126/><U22/><E22/><V130/><F130/><W124/><G83/><T33/><D31/><U108/><E15/><V17/><F107/><W20/><G20/><T25/><D25/><U115/><E6/><V57/><F57/><W86/><REACH who="3" step="1"/><G124/><REACH who="3" ten="338,224,224,204" step="2"/><T116/><D104/><U100/><E59/><V114/><F114/><W84/><G84/><T16/><D34/><U11/><E115/><V48/><F88/><W30/><AGARI ba="1,1" hai="23,26,30,43,47,49,72,74,75,86,89,94,102,103" machi="30" ten="30,2000,0" yaku="1,1,0,1,53,0" doraHai="120" doraHaiUra="0" who="3" fromWho="3" sc="338,-11,224,-6,224,-6,204,33" /><INIT seed="1,0,0,1,5,71" ten="327,218,218,237" oya="1" hai0="35,19,102,92,24,58,94,128,22,53,76,43,101" hai1="38,44,5,6,45,91,114,18,54,36,31,21,107" hai2="27,7,127,129,120,29,135,104,41,79,90,67,15" hai3="113,118,47,25,49,64,1,73,30,95,100,77,16"/><U4/><E114/><V108/><F120/><W65/><G113/><T131/><D35/><U81/><E107/><V99/><F108/><W34/><G118/><T112/><D76/><U88/><E31/><V111/><F111/><W8/><G77/><T60/><D43/><U66/><E66/><V2/><F2/><W82/><G73/><T46/><D46/><U117/><E117/><V105/><F129/><N who="0" m="49738" /><D112/><U133/><E133/><V59/><F135/><W85/><G100/><AGARI ba="0,0" hai="19,22,24,53,58,60,92,94,100,101,102" m="49738" machi="100" ten="30,1000,0" yaku="19,1" doraHai="71" who="0" fromWho="3" sc="327,10,218,0,218,0,237,-10" /><INIT seed="2,0,0,1,5,9" ten="337,218,218,227" oya="2" hai0="86,28,23,49,64,131,107,35,112,85,41,120,103" hai1="44,93,7,99,126,53,77,83,57,109,48,133,108" hai2="105,114,11,56,29,27,70,62,89,40,129,135,36" hai3="6,14,127,90,17,95,59,2,22,87,92,116,19"/><V78/><F114/><W46/><G116/><T31/><D112/><U18/><E126/><V115/><F115/><W38/><G127/><T66/><D35/><U81/><E133/><V113/><F113/><W21/><G2/><T1/><D1/><U47/><E7/><V97/><F70/><W55/><G6/><T3/><D3/><U101/><E83/><V16/><F135/><W67/><G67/><T37/><D37/><U71/><E71/><V98/><F78/><W20/><G38/><T15/><D120/><U82/><E82/><V123/><F123/><W94/><G46/><T134/><D131/><U25/><E25/><V128/><F40/><W91/><G22/><T117/><D134/><U84/><REACH who="1" step="1"/><E18/><REACH who="1" ten="337,208,218,227" step="2"/><V79/><F79/><W100/><G100/><T104/><D103/><U13/><E13/><N who="2" m="7231" /><F105/><W45/><G45/><AGARI ba="0,1" hai="44,45,47,48,53,57,77,81,84,93,99,101,108,109" machi="45" ten="40,1300,0" yaku="1,1,53,0" doraHai="9" doraHaiUra="69" who="1" fromWho="3" sc="337,0,208,23,218,0,227,-13" /><INIT seed="3,0,0,1,0,72" ten="337,231,218,214" oya="3" hai0="26,65,13,101,107,98,122,53,97,109,10,24,121" hai1="54,66,79,15,31,37,57,12,21,131,123,41,50" hai2="5,16,120,90,44,113,36,104,99,119,34,3,103" hai3="73,102,78,127,105,61,126,32,38,14,9,8,58"/><W88/><G38/><T42/><D109/><U134/><E123/><V71/><F113/><W4/><G32/><T110/><D42/><U133/><E131/><V75/><F119/><W59/><G102/><T2/><D2/><U56/><E31/><V39/><F34/><W18/><G105/><T82/><D65/><U83/><E57/><V27/><F71/><W11/><G11/><T46/><D110/><U132/><E66/><V125/><F125/><N who="3" m="47627" /><G61/><T135/><D98/><U29/><E29/><V117/><F117/><W86/><G73/><T35/><D135/><U96/><E96/><V45/><F120/><W100/><G100/><T17/><D82/><U87/><REACH who="1" step="1"/><E21/><REACH who="1" ten="337,221,218,214" step="2"/><V129/><F99/><W111/><G111/><T22/><D122/><U114/><E114/><V69/><F129/><W112/><G112/><T40/><D121/><U92/><E92/><V76/><F69/><W60/><G60/><T124/><D124/><U55/><E55/><V51/><F104/><W6/><G58/><T47/><D35/><U20/><E20/><V23/><F45/><AGARI ba="0,1" hai="12,15,37,41,45,50,54,56,79,83,87,132,133,134" machi="45" ten="40,5200,0" yaku="1,1,20,1,52,1,53,0" doraHai="72" doraHaiUra="108" who="1" fromWho="2" sc="337,0,221,62,218,-52,214,0" /><INIT seed="4,0,0,1,5,54" ten="337,283,166,214" oya="0" hai0="25,112,61,66,80,101,72,15,110,27,95,42,35" hai1="55,97,118,78,51,114,30,122,111,83,94,21,32" hai2="82,39,128,74,11,46,103,88,132,48,38,116,57" hai3="75,12,65,43,3,123,33,86,76,126,20,53,19"/><T89/><D42/><U125/><E111/><V108/><F108/><W23/><G75/><T18/><D110/><U129/><E122/><V119/><F132/><W93/><G33/><T52/><D35/><U98/><E118/><N who="2" m="45099" /><F103/><W81/><G3/><T127/><D112/><U8/><E129/><V91/><F128/><W7/><G123/><T131/><D131/><U79/><E125/><V84/><F74/><W0/><G126/><T24/><D127/><U2/><E98/><V16/><F91/><W115/><G115/><T47/><D72/><U87/><E79/><V28/><F28/><W40/><G65/><T10/><D101/><U104/><E104/><V99/><F99/><W36/><G36/><T107/><D107/><U9/><E32/><V14/><F57/><W60/><G7/><T90/><D80/><U117/><E117/><V77/><F77/><W92/><G0/><T69/><D95/><N who="3" m="36425" /><G23/><T63/><REACH who="0" step="1"/><D47/><REACH who="0" ten="327,283,166,214" step="2"/><U133/><E114/><V120/><F120/><W26/><G40/><AGARI ba="0,1" hai="11,14,16,38,39,40,46,48,82,84,88" m="45099" machi="40" ten="30,3900,0" yaku="12,1,54,2" doraHai="54" who="2" fromWho="3" sc="327,0,283,0,166,49,214,-39" /><INIT seed="5,0,0,1,5,116" ten="327,283,215,175" oya="1" hai0="82,70,6,127,49,101,94,135,71,89,111,2,118" hai1="46,10,121,122,86,27,15,114,60,1,34,5,110" hai2="69,120,30,81,93,77,105,8,64,23,78,32,132" hai3="7,92,25,95,124,73,33,68,88,129,39,87,18"/><U43/><E114/><V102/><F105/><W62/><G73/><T67/><D111/><U50/><E110/><V126/><F32/><W12/><G39/><T20/><D118/><U134/><E134/><V48/><F132/><W79/><G124/><T21/><D135/><U133/><E133/><V76/><F126/><W96/><G129/><T16/><D127/><U47/><E60/><V113/><F8/><W35/><G7/><T28/><D101/><U115/><E115/><V103/><F81/><W11/><G25/><T117/><D117/><U13/><E13/><V72/><F72/><W14/><G14/><T63/><D82/><U0/><E86/><V26/><F113/><W85/><G85/><T83/><D83/><U17/><E47/><V54/><F93/><W98/><G79/><T90/><D71/><U38/><E38/><V52/><F120/><W106/><G106/><T107/><D107/><U65/><E65/><V61/><REACH who="2" step="1"/><F54/><REACH who="2" ten="327,283,205,175" step="2"/><W22/><G35/><T109/><D94/><U80/><E80/><V130/><F130/><W125/><G33/><T56/><D109/><U29/><E0/><V37/><F37/><W59/><G125/><T51/><D2/><U36/><E36/><V75/><F75/><W84/><G68/><T74/><D70/><U131/><E131/><V104/><F104/><W9/><G98/><T66/><D74/><U58/><E58/><AGARI ba="0,1" hai="23,26,30,48,52,58,61,64,69,76,77,78,102,103" machi="58" ten="40,5200,0" yaku="1,1,54,1,53,1" doraHai="116" doraHaiUra="45" who="2" fromWho="1" sc="327,0,283,-52,205,62,175,0" /><INIT seed="6,0,0,5,1,75" ten="327,231,267,175" oya="2" hai0="95,74,97,58,64,132,83,42,26,62,56,110,102" hai1="116,3,33,54,100,77,20,52,104,25,40,30,106" hai2="35,37,92,129,51,16,131,53,109,17,67,107,134" hai3="34,72,94,85,119,115,22,7,23,80,11,10,81"/><V14/><F107/><W61/><G119/><T44/><D110/><U21/><E116/><V12/><F37/><W60/><G34/><T57/><D132/><U128/><E128/><N who="2" m="49227" /><F35/><W41/><G41/><T63/><D26/><U89/><E3/><V69/><F134/><W32/><G32/><T126/><D126/><U29/><E33/><V36/><F36/><W118/><G72/><T6/><D6/><U2/><E2/><V68/><F109/><W124/><G94/><T79/><D63/><U82/><E40/><V122/><F122/><W71/><G7/><T135/><D135/><U50/><E89/><V43/><F43/><W28/><G85/><T121/><D121/><U125/><E125/><V59/><F92/><W38/><G38/><AGARI ba="0,0" hai="38,42,44,56,57,58,62,64,74,79,83,95,97,102" machi="38" ten="30,2000,0" yaku="7,1,52,1" doraHai="75" who="0" fromWho="3" sc="327,20,231,0,267,0,175,-20" /><INIT seed="7,0,0,4,0,66" ten="347,231,267,155" oya="3" hai0="70,28,82,14,21,119,32,117,12,118,53,24,107" hai1="64,26,0,15,55,47,56,99,3,109,60,80,29" hai2="59,2,52,19,48,100,87,113,96,77,78,17,133" hai3="25,86,40,106,8,4,18,121,76,108,51,61,103"/><W10/><G121/><T71/><D107/><U39/><E109/><V116/><F116/><W94/><G108/><T54/><D82/><U90/><E15/><V112/><F2/><W50/><G106/><T34/><D119/><U72/><E72/><V128/><F128/><W22/><G10/><T68/><D68/><U89/><E89/><V79/><F133/><W84/><G61/><T30/><D21/><U1/><E99/><V75/><F75/><W91/><G103/><T110/><D24/><U124/><E124/><V73/><F73/><W31/><G31/><T58/><D58/><U120/><E120/><V11/><F87/><W131/><G131/><T65/><D65/><U23/><E80/><V20/><F11/><W114/><G114/><N who="2" m="44137" /><F20/><W57/><G76/><T44/><D44/><U42/><E90/><V111/><F111/><AGARI ba="0,0" hai="12,14,28,30,32,34,53,54,70,71,110,111,117,118" machi="111" ten="25,6400,0" yaku="22,2,52,2" doraHai="66" who="0" fromWho="2" sc="347,64,231,0,267,-64,155,0" owari="411,51.1,231,3.1,203,-19.7,155,-34.5" /></mjloggm>