<mjloggm ver="2.3"><GO type="169" lobby="0"/><UN n0="%E3%83%A4%E3%83%9E%E3%83%80%E3%81%95%E3%82%93" n1="%E3%81%B5%E3%81%9F%E3%81%97%E3%81%8A" n2="%E5%A7%AB%E7%95%99" n3="%E3%82%BF%E3%82%A4%E4%BA%BA%EF%BC%A0%E3%83%90%E3%83%B3%E3%82%B3%E3%82%AF" dan="16,16,16,16" rate="2111.80,2051.78,2121.31,2156.65" sx="M,M,M,M"/><TAIKYOKU oya="0"/><INIT seed="0,0,0,0,4,111" ten="250,250,250,250" oya="0" hai0="47,126,94,86,2,28,31,35,41,132,64,54,52" hai1="85,118,44,121,112,57,38,53,130,119,70,9,14" hai2="74,90,61,0,89,129,7,106,133,73,50,13,29" hai3="8,135,68,92,36,17,45,93,65,42,103,127,116"/><T96/><D2/><U81/><E121/><V48/><F106/><W104/><G116/><T97/><D126/><U10/><E70/><V27/><F0/><W43/><G127/><T122/><D122/><U115/><E130/><V131/><F61/><W22/><G135/><T80/><D132/><U100/><E100/><V3/><F3/><W128/><G43/><T6/><D6/><U105/><E105/><V117/><F13/><W1/><G128/><T101/><D97/><U124/><E124/><V77/><F77/><W76/><G76/><T46/><D64/><U34/><E34/><V39/><F39/><W79/><G79/><N who="0" m="46367" /><D35/><U23/><E23/><V107/><F107/><W55/><G65/><T78/><D78/><N who="1" m="46263" /><E44/><N who="0" m="16937" /><D41/><U40/><E40/><V108/><F117/><N who="1" m="44553" /><E14/><V59/><F133/><W67/><G42/><T16/><D16/><U125/><E38/><V62/><F129/><W58/><G36/><T69/><D69/><U72/><E72/><V84/><F131/><W49/><G68/><T91/><D101/><U5/><E5/><V110/><F110/><W82/><G103/><T24/><D24/><U123/><E123/><V95/><F108/><W32/><G104/><T102/><D102/><U83/><E83/><V71/><F7/><N who="3" m="1135" /><G82/><T87/><D87/><U20/><E20/><V26/><F71/><W113/><G32/><T11/><D11/><N who="1" m="4107" /><E125/><V134/><F134/><W63/><G17/><T60/><D60/><U120/><E120/><V21/><F74/><W4/><G4/><T56/><D54/><U66/><E66/><N who="2" m="39263" /><F73/><W75/><G75/><T33/><D33/><RYUUKYOKU ba="0,0" sc="250,15,250,15,250,-15,250,-15" hai0="28,31,52,56,91,94,96" hai1="53,57,112,115" /><INIT seed="0,1,0,5,2,116" ten="265,265,235,235" oya="0" hai0="66,132,128,52,59,16,10,107,106,105,103,27,82" hai1="48,3,76,46,49,17,60,90,77,4,41,35,20" hai2="91,1,2,11,74,96,135,31,44,92,5,80,115" hai3="73,9,36,112,21,28,131,117,58,104,127,122,29"/><T87/><D128/><U89/><E35/><V85/><F115/><W124/><G58/><T126/><D132/><U99/><E60/><V69/><F69/><W19/><G36/><T13/><D126/><N who="3" m="48169" /><G73/><T34/><D66/><U111/><E111/><V67/><F67/><W12/><G104/><T22/><D34/><U81/><E4/><V24/><F135/><W40/><G40/><T54/><D103/><U0/><E49/><V108/><F108/><W56/><G56/><T64/><D64/><U15/><E76/><V109/><F109/><W14/><G112/><T78/><REACH who="0" step="1"/><D59/><REACH who="0" ten="255,265,235,235" step="2"/><U125/><E125/><V30/><F74/><W79/><G131/><T118/><D118/><U57/><E57/><V65/><F65/><W98/><G117/><T119/><D119/><U33/><E33/><V72/><F72/><W75/><G75/><T123/><D123/><U42/><E0/><V97/><F1/><W130/><G130/><T32/><D32/><U8/><E3/><V39/><F2/><W114/><G114/><T70/><D70/><U50/><E20/><V6/><F11/><W38/><G21/><T95/><D95/><U45/><E99/><V129/><F96/><W63/><G9/><T71/><D71/><U100/><E100/><V55/><F129/><W133/><G98/><T110/><D110/><U120/><E120/><V94/><F97/><W23/><G122/><T61/><D61/><U37/><E37/><V121/><F121/><W43/><G38/><T62/><D62/><U68/><E68/><V88/><F94/><W113/><G113/><T26/><D26/><RYUUKYOKU ba="1,1" sc="255,15,265,15,235,-15,235,-15" hai0="10,13,16,22,27,52,54,78,82,87,105,106,107" hai1="8,15,17,41,42,45,46,48,50,77,81,89,90" /><INIT seed="0,2,1,0,0,108" ten="270,280,220,220" oya="0" hai0="61,16,27,81,63,86,83,77,15,132,57,48,119" hai1="109,0,69,4,121,70,28,78,14,43,115,120,91" hai2="40,25,38,19,54,23,3,128,34,97,116,106,24" hai3="76,113,124,122,72,133,18,125,82,79,51,31,118"/><T17/><D132/><U94/><E0/><V46/><F3/><W80/><G118/><T47/><D119/><U105/><E105/><V96/><F116/><W71/><G71/><T49/><D27/><U58/><E109/><V22/><F34/><W75/><G133/><T13/><D47/><U56/><E78/><V66/><F106/><W135/><G135/><T102/><D102/><U29/><E43/><V104/><F104/><W127/><G31/><T68/><D68/><U65/><E14/><N who="0" m="5129" /><D83/><N who="3" m="31785" /><G51/><N who="0" m="19531" /><D63/><U85/><E4/><V32/><F32/><W89/><G18/><T1/><D1/><U74/><E74/><N who="3" m="28202" /><G122/><T30/><D30/><U131/><E28/><V95/><F54/><AGARI ba="2,1" hai="16,17,54,57,61,77,81,86" m="19531,5129" machi="54" ten="30,2900,0" yaku="8,1,54,1" doraHai="108" who="0" fromWho="2" sc="270,45,280,0,220,-35,220,0" /><INIT seed="0,3,0,1,3,17" ten="315,280,185,220" oya="0" hai0="41,4,28,3,70,15,49,43,26,80,104,72,44" hai1="118,119,95,121,31,107,7,52,10,37,51,74,116" hai2="27,30,125,2,111,67,76,92,6,25,114,55,91" hai3="21,98,79,11,19,71,63,130,108,122,83,62,40"/><T100/><D70/><U81/><E107/><V75/><F114/><W46/><G108/><T90/><D3/><U54/><E37/><V23/><F111/><W13/><G130/><T78/><D90/><U14/><E121/><V97/><F125/><W12/><G98/><T133/><D133/><U120/><E120/><V69/><F55/><W126/><G71/><T18/><D4/><U84/><E74/><V59/><F69/><W105/><G105/><T110/><D110/><U102/><E31/><V128/><F128/><W66/><G66/><T109/><D109/><U50/><E95/><V96/><F75/><W87/><G126/><T135/><D135/><U85/><E102/><V94/><F76/><W1/><G1/><T65/><D65/><U16/><E7/><V131/><F131/><W58/><G58/><T38/><D104/><U22/><E10/><V64/><F6/><N who="3" m="3191" /><G122/><T129/><D100/><U61/><E61/><V112/><F2/><W113/><G113/><T53/><D129/><U5/><E5/><V117/><F117/><W35/><G35/><T29/><D38/><U36/><E36/><V20/><F59/><W132/><G132/><T24/><D15/><U42/><E42/><V86/><F112/><W60/><G60/><T56/><D41/><U134/><E134/><V57/><F57/><W9/><G9/><T45/><D43/><U39/><E39/><V47/><F47/><N who="0" m="17994" /><D18/><U101/><E101/><N who="2" m="60551" /><F97/><W106/><G106/><T115/><D115/><U93/><E50/><AGARI ba="3,0" hai="13,19,21,40,46,50,62,63,79,83,87" m="3191" machi="50" ten="30,3900,0" yaku="25,1,8,1,52,1" doraHai="17" who="3" fromWho="1" sc="315,0,280,-48,185,0,220,48" /><INIT seed="1,0,0,2,3,113" ten="315,232,185,268" oya="1" hai0="58,63,54,135,14,35,30,41,84,121,103,53,74" hai1="77,105,91,119,95,71,49,92,108,89,28,65,118" hai2="4,23,70,34,50,101,75,90,16,87,48,81,126" hai3="94,106,42,17,116,123,111,32,73,104,60,132,15"/><U134/><E105/><V11/><F34/><W3/><G42/><T39/><D74/><U36/><E77/><V5/><F70/><W31/><G60/><T37/><D103/><U114/><E28/><V127/><F101/><W24/><G73/><T72/><D72/><U57/><E36/><V20/><F20/><W44/><G44/><T122/><D84/><U86/><E114/><V115/><F75/><W51/><G51/><T8/><D135/><U33/><E33/><V45/><F115/><W68/><G68/><T22/><D35/><U56/><E134/><V10/><F10/><W67/><G67/><T78/><D78/><U18/><E108/><V93/><F81/><W55/><G55/><T102/><D102/><U47/><E18/><V26/><F50/><W128/><G3/><T64/><D22/><U43/><E71/><V110/><F110/><W112/><G123/><N who="0" m="47115" /><D30/><U131/><E131/><V88/><F90/><W29/><G132/><T82/><D82/><U7/><E7/><V124/><F11/><W27/><G31/><T25/><D25/><U61/><REACH who="1" step="1"/><E56/><REACH who="1" ten="315,222,185,268" step="2"/><V52/><AGARI ba="0,1" hai="4,5,16,23,26,45,48,52,87,88,93,124,126,127" machi="52" ten="30,8000,1" yaku="0,1,18,1,54,3" doraHai="113" who="2" fromWho="2" sc="315,-20,222,-40,185,90,268,-20" /><INIT seed="2,0,0,3,5,7" ten="295,182,275,248" oya="2" hai0="12,73,83,17,116,100,6,128,28,67,20,122,54" hai1="84,131,11,25,110,18,30,91,45,82,16,5,58" hai2="105,109,123,77,74,29,70,88,26,4,80,106,8" hai3="62,2,75,121,81,39,66,104,79,40,89,36,60"/><V37/><F123/><W0/><G121/><T53/><D122/><U87/><E110/><V78/><F70/><N who="3" m="42311" /><G62/><T63/><D128/><U92/><E131/><V129/><F129/><W130/><G89/><T23/><D116/><U120/><E120/><V65/><F65/><W69/><G69/><T113/><D113/><U95/><E58/><V114/><F114/><W57/><G57/><T34/><D34/><U19/><E87/><V96/><F78/><W31/><G130/><T43/><D100/><U99/><E45/><V24/><F37/><N who="3" m="14411" /><G40/><T108/><D43/><U56/><E56/><V107/><F109/><W134/><G134/><T44/><D108/><U101/><E92/><V124/><F124/><W102/><G31/><T119/><D119/><U94/><E94/><V103/><F88/><W27/><G27/><T97/><D44/><U85/><E85/><V3/><F26/><W135/><G135/><T68/><D28/><U61/><E61/><V38/><F38/><W115/><G115/><T47/><D47/><U48/><E48/><V32/><AGARI ba="0,0" hai="3,4,8,24,29,32,74,77,80,96,103,105,106,107" machi="32" ten="20,18000,2" yaku="0,1,7,1,33,3,52,1" doraHai="7" who="2" fromWho="2" sc="295,-60,182,-60,275,180,248,-60" /><INIT seed="2,1,0,4,0,7" ten="235,122,455,188" oya="2" hai0="19,126,51,17,112,122,47,54,131,109,32,72,70" hai1="5,123,10,20,8,132,27,35,130,85,111,79,46" hai2="91,26,41,116,22,121,97,23,134,110,53,114,65" hai3="75,37,135,95,67,104,80,105,74,84,63,83,69"/><V76/><F114/><W88/><G37/><T28/><D122/><U13/><E111/><V21/><F116/><W44/><G44/><T48/><D70/><U59/><E132/><V25/><F121/><W93/><G63/><T117/><D72/><N who="3" m="27689" /><G67/><T24/><D112/><U39/><E123/><V107/><F134/><W98/><G69/><T6/><D109/><U113/><E113/><V102/><F110/><W3/><G3/><T55/><D117/><U12/><E130/><V108/><F108/><W38/><G38/><T71/><D71/><U42/><E35/><V99/><F65/><W89/><G135/><T31/><D131/><U96/><E96/><V119/><F119/><W66/><G66/><T56/><D126/><U49/><E59/><V64/><F64/><W94/><G94/><T115/><D115/><U0/><E39/><V128/><F128/><W43/><G43/><T58/><D28/><U100/><E100/><V57/><F41/><W120/><G120/><T129/><D129/><U15/><E0/><V34/><F34/><W30/><G30/><T11/><REACH who="0" step="1"/><D47/><REACH who="0" ten="225,122,455,188" step="2"/><U92/><E5/><V124/><F124/><W61/><G61/><T40/><D40/><U62/><E62/><V118/><F118/><W86/><G83/><T52/><D52/><U125/><E125/><V68/><F68/><W1/><G1/><AGARI ba="1,1" hai="1,6,11,17,19,24,31,32,48,51,54,55,56,58" machi="1" ten="30,8000,1" yaku="1,1,7,1,9,1,52,1,53,1" doraHai="7" doraHaiUra="33" who="0" fromWho="3" sc="225,93,122,0,455,0,188,-83" /><INIT seed="3,0,0,5,5,98" ten="318,122,455,105" oya="3" hai0="133,113,85,107,57,29,119,26,70,35,27,97,95" hai1="81,114,73,38,53,76,117,34,55,23,31,123,112" hai2="48,121,131,71,79,47,62,52,60,12,17,6,18" hai3="63,94,74,83,67,84,8,129,108,110,56,20,42"/><W16/><G129/><T15/><D70/><U51/><E123/><V3/><F3/><W80/><G42/><T24/><D119/><U25/><E38/><V77/><F131/><W45/><G45/><T88/><D133/><U99/><E117/><V2/><F2/><W11/><G74/><T104/><D113/><U37/><E37/><V5/><F18/><W111/><G94/><T90/><D15/><U96/><E34/><V86/><F121/><W44/><G44/><T21/><D57/><U14/><E14/><V28/><F28/><W22/><G22/><T130/><D130/><U66/><E66/><V118/><F118/><W59/><G56/><T128/><D128/><U61/><E61/><N who="2" m="23659" /><F71/><W69/><G69/><T91/><D26/><U87/><E73/><V135/><F135/><W115/><G115/><T1/><D1/><U134/><E134/><V4/><F86/><W106/><G106/><T30/><REACH who="0" step="1"/><D85/><REACH who="0" ten="308,122,455,105" step="2"/><U7/><E114/><V19/><F12/><N who="3" m="9223" /><G84/><T127/><D127/><U78/><E112/><V39/><F4/><W72/><G72/><T126/><D126/><U50/><E7/><V125/><F5/><W116/><G116/><T92/><D92/><U103/><E78/><V132/><F6/><W89/><G89/><AGARI ba="0,1" hai="21,24,27,29,30,35,88,89,90,91,95,97,104,107" machi="89" ten="40,2600,0" yaku="1,1,54,1,53,0" doraHai="98" doraHaiUra="41" who="0" fromWho="3" sc="308,36,122,0,455,0,105,-26" /><INIT seed="4,0,0,2,2,92" ten="344,122,455,79" oya="0" hai0="108,23,48,105,86,74,53,43,122,85,7,79,111" hai1="2,52,118,59,37,17,103,109,12,70,101,22,47" hai2="1,107,131,9,18,113,87,98,50,123,67,114,124" hai3="58,112,25,10,128,106,13,72,14,4,6,29,133"/><T69/><D69/><U51/><E109/><N who="0" m="42057" /><D122/><U60/><E118/><V3/><F123/><W93/><G106/><T80/><D105/><U49/><E2/><V135/><F135/><W31/><G72/><T120/><D120/><U125/><E125/><V16/><F124/><W100/><G133/><T65/><D65/><U127/><E127/><V63/><F50/><W89/><G100/><T64/><D64/><U104/><E104/><V39/><F39/><W134/><G134/><T8/><D23/><U62/><E37/><V38/><F87/><W30/><G112/><N who="2" m="43113" /><F131/><W129/><G58/><N who="0" m="33063" /><D43/><U95/><E70/><N who="2" m="42367" /><F38/><W115/><G115/><T102/><D102/><U83/><E103/><N who="2" m="62967" /><F9/><W117/><G117/><T36/><D36/><U11/><E11/><V77/><F77/><W40/><G40/><T45/><D45/><U24/><E47/><V75/><F75/><W57/><G57/><T119/><D119/><U90/><E49/><V33/><F33/><W35/><G129/><T55/><D55/><U26/><E51/><V110/><F110/><W84/><G128/><T81/><D81/><U91/><E60/><V27/><F27/><N who="1" m="10281" /><E83/><V73/><F73/><W61/><G61/><T5/><D8/><AGARI ba="0,0" hai="4,6,8,10,13,14,25,29,30,31,35,84,89,93" machi="8" ten="40,1300,0" yaku="9,1" doraHai="92" who="3" fromWho="0" sc="344,-13,122,0,455,0,79,13" /><INIT seed="5,0,0,4,5,6" ten="331,122,455,92" oya="1" hai0="101,79,23,54,87,55,125,44,100,130,27,110,35" hai1="32,76,43,47,135,69,127,81,20,134,1,19,67" hai2="59,91,93,28,96,49,45,0,126,74,15,124,115" hai3="98,90,12,41,75,37,57,11,39,112,121,65,7"/><U17/><E32/><V53/><F0/><W122/><G75/><T77/><D35/><U9/><E127/><N who="2" m="48683" /><F74/><W33/><G33/><T3/><D3/><U16/><E67/><V111/><F111/><W68/><G68/><T21/><D125/><U42/><E69/><V116/><F116/><W58/><G112/><T92/><D110/><U94/><E94/><V56/><F115/><W62/><G58/><T31/><D130/><U99/><E99/><V119/><F119/><W38/><REACH who="3" step="1"/><G41/><REACH who="3" ten="331,122,455,82" step="2"/><T102/><D44/><U104/><E42/><V30/><F59/><W118/><G118/><T109/><D109/><U24/><E47/><V73/><F73/><W123/><G123/><T78/><D21/><U60/><E43/><V103/><F56/><W26/><G26/><T52/><REACH who="0" step="1"/><D92/><AGARI ba="0,1" hai="7,11,12,37,38,39,57,62,65,90,92,98,121,122" machi="92" ten="40,8000,1" yaku="1,1,52,1,53,2" doraHai="6" doraHaiUra="117" who="3" fromWho="0" sc="331,-80,122,0,455,0,82,90" /><INIT seed="6,0,0,3,1,56" ten="251,122,455,172" oya="2" hai0="51,76,2,33,107,95,24,18,28,47,121,105,12" hai1="21,91,36,104,82,78,99,53,16,34,54,30,23" hai2="116,37,109,128,134,126,77,3,14,84,129,127,111" hai3="17,65,10,133,40,83,122,108,27,97,110,117,80"/><V115/><F37/><W62/><G117/><T13/><D121/><U45/><E34/><V132/><F3/><W42/><G122/><T48/><D2/><U67/><E23/><V114/><F14/><W60/><G133/><N who="2" m="51305" /><F84/><W5/><G97/><T41/><D76/><U130/><E30/><V4/><F4/><W70/><G110/><N who="2" m="41993" /><F77/><W90/><G108/><T31/><D31/><U38/><E78/><V64/><F64/><W120/><G120/><T85/><D12/><U103/><E67/><V43/><F43/><N who="3" m="16427" /><G65/><T106/><D13/><U124/><E38/><V1/><F1/><W58/><G5/><T96/><D85/><U125/><E36/><V135/><F116/><W52/><G70/><T9/><D9/><U66/><E66/><V86/><F86/><N who="3" m="50503" /><G83/><T74/><D41/><U101/><E82/><V112/><N who="2" m="51313" /><V46/><DORA hai="39" /><F46/><W55/><G10/><T69/><D47/><U131/><E45/><V79/><F79/><W71/><G71/><T26/><D69/><U25/><E54/><N who="3" m="20522" /><G58/><T11/><D11/><U57/><E53/><V0/><F0/><W75/><G75/><T6/><D74/><U88/><E57/><V49/><F49/><W94/><G27/><T119/><D119/><U22/><E25/><V102/><F102/><W123/><G123/><T63/><D6/><U29/><E103/><V73/><F73/><W93/><G17/><T7/><D7/><U68/><E16/><V19/><F19/><W113/><G113/><T44/><D18/><U61/><E101/><V32/><F32/><W100/><G100/><N who="0" m="60447" /><D33/><U118/><E118/><RYUUKYOKU ba="0,0" sc="251,-15,122,-15,455,15,172,15" hai2="112,114,115,126,127,128,129" hai3="60,62,93,94" /><INIT seed="6,1,0,1,2,4" ten="236,107,470,187" oya="2" hai0="16,34,37,23,15,103,90,49,99,117,108,104,129" hai1="86,52,132,83,47,38,21,35,91,3,101,84,102" hai2="1,96,27,95,119,118,128,87,22,26,77,71,31" hai3="122,120,48,55,81,7,131,36,70,73,88,28,33"/><V9/><F71/><W66/><G36/><T116/><D37/><U72/><E35/><V56/><F128/><W82/><G131/><T93/><D129/><U59/><E72/><V39/><F39/><W20/><G33/><T61/><D34/><U76/><E3/><V0/><F0/><W17/><G28/><T63/><D108/><U111/><E111/><V29/><F56/><W115/><G115/><T107/><D49/><U74/><E132/><V46/><F46/><W42/><G42/><T57/><D61/><U51/><E74/><V106/><F106/><W54/><G54/><T10/><D23/><U78/><E78/><V2/><F77/><W80/><G73/><T112/><D112/><U43/><REACH who="1" step="1"/><E21/><REACH who="1" ten="236,97,470,187" step="2"/><V133/><F133/><W14/><G122/><T113/><D113/><U67/><E67/><V50/><F1/><W62/><G120/><T126/><D126/><U44/><E44/><V75/><F75/><W124/><G124/><T134/><D134/><U60/><E60/><V97/><F2/><W65/><G65/><T40/><D63/><U30/><E30/><V18/><F29/><W121/><G121/><T6/><D117/><U125/><E125/><V110/><F31/><W92/><G62/><T100/><D116/><U13/><E13/><V11/><F110/><W24/><G66/><T79/><D79/><U85/><E85/><V5/><F118/><W32/><G32/><T130/><D130/><U25/><E25/><V64/><F119/><W69/><G24/><T135/><D135/><U109/><E109/><V53/><F64/><W19/><G20/><RYUUKYOKU ba="1,1" sc="236,-10,97,30,470,-10,187,-10" hai1="38,43,47,51,52,59,76,83,84,86,91,101,102" /><INIT seed="7,2,1,0,1,80" ten="226,127,460,177" oya="3" hai0="134,27,70,74,2,30,0,85,88,53,132,59,117" hai1="58,75,105,15,45,116,87,23,128,48,64,91,110" hai2="131,63,65,28,122,16,60,102,39,38,20,3,83" hai3="79,54,57,6,119,108,61,56,92,93,71,125,24"/><W98/><G119/><T90/><D74/><U97/><E110/><V78/><F3/><N who="0" m="1066" /><D85/><U118/><E75/><V69/><F16/><W115/><G71/><T62/><D117/><U25/><E128/><V101/><F122/><W32/><G108/><T77/><D77/><U49/><E118/><V35/><F35/><W9/><G79/><T104/><D104/><U52/><E116/><V89/><F89/><W33/><G115/><T112/><D70/><U21/><E105/><V47/><F69/><W113/><G113/><T5/><D5/><U18/><E97/><V121/><F39/><W96/><G125/><T120/><D120/><U123/><E123/><V135/><F38/><W50/><G96/><T133/><D112/><U111/><E111/><V129/><F121/><W34/><G98/><T73/><D73/><U10/><E25/><V26/><F65/><W126/><G126/><T13/><D13/><U46/><E64/><V124/><F131/><W99/><G24/><T66/><D66/><U51/><E46/><V86/><F129/><W127/><G127/><T31/><D31/><U42/><E49/><V37/><F37/><W1/><G99/><T36/><D36/><U44/><E44/><V19/><F47/><W94/><G57/><T109/><D109/><U40/><E40/><V7/><F124/><W107/><G107/><T17/><D30/><U84/><E84/><V12/><F135/><W114/><G114/><T11/><D27/><U8/><E10/><N who="2" m="4191" /><F28/><W14/><G9/><T68/><D68/><U130/><E130/><V106/><F106/><W95/><G50/><RYUUKYOKU ba="2,1" sc="226,10,127,10,460,10,177,-30" hai0="11,17,53,59,62,88,90,132,133,134" hai1="8,15,18,21,23,42,45,48,51,52,58,87,91" hai2="19,20,26,60,63,78,83,86,101,102" owari="236,3.6,137,-36.3,480,58.0,147,-25.3" /></mjloggm>