<mjloggm ver="2.3"><GO type="169" lobby="0"/><UN n0="%E3%81%BE%E3%81%88%E3%81%9F" n1="%E6%9C%AC%E5%AE%B6%E3%81%8B%E3%81%BE%E3%81%A9%E3%82%84" n2="%68%61%73%68%69%30%30%31" n3="%E6%98%9F%E7%A9%BA%E3%81%AE%E3%83%A1%E3%83%A2%E3%83%AA%E3%82%A2" dan="16,16,16,16" rate="2193.13,2127.62,2084.48,2065.30" sx="F,M,M,F"/><TAIKYOKU oya="0"/><INIT seed="0,0,0,5,2,106" ten="250,250,250,250" oya="0" hai0="94,62,133,123,9,20,107,0,78,127,6,77,12" hai1="122,13,4,38,110,134,90,124,105,102,39,11,72" hai2="43,118,22,44,57,48,99,67,5,49,101,56,37" hai3="64,23,14,75,71,16,69,55,52,58,89,31,63"/><T50/><D107/><U104/><E122/><V93/><F5/><W46/><G31/><T21/><D123/><U53/><E124/><V76/><F118/><W61/><G75/><T125/><D133/><U115/><E115/><V117/><F117/><W84/><G46/><T26/><D62/><U2/><E53/><V28/><F76/><W66/><REACH who="3" step="1"/><G58/><REACH who="3" ten="250,250,250,240" step="2"/><T7/><D125/><U83/><E72/><V87/><F57/><W10/><G10/><T68/><D127/><U103/><E11/><V132/><F132/><W120/><G120/><T36/><D68/><U51/><E134/><V42/><F37/><W116/><G116/><T65/><D36/><U73/><E39/><V70/><F70/><W15/><G15/><T19/><D12/><U135/><E73/><V121/><F121/><W3/><G3/><T17/><D0/><U126/><E13/><V91/><F42/><W27/><G27/><T131/><D9/><U1/><E2/><V54/><F67/><W18/><G18/><T40/><D65/><U129/><E1/><V111/><F111/><W85/><G85/><T41/><D26/><U95/><E110/><V88/><F87/><W29/><G29/><T60/><D19/><U109/><E38/><V119/><F119/><W128/><G128/><T24/><D17/><U98/><E109/><V114/><F114/><W112/><G112/><T59/><D24/><AGARI ba="0,1" hai="22,24,28,43,44,48,49,54,56,88,91,93,99,101" machi="24" ten="40,2600,0" yaku="8,1,54,1" doraHai="106" who="2" fromWho="0" sc="250,-26,250,0,250,36,240,0" /><INIT seed="1,0,0,5,3,80" ten="224,250,286,240" oya="1" hai0="38,125,36,92,32,120,34,51,91,115,99,70,121" hai1="11,124,110,126,28,96,117,97,42,0,50,12,135" hai2="78,102,19,65,16,3,123,87,47,64,8,79,43" hai3="23,63,83,56,69,61,30,72,5,104,95,131,57"/><U88/><E117/><V105/><F123/><N who="0" m="47178" /><D70/><U31/><E0/><V26/><F105/><W127/><G104/><T112/><D125/><N who="1" m="48235" /><E135/><V59/><F102/><W62/><G127/><T21/><D21/><U14/><E110/><V27/><F3/><W116/><G69/><T24/><D51/><U103/><E103/><V130/><F130/><W22/><G131/><T54/><D54/><U53/><E42/><V4/><F4/><W15/><G116/><T18/><D18/><N who="2" m="6698" /><F8/><W75/><G30/><N who="1" m="11306" /><E11/><V7/><F7/><W119/><G119/><T58/><D58/><N who="1" m="33079" /><E97/><V44/><F43/><W45/><G5/><T2/><D2/><U55/><E55/><V128/><F128/><W93/><G61/><T68/><D68/><U100/><E100/><V89/><F47/><W108/><G45/><T37/><D24/><N who="2" m="9258" /><F44/><W118/><G118/><T82/><D32/><U85/><E96/><V122/><F122/><W134/><G57/><T6/><D6/><U29/><N who="1" m="11314" /><U90/><DORA hai="39" /><E90/><V1/><F1/><W67/><G56/><T109/><D34/><U52/><E52/><V40/><F40/><W17/><G62/><T86/><D109/><U9/><E9/><V60/><F65/><W111/><G67/><T113/><D113/><U33/><E33/><V74/><F74/><W73/><G63/><T101/><AGARI ba="0,0" hai="36,37,38,82,86,91,92,99,101,112,115" m="47178" machi="101" ten="40,2700,0" yaku="13,1,52,1" doraHai="80,39" who="0" fromWho="0" sc="224,27,250,-13,286,-7,240,-7" /><INIT seed="2,0,0,5,5,118" ten="251,237,279,233" oya="2" hai0="113,78,42,40,114,122,85,62,31,22,26,128,45" hai1="37,119,61,68,53,24,73,109,87,103,56,69,117" hai2="96,30,98,112,115,91,59,70,48,92,77,135,57" hai3="101,80,89,19,127,116,86,15,3,41,106,110,36"/><V121/><F70/><N who="1" m="27241" /><E73/><V67/><F135/><W44/><G116/><N who="1" m="44618" /><E87/><V46/><F77/><W129/><G3/><T29/><D128/><U55/><E103/><V94/><F30/><W63/><G129/><T132/><D132/><U76/><E76/><V5/><F5/><W126/><G110/><T131/><D131/><U1/><E24/><V82/><F82/><W58/><G101/><T12/><D31/><U28/><E28/><V104/><F67/><W27/><G27/><T65/><D12/><U60/><E1/><V17/><F104/><W74/><G106/><T102/><D102/><U93/><E93/><V88/><F17/><W125/><G74/><T124/><D85/><U38/><E109/><V32/><F46/><W8/><G58/><AGARI ba="0,0" hai="37,38,53,55,56,58,60,61" m="44618,27241" machi="58" ten="30,2000,0" yaku="34,2" doraHai="118" who="1" fromWho="3" sc="251,0,237,20,279,0,233,-20" /><INIT seed="3,0,0,4,1,45" ten="251,257,279,213" oya="3" hai0="102,131,112,33,12,133,105,85,98,20,18,42,77" hai1="108,104,1,94,30,25,61,111,27,15,71,53,96" hai2="99,38,79,55,80,52,5,64,58,89,129,90,41" hai3="54,51,127,109,83,66,120,22,122,123,2,119,59"/><W135/><G119/><T13/><D33/><U40/><E1/><V49/><F5/><W63/><G2/><T101/><D133/><U32/><E104/><V21/><F38/><W50/><G135/><T70/><D70/><U24/><E15/><V76/><F41/><W37/><G83/><T113/><D131/><U43/><E40/><V11/><F64/><W8/><G8/><T125/><D125/><U0/><E0/><V115/><F115/><N who="0" m="44106" /><D101/><U62/><E43/><V31/><F129/><W46/><G22/><T118/><D42/><U23/><E32/><V132/><F11/><W34/><G34/><T124/><D124/><U121/><E121/><V35/><F35/><W92/><G127/><T7/><D118/><U75/><E75/><V128/><F128/><W114/><G114/><T106/><D7/><U86/><E71/><V67/><F67/><W126/><G126/><T103/><D103/><U6/><E6/><V10/><F10/><W4/><G4/><T60/><D60/><U110/><E61/><N who="2" m="36039" /><F89/><W3/><G3/><T65/><D65/><U95/><E62/><V48/><F55/><N who="3" m="30167" /><G92/><N who="0" m="58695" /><D12/><U17/><E53/><V14/><F14/><W117/><G117/><T69/><D69/><U16/><E30/><V19/><F31/><W56/><G37/><T29/><D29/><U36/><E36/><V72/><F132/><W9/><G9/><T107/><D107/><U39/><E39/><V88/><F72/><W100/><G100/><T87/><D77/><N who="2" m="29770" /><F21/><W116/><G116/><T91/><D91/><N who="1" m="53623" /><E23/><V78/><F78/><W82/><G82/><T97/><D106/><RYUUKYOKU ba="0,0" sc="251,10,257,10,279,-30,213,10" hai0="13,18,20,85,87,97,105" hai1="16,17,24,25,27,95,96,108,110,111" hai3="51,54,56,59,63,66,109,120,122,123" /><INIT seed="3,1,0,4,2,84" ten="261,267,249,223" oya="3" hai0="11,121,42,37,91,116,57,73,62,104,69,124,72" hai1="21,14,88,17,46,94,49,83,108,103,32,66,6" hai2="5,77,27,117,81,75,60,97,7,35,74,10,0" hai3="18,110,76,126,19,45,135,112,89,67,36,29,85"/><W90/><G112/><T87/><D104/><U92/><E32/><V128/><F128/><W24/><G67/><T80/><D116/><U16/><E108/><V127/><F127/><W133/><G126/><T120/><D124/><U119/><E6/><V47/><F7/><W132/><G110/><T8/><D69/><U106/><E106/><V59/><F117/><W56/><G56/><T52/><D42/><U15/><E66/><V44/><F75/><W99/><G76/><T129/><D37/><U25/><E103/><V51/><F97/><W61/><G61/><T65/><D129/><U131/><E119/><V34/><F47/><W134/><G134/><T31/><D31/><U12/><E17/><N who="3" m="6154" /><G99/><T38/><D38/><U114/><E114/><V20/><F20/><N who="3" m="15495" /><G85/><T2/><D65/><U98/><E131/><V43/><F27/><W40/><AGARI ba="1,0" hai="36,40,45,89,90,132,133,135" m="15495,6154" machi="40" ten="40,7800,0" yaku="20,1,52,2" doraHai="84" who="3" fromWho="3" sc="261,-27,267,-27,249,-27,223,81" /><INIT seed="3,2,0,5,3,73" ten="234,240,222,304" oya="3" hai0="47,32,77,85,126,13,81,19,16,80,131,54,18" hai1="56,15,37,8,42,41,61,24,127,4,7,40,105" hai2="123,55,90,129,88,101,75,102,35,108,71,23,49" hai3="12,20,133,82,58,1,59,33,53,48,34,91,130"/><W132/><G1/><T83/><D32/><U30/><E105/><V63/><F75/><W76/><G91/><N who="2" m="34857" /><F35/><W17/><G130/><T5/><D131/><U125/><E4/><V111/><F71/><W57/><G34/><T64/><D64/><U92/><E92/><V93/><F63/><W27/><G33/><T99/><D99/><U65/><REACH who="1" step="1"/><E37/><REACH who="1" ten="234,230,222,304" step="2"/><V104/><F104/><W78/><G82/><T70/><D126/><U22/><AGARI ba="2,1" hai="7,8,15,22,24,30,40,41,42,56,61,65,125,127" machi="22" ten="30,7900,0" yaku="1,1,2,1,0,1,53,1" doraHai="73" doraHaiUra="9" who="1" fromWho="1" sc="234,-22,230,95,222,-22,304,-41" /><INIT seed="4,0,0,3,1,78" ten="212,325,200,263" oya="0" hai0="21,97,19,89,27,70,1,13,99,7,92,50,90" hai1="40,103,63,65,134,14,15,18,102,4,72,73,51" hai2="112,33,98,36,107,75,85,10,69,53,127,37,49" hai3="68,64,24,96,133,55,84,114,48,106,131,116,123"/><T109/><D70/><U105/><E4/><V58/><F75/><W60/><G116/><T93/><D109/><U111/><E111/><V132/><F33/><W22/><G114/><T94/><D1/><U12/><E18/><V0/><F69/><W56/><G133/><T118/><D118/><U108/><E134/><V23/><F127/><W124/><G124/><T126/><D126/><U77/><E73/><V5/><F112/><W62/><G131/><T79/><D79/><U59/><E105/><V128/><F128/><W125/><G125/><T86/><D50/><U66/><E66/><V35/><F35/><W8/><G123/><T31/><D7/><U83/><REACH who="1" step="1"/><E108/><REACH who="1" ten="212,315,200,263" step="2"/><V115/><F132/><W76/><G64/><T117/><D117/><U47/><AGARI ba="0,1" hai="12,14,15,40,47,51,59,63,65,72,77,83,102,103" machi="47" ten="30,7900,0" yaku="1,1,2,1,0,1,52,1,53,0" doraHai="78" doraHaiUra="25" who="1" fromWho="1" sc="212,-39,315,89,200,-20,263,-20" /><INIT seed="5,0,0,0,2,115" ten="173,404,180,243" oya="1" hai0="111,72,17,123,63,16,48,18,135,35,65,91,68" hai1="98,19,128,57,6,32,2,41,8,76,60,0,95" hai2="30,55,69,58,80,86,67,14,120,78,74,93,108" hai3="118,81,122,133,124,3,112,75,126,129,4,100,114"/><U82/><E32/><V28/><F120/><W97/><G4/><T64/><D111/><U107/><E107/><V39/><F39/><W52/><G3/><T13/><D72/><U54/><E128/><V47/><F108/><W92/><G122/><T85/><D123/><U42/><E19/><V127/><F127/><N who="3" m="48683" /><G52/><T26/><D135/><U113/><E0/><V56/><F69/><W51/><G51/><T29/><D48/><U110/><E113/><N who="3" m="43626" /><G133/><T25/><D25/><U43/><E110/><V50/><F74/><W61/><G61/><T12/><REACH who="0" step="1"/><D64/><REACH who="0" ten="163,404,180,243" step="2"/><U45/><E43/><V134/><F134/><W20/><G129/><T103/><D103/><U117/><E42/><V89/><F67/><W102/><G20/><T15/><D15/><U77/><E41/><V121/><F121/><W46/><G102/><T130/><D130/><U62/><E2/><V10/><F47/><W83/><G46/><T23/><D23/><U9/><E45/><V125/><F125/><W79/><G83/><AGARI ba="0,1" hai="12,13,16,17,18,26,29,35,63,65,68,83,85,91" machi="83" ten="40,2600,0" yaku="1,1,54,1,53,0" doraHai="115" doraHaiUra="109" who="0" fromWho="3" sc="163,36,404,0,180,0,243,-26" /><INIT seed="6,0,0,5,0,86" ten="199,404,180,217" oya="2" hai0="18,25,49,132,46,67,15,21,33,116,42,96,41" hai1="6,0,28,43,134,90,76,65,117,120,82,10,97" hai2="112,63,107,23,72,64,100,81,52,62,80,55,109" hai3="35,130,20,7,44,68,103,77,71,47,8,26,75"/><V113/><F107/><W53/><G35/><T39/><D132/><U133/><E117/><V48/><F100/><W40/><G103/><T114/><D114/><N who="2" m="44138" /><F72/><W129/><G53/><N who="2" m="20553" /><F48/><N who="3" m="26631" /><G47/><T12/><D116/><U98/><E43/><V111/><F23/><W70/><G77/><T13/><D67/><U131/><E65/><V66/><F81/><W105/><G105/><T17/><D39/><U1/><E82/><V118/><F80/><W54/><G54/><T14/><D96/><U9/><E76/><V94/><F94/><W45/><G45/><T32/><REACH who="0" step="1"/><D41/><REACH who="0" ten="189,404,180,217" step="2"/><U57/><E98/><V135/><F118/><W79/><G70/><T51/><D51/><U87/><E97/><V126/><F135/><W16/><G71/><T36/><D36/><U22/><E133/><V125/><F66/><W85/><G68/><T59/><D59/><U106/><E57/><N who="2" m="36943" /><F63/><W31/><G75/><T119/><D119/><U69/><E134/><V27/><F27/><W74/><G74/><T29/><D29/><U102/><E28/><V56/><F56/><W123/><G31/><T50/><D50/><U108/><E69/><V121/><F121/><W2/><G123/><T37/><D37/><U24/><E120/><V122/><F122/><W73/><G73/><T124/><D124/><AGARI ba="0,1" hai="109,111,124,125,126" m="36943,20553,44138" machi="124" ten="40,12000,1" yaku="18,1,15,1,34,2,54,1" doraHai="86" who="2" fromWho="0" sc="189,-120,404,0,180,130,217,0" /><INIT seed="6,1,0,0,2,100" ten="69,404,310,217" oya="2" hai0="28,69,31,78,116,80,20,108,73,61,106,38,3" hai1="94,33,25,82,47,118,36,55,4,19,65,44,107" hai2="9,104,92,79,98,22,119,89,18,125,58,23,45" hai3="39,29,87,63,131,49,15,90,30,126,103,76,12"/><V32/><F32/><W72/><G39/><T127/><D108/><U120/><E107/><V134/><F119/><W101/><G76/><T74/><D74/><U88/><E118/><V26/><F125/><W46/><G72/><T24/><D116/><U57/><E65/><V133/><F79/><W123/><G123/><T102/><D127/><U48/><E4/><V40/><F9/><W59/><G131/><T112/><D28/><N who="3" m="10857" /><G126/><T71/><D112/><U35/><E33/><V109/><F23/><W83/><G49/><T122/><D122/><U8/><E35/><V0/><F0/><W34/><G46/><T117/><D117/><U132/><E36/><V85/><F109/><W97/><G34/><N who="0" m="20839" /><D38/><U6/><E82/><V95/><F58/><W42/><G42/><T130/><D130/><U27/><E47/><V70/><F70/><W99/><G99/><N who="0" m="61791" /><D20/><U5/><E44/><V114/><F114/><W1/><G1/><T2/><D71/><U77/><E77/><V96/><F45/><W7/><G97/><T66/><AGARI ba="1,0" hai="2,3,61,66,69,73,78,80" m="61791,20839" machi="66" ten="30,7900,0" yaku="25,1,33,2,52,1" doraHai="100" who="0" fromWho="0" sc="69,82,404,-21,310,-40,217,-21" /><INIT seed="7,0,0,4,1,18" ten="151,383,270,196" oya="3" hai0="81,124,135,60,63,102,104,13,75,58,119,62,9" hai1="111,131,26,129,93,31,134,4,116,97,91,106,77" hai2="130,39,94,87,34,85,59,51,89,133,114,101,66" hai3="33,83,1,128,52,67,44,40,82,22,125,126,15"/><W64/><G33/><T84/><D119/><U36/><E111/><V121/><F34/><W57/><G1/><T8/><D135/><U80/><E134/><V69/><F39/><W48/><G128/><N who="1" m="49226" /><E36/><V7/><F69/><W74/><G74/><T55/><D124/><N who="3" m="47721" /><G83/><T11/><D75/><N who="1" m="43071" /><E4/><V78/><F133/><W37/><G82/><T12/><D104/><U25/><E116/><V123/><F130/><W107/><G107/><T5/><D102/><N who="1" m="62799" /><E31/><V28/><F28/><W24/><G15/><T19/><REACH who="0" step="1"/><D9/><REACH who="0" ten="141,383,270,196" step="2"/><U49/><E49/><V109/><F101/><W98/><G98/><AGARI ba="0,1" hai="25,26,91,93,98" m="62799,43071,49226" machi="98" ten="30,1000,0" yaku="19,1" doraHai="18" who="1" fromWho="3" sc="141,0,383,20,270,0,196,-10" owari="141,-35.9,403,50.3,270,7.0,186,-21.4" /></mjloggm>