<mjloggm ver="2.3"><GO type="169" lobby="0"/><UN n0="%E3%83%95%E3%82%AF%E3%83%AD%E3%82%A6%E3%82%B5%E3%83%B3" n1="%E3%81%82%E3%81%BE%E3%81%82%E3%82%93" n2="%E3%82%A2%E3%83%9E%E3%83%9D%EF%BD%9E%EF%BD%9E%E3%83%A9" n3="%E3%81%BE%E3%81%A1%E3%81%8A" dan="17,17,17,16" rate="2180.56,2122.03,2141.01,2182.63" sx="F,M,M,M"/><TAIKYOKU oya="0"/><INIT seed="0,0,0,5,1,109" ten="250,250,250,250" oya="0" hai0="97,113,76,37,57,105,128,103,90,121,6,42,1" hai1="130,133,81,27,47,88,48,24,44,49,0,124,7" hai2="101,38,80,16,39,73,10,23,126,70,79,111,95" hai3="8,28,9,107,134,31,19,117,85,72,91,120,40"/><T64/><D121/><U93/><E130/><V77/><F111/><W114/><G117/><T99/><D128/><U25/><E124/><V61/><F79/><W3/><G72/><T65/><D113/><U4/><E133/><V34/><F34/><W2/><G107/><T32/><D32/><U98/><E0/><V63/><F126/><W96/><G96/><T110/><D110/><U35/><E35/><V102/><F10/><W52/><G40/><T22/><D76/><U36/><E36/><V46/><F95/><W11/><G134/><T84/><D1/><U67/><E67/><V55/><F63/><W51/><G120/><T78/><D6/><U50/><E81/><V33/><F33/><W122/><G122/><T132/><D132/><U119/><E119/><V53/><F53/><W131/><G131/><T83/><D57/><U100/><E100/><V60/><F60/><W129/><G129/><T13/><D99/><U59/><E59/><V94/><F94/><W87/><G87/><T115/><D115/><U127/><E127/><V75/><F75/><W89/><G114/><T69/><D69/><U74/><E74/><V5/><F5/><AGARI ba="0,0" hai="4,5,7,24,25,27,44,47,48,49,50,88,93,98" machi="5" ten="40,2600,0" yaku="8,1,54,1" doraHai="109" who="1" fromWho="2" sc="250,0,250,26,250,-26,250,0" /><INIT seed="1,0,0,3,0,128" ten="250,276,224,250" oya="1" hai0="81,89,68,62,28,127,134,33,5,88,0,83,73" hai1="40,108,115,124,112,101,31,87,64,23,76,46,7" hai2="79,75,109,103,37,93,55,106,111,36,21,77,105" hai3="91,135,118,99,94,65,52,102,10,86,97,54,44"/><U42/><E124/><V66/><F66/><W96/><G118/><T133/><D127/><U114/><E108/><N who="2" m="41547" /><F55/><W130/><G130/><T58/><D68/><U100/><E64/><V70/><F21/><W38/><G135/><N who="0" m="51723" /><D0/><U126/><E126/><V132/><F70/><W4/><G102/><T9/><D33/><U24/><E42/><V6/><F6/><W95/><G65/><N who="0" m="39127" /><D28/><U78/><E100/><V49/><F49/><W18/><G38/><N who="2" m="14953" /><F75/><W98/><G44/><T50/><D50/><U20/><E101/><V107/><F132/><W41/><G41/><T71/><D71/><U25/><E40/><V67/><F67/><W12/><N who="3" m="24576" /><DORA hai="17" /><W129/><G129/><T1/><D73/><U19/><E46/><V113/><F113/><W69/><G69/><T82/><AGARI ba="0,0" hai="1,5,9,81,82,83,88,89" m="39127,51723" machi="82" ten="30,8000,1" yaku="20,1,52,3,54,1" doraHai="128,17" who="0" fromWho="0" sc="250,80,276,-40,224,-20,250,-20" /><INIT seed="2,0,0,1,0,107" ten="330,236,204,230" oya="2" hai0="102,25,77,49,22,15,83,97,41,132,45,64,78" hai1="42,51,71,59,103,100,56,76,60,74,20,104,98" hai2="12,48,0,123,37,134,117,81,26,90,39,58,101" hai3="61,79,24,9,91,19,93,92,109,8,55,7,27"/><V4/><F123/><W87/><G109/><T120/><D120/><U43/><E71/><V28/><F117/><W105/><G105/><T2/><D2/><U110/><E110/><V47/><F101/><W16/><G79/><T95/><D132/><U82/><E100/><V14/><F0/><W57/><G93/><T119/><D119/><U13/><E51/><V75/><F58/><W86/><G86/><T46/><D15/><U130/><E130/><V85/><F75/><W114/><G114/><T10/><D10/><N who="3" m="4201" /><G7/><T1/><D1/><U29/><E59/><V63/><F63/><W35/><G35/><T121/><D121/><U122/><E122/><V111/><F134/><W70/><G70/><T33/><D33/><U5/><E5/><V124/><F124/><W84/><G84/><T65/><D45/><U34/><E34/><V40/><F4/><W129/><G129/><T96/><D96/><U17/><REACH who="1" step="1"/><E29/><REACH who="1" ten="330,226,204,230" step="2"/><V112/><F111/><W72/><G57/><T50/><D50/><U54/><AGARI ba="0,1" hai="13,17,20,42,43,54,56,60,74,76,82,98,103,104" machi="54" ten="20,8000,1" yaku="1,1,2,1,0,1,7,1,52,1,53,0" doraHai="107" doraHaiUra="31" who="1" fromWho="1" sc="330,-20,226,90,204,-40,230,-20" /><INIT seed="3,0,0,5,4,103" ten="310,316,164,210" oya="3" hai0="59,86,40,83,9,67,31,20,108,28,53,127,101" hai1="5,126,37,47,114,94,49,92,102,119,81,130,42" hai2="85,133,117,24,87,4,115,99,38,30,29,12,82" hai3="90,57,129,44,122,109,77,1,76,46,8,120,62"/><W66/><G129/><T78/><D108/><U73/><E114/><V65/><F117/><W2/><G109/><T36/><D127/><U50/><E126/><V32/><F115/><W54/><G90/><T69/><D101/><U71/><E71/><V6/><F133/><W125/><G125/><T79/><D79/><U116/><E5/><V100/><F38/><W63/><G8/><T58/><D69/><U121/><E121/><V27/><F65/><W118/><G57/><T52/><D67/><U55/><E37/><V106/><F12/><W26/><G66/><T88/><D36/><U134/><E134/><V95/><F95/><W64/><G64/><T132/><D40/><U43/><E130/><V74/><F74/><W70/><G70/><T21/><D9/><U14/><E14/><V25/><F25/><W68/><G68/><T124/><D78/><N who="1" m="44239" /><E102/><V61/><F61/><W39/><G39/><T75/><D75/><U18/><E18/><V19/><F19/><W110/><G110/><T91/><D124/><U22/><E22/><N who="0" m="8809" /><D91/><U56/><E43/><V3/><F3/><W93/><G93/><T23/><D132/><U60/><E94/><V113/><F113/><W97/><G26/><N who="0" m="16479" /><D31/><U16/><E92/><V11/><F11/><W0/><G0/><T131/><D131/><U10/><E119/><V96/><F96/><W128/><G128/><T89/><D89/><U15/><E116/><V45/><F45/><W107/><G118/><T84/><D84/><N who="2" m="32330" /><F82/><W98/><G54/><AGARI ba="0,0" hai="52,53,54,58,59,83,86,88" m="16479,8809" machi="54" ten="30,3900,0" yaku="8,1,54,2" doraHai="103" who="0" fromWho="3" sc="310,39,316,0,164,0,210,-39" /><INIT seed="4,0,0,2,0,9" ten="349,316,164,171" oya="0" hai0="27,128,96,101,94,113,71,57,79,100,14,108,30" hai1="18,40,28,74,73,66,68,70,103,104,129,7,21" hai2="134,20,69,114,32,45,85,62,53,121,16,110,89" hai3="98,132,54,11,47,88,82,48,72,51,0,83,46"/><T97/><D71/><U58/><E28/><V2/><F121/><W3/><G132/><T115/><D128/><U120/><E120/><V67/><F110/><W75/><G11/><T90/><D108/><U43/><E7/><V6/><F32/><W124/><G124/><T131/><D131/><U84/><E104/><V25/><F114/><N who="0" m="43530" /><D79/><U5/><E5/><V42/><F134/><W29/><G29/><T106/><D57/><U56/><E84/><V116/><F116/><W126/><G126/><T78/><D78/><U39/><E21/><V23/><F23/><W35/><G35/><N who="0" m="20959" /><D14/><U86/><E66/><V1/><F53/><W24/><G24/><T112/><N who="0" m="43538" /><T36/><DORA hai="80" /><D36/><U111/><E39/><V127/><F6/><W99/><REACH who="3" step="1"/><G54/><REACH who="3" ten="349,316,164,161" step="2"/><T41/><D41/><U92/><E111/><V52/><F52/><W22/><G22/><T10/><D10/><U87/><E129/><V91/><F127/><W118/><G118/><T122/><D122/><U102/><E18/><V13/><F25/><W38/><G38/><T130/><D130/><U44/><E44/><V123/><F123/><W31/><G31/><T117/><D117/><U107/><E40/><V135/><F135/><W34/><G34/><T133/><D133/><U105/><E43/><V81/><F45/><W63/><G63/><T119/><D119/><U61/><E61/><V59/><F42/><W76/><G76/><T95/><D106/><U33/><E33/><V49/><F62/><W64/><G64/><T60/><D60/><U77/><E77/><N who="2" m="46255" /><F67/><W50/><G50/><T65/><D65/><RYUUKYOKU ba="0,1" sc="349,10,316,10,164,-30,161,10" hai0="90,94,95,96,97,100,101" hai1="56,58,68,70,73,74,86,87,92,102,103,105,107" hai3="0,3,46,47,48,51,72,75,82,83,88,98,99" /><INIT seed="4,1,1,4,0,7" ten="359,326,134,171" oya="0" hai0="28,33,104,113,115,108,53,36,34,86,11,31,112" hai1="14,102,23,8,124,58,4,123,126,122,66,101,5" hai2="90,30,85,59,26,44,29,87,128,107,12,127,68" hai3="129,6,92,61,37,98,77,125,80,18,131,89,133"/><T40/><D104/><U76/><E76/><V121/><F121/><N who="1" m="46089" /><E23/><V45/><F68/><W118/><G118/><T39/><D108/><U67/><E5/><V109/><F109/><W27/><G37/><N who="0" m="14411" /><D40/><U130/><E130/><N who="3" m="49674" /><G6/><T111/><D111/><U24/><E24/><V70/><F70/><W95/><G61/><T56/><D86/><U62/><E67/><V116/><F116/><W91/><G18/><T132/><D132/><U78/><E78/><V88/><F107/><W75/><G27/><T3/><D3/><U21/><E21/><V38/><F38/><W60/><G60/><N who="0" m="35855" /><D11/><U96/><E96/><V54/><F128/><W15/><G15/><T47/><D47/><N who="2" m="17994" /><F12/><W16/><G16/><T64/><D64/><U83/><E14/><V20/><F30/><AGARI ba="1,1" hai="28,30,31,33,34,112,113,115" m="35855,14411" machi="30" ten="40,2000,0" yaku="15,1" doraHai="7" who="0" fromWho="2" sc="359,33,326,0,134,-23,171,0" /><INIT seed="4,2,0,5,2,68" ten="392,326,111,171" oya="0" hai0="57,0,113,12,1,48,33,26,35,82,129,96,131" hai1="45,127,73,15,22,134,11,47,94,88,25,107,59" hai2="27,61,42,111,125,64,36,102,40,3,24,116,110" hai3="115,71,13,50,124,105,98,76,103,104,118,133,79"/><T132/><D113/><U49/><E107/><V84/><F125/><W37/><G118/><T14/><D96/><U2/><E2/><N who="0" m="1129" /><D82/><U128/><E73/><V31/><F3/><W10/><G71/><T21/><D48/><U114/><E128/><N who="0" m="49225" /><D57/><U4/><E114/><V90/><F116/><W100/><G115/><T77/><D77/><U41/><E59/><V32/><F102/><W91/><G124/><T81/><D81/><U34/><E127/><V106/><F24/><W44/><G133/><T112/><D112/><U117/><E134/><V23/><F32/><N who="0" m="12362" /><D132/><U55/><E49/><V135/><F106/><W108/><G91/><T122/><D122/><U43/><E117/><V97/><F97/><W80/><G103/><T7/><D7/><U60/><E4/><V63/><F63/><W121/><G121/><T86/><D86/><U72/><E60/><V95/><F135/><W53/><G105/><T126/><D126/><U20/><E88/><V5/><F5/><W6/><G80/><T16/><AGARI ba="2,0" hai="12,14,16,21,26" m="12362,49225,1129" machi="16" ten="40,12000,1" yaku="19,1,34,2,54,1" doraHai="68" who="0" fromWho="0" sc="392,126,326,-42,111,-42,171,-42" /><INIT seed="4,3,0,1,5,112" ten="518,284,69,129" oya="0" hai0="32,119,121,90,55,63,102,93,57,117,20,65,10" hai1="75,89,4,105,111,53,50,68,125,24,39,1,64" hai2="130,85,126,94,60,40,13,52,101,87,99,33,123" hai3="25,118,77,5,128,88,62,132,43,51,81,0,18"/><T47/><D121/><U29/><E75/><V71/><F123/><W21/><G128/><T78/><D32/><U95/><E39/><V42/><F130/><W56/><G132/><T30/><D78/><U98/><E111/><V27/><F126/><W73/><G0/><T84/><D10/><U37/><E37/><V31/><F13/><W108/><G5/><T91/><D102/><U114/><E125/><V106/><F52/><W131/><G108/><T7/><D7/><U41/><E41/><N who="2" m="15979" /><F94/><W100/><G100/><T59/><D47/><U129/><E129/><V54/><F54/><W74/><G74/><T122/><D122/><U61/><E1/><V34/><F34/><W120/><G120/><T104/><D104/><U86/><E4/><V76/><F76/><W28/><G131/><T48/><REACH who="0" step="1"/><D91/><REACH who="0" ten="508,284,69,129" step="2"/><U44/><E105/><V19/><F101/><W69/><G88/><T15/><D15/><U2/><E2/><V96/><F106/><W8/><G8/><T12/><D12/><U127/><E127/><V26/><F33/><W80/><G77/><T135/><D135/><U82/><E89/><V58/><F27/><AGARI ba="3,1" hai="20,27,30,48,55,57,59,63,65,84,90,93,117,119" machi="27" ten="40,7700,0" yaku="1,1,52,2,53,0" doraHai="112" doraHaiUra="14" who="0" fromWho="2" sc="508,96,284,0,69,-86,129,0" owari="604,70.4,284,8.4,-17,-51.7,129,-27.1" /></mjloggm>