<mjloggm ver="2.3"><GO type="169" lobby="0"/><UN n0="%E3%81%82%E3%81%BE%E3%81%82%E3%82%93" n1="%41%63%75%6E%61%4A%72" n2="%52%65%61%6C%58" n3="%E9%A6%AC%E3%81%AE%E8%80%B3%E3%81%AB%E5%BF%B5%E4%BB%8F" dan="17,17,16,17" rate="2114.43,2248.90,2168.86,2166.63" sx="M,M,F,M"/><TAIKYOKU oya="0"/><INIT seed="0,0,0,3,1,99" ten="250,250,250,250" oya="0" hai0="63,114,32,59,132,24,69,57,87,107,5,130,102" hai1="61,50,88,68,75,56,105,104,54,60,46,84,78" hai2="62,81,33,119,34,22,121,91,74,131,66,0,122" hai3="134,28,51,2,94,124,47,71,43,42,15,45,92"/><T3/><D114/><U112/><E112/><V89/><F0/><W135/><G2/><T65/><D130/><U8/><E75/><V53/><F131/><W23/><G71/><T64/><D132/><N who="3" m="50729" /><G124/><T7/><D87/><U10/><E78/><V52/><F119/><W27/><G15/><T118/><D118/><U129/><E129/><V13/><F34/><W4/><G4/><T125/><D125/><U30/><E30/><V101/><F33/><W117/><G117/><T80/><D80/><U98/><E68/><V82/><F74/><W106/><G106/><T70/><D64/><U113/><E61/><V31/><F13/><W128/><G128/><T49/><D69/><U76/><E76/><V123/><F62/><W93/><G93/><T26/><D3/><U72/><E72/><V25/><F66/><W95/><G95/><T11/><D11/><U14/><E8/><V115/><F115/><W58/><G58/><T96/><D57/><U133/><E113/><V36/><F82/><W1/><G1/><T18/><D26/><U17/><E133/><V79/><F81/><W108/><G108/><T110/><D110/><U85/><E104/><V109/><F109/><W29/><G29/><N who="0" m="19495" /><D18/><U44/><E105/><V21/><F121/><W111/><G111/><T16/><D16/><U90/><E46/><V67/><F31/><W39/><AGARI ba="0,0" hai="23,27,28,39,42,43,45,47,51,92,94" m="50729" machi="39" ten="30,1100,0" yaku="20,1" doraHai="99" who="3" fromWho="3" sc="250,-5,250,-3,250,-3,250,11" /><INIT seed="1,0,0,5,3,68" ten="245,247,247,261" oya="1" hai0="113,30,127,25,92,134,22,72,53,129,101,100,80" hai1="73,94,124,18,99,105,102,120,32,65,1,123,41" hai2="36,33,34,55,60,78,108,103,93,13,39,2,111" hai3="63,116,28,31,122,87,121,7,71,125,15,79,3"/><U35/><E124/><V12/><F78/><W89/><G3/><T107/><D113/><U20/><E1/><V130/><F2/><W19/><G7/><T91/><D127/><U115/><E115/><V38/><F130/><W76/><G125/><T69/><D129/><U51/><E73/><V77/><F77/><W75/><G79/><T109/><D109/><N who="2" m="42058" /><F60/><W81/><G116/><T14/><D134/><U133/><E133/><V24/><F55/><W86/><G75/><T132/><D69/><U44/><E65/><V90/><F103/><W97/><G97/><T54/><D100/><U49/><E105/><V83/><F83/><W26/><G31/><T57/><D101/><U50/><E120/><V82/><F82/><W119/><G119/><T59/><D80/><U67/><E67/><V118/><F118/><W61/><G61/><T110/><D107/><U98/><E98/><N who="2" m="57655" /><F24/><W56/><G71/><T0/><D0/><U45/><E123/><V6/><F6/><W4/><G4/><T74/><D132/><U46/><REACH who="1" step="1"/><E41/><REACH who="1" ten="245,237,247,261" step="2"/><V131/><F131/><W43/><G43/><T47/><D110/><U135/><E135/><V106/><F106/><W17/><G122/><T42/><D74/><U37/><E37/><V58/><F58/><W64/><G121/><T62/><D72/><U88/><E88/><V96/><F96/><W40/><G40/><T52/><D57/><U112/><E112/><V21/><F21/><N who="3" m="15439" /><G89/><T126/><D126/><U85/><E85/><V48/><F48/><W16/><G87/><T117/><D42/><U9/><E9/><AGARI ba="0,1" hai="9,15,16,17,19,56,63,64,76,81,86" m="15439" machi="9" ten="30,2000,0" yaku="8,1,54,1" doraHai="68" who="3" fromWho="1" sc="245,0,237,-20,247,0,261,30" /><INIT seed="2,0,0,0,2,85" ten="245,217,247,291" oya="2" hai0="100,105,81,92,17,54,44,95,52,110,91,86,11" hai1="28,26,74,9,112,121,79,135,63,84,22,89,71" hai2="128,59,67,99,47,14,88,122,70,118,108,6,7" hai3="61,106,66,69,2,45,80,78,3,32,33,12,29"/><V0/><F122/><W98/><G12/><N who="0" m="7327" /><D110/><U120/><E112/><V126/><F118/><W62/><G62/><T56/><D105/><U40/><E135/><V68/><F126/><W21/><G21/><T93/><D100/><U94/><E40/><V41/><F128/><W64/><G64/><T77/><D77/><U97/><E74/><V116/><F116/><W48/><G48/><N who="0" m="28679" /><D95/><U82/><REACH who="1" step="1"/><E9/><REACH who="1" ten="245,207,247,291" step="2"/><N who="2" m="4407" /><F108/><W20/><G20/><T39/><D39/><U51/><E51/><AGARI ba="0,1" hai="51,54,56,81,86,91,92,93" m="28679,7327" machi="51" ten="30,7700,0" yaku="25,1,8,1,52,1,54,1" doraHai="85" who="0" fromWho="1" sc="245,87,207,-77,247,0,291,0" /><INIT seed="3,0,0,4,1,49" ten="332,130,247,291" oya="3" hai0="2,8,7,9,135,106,101,122,24,103,72,47,41" hai1="3,97,22,15,130,119,118,11,86,58,57,83,29" hai2="53,42,68,46,126,128,34,115,52,116,21,48,40" hai3="75,59,102,123,110,44,77,1,91,131,104,78,27"/><W70/><G123/><T51/><D122/><U108/><E108/><V4/><F34/><W129/><G70/><T93/><D106/><U107/><E130/><N who="3" m="49674" /><G1/><T121/><D121/><U117/><E3/><V66/><F128/><W5/><G5/><T67/><D72/><U109/><E109/><V79/><F116/><W71/><G71/><T14/><D135/><U84/><E22/><V6/><F115/><W33/><G75/><T36/><D67/><U60/><E29/><V132/><F132/><W73/><G73/><T94/><D36/><U95/><E107/><V20/><F126/><W127/><G44/><T28/><D103/><U100/><E83/><V54/><F79/><W31/><G127/><T134/><D101/><U88/><E100/><V0/><F0/><W32/><G32/><T125/><D134/><U64/><REACH who="1" step="1"/><E58/><REACH who="1" ten="332,120,247,291" step="2"/><V37/><F21/><W55/><G110/><T120/><D120/><U63/><E63/><N who="2" m="40031" /><F20/><W85/><G102/><T111/><D111/><U81/><E81/><V105/><F105/><W30/><G30/><T39/><D125/><U113/><E113/><V80/><F80/><N who="3" m="49575" /><G104/><T18/><D28/><U124/><E124/><V90/><F90/><W99/><G78/><T62/><D2/><U89/><E89/><V133/><F133/><W10/><G77/><T65/><D93/><U43/><E43/><N who="2" m="22895" /><F4/><AGARI ba="0,1" hai="4,11,15,57,60,64,84,86,88,95,97,117,118,119" machi="4" ten="40,5200,0" yaku="1,1,12,1,54,1,53,0" doraHai="49" doraHaiUra="13" who="1" fromWho="2" sc="332,0,120,62,247,-52,291,0" /><INIT seed="4,0,0,2,5,39" ten="332,182,195,291" oya="0" hai0="49,46,27,117,50,14,109,66,131,11,82,74,84" hai1="32,47,103,111,54,48,96,18,116,87,44,135,8" hai2="98,134,35,93,101,69,73,104,26,130,17,22,19" hai3="65,129,29,77,28,43,91,68,97,12,23,112,36"/><T126/><D117/><U119/><E111/><V45/><F69/><W64/><G77/><T3/><D3/><U59/><E32/><V41/><F130/><W72/><G72/><T57/><D74/><U89/><E135/><V58/><F134/><W80/><G129/><T62/><D131/><U105/><E47/><V102/><F73/><W86/><G68/><T113/><D113/><U63/><E18/><V99/><F35/><W4/><G97/><T78/><D126/><U2/><E8/><V118/><F118/><W0/><G0/><T56/><D109/><U34/><E34/><V30/><REACH who="2" step="1"/><F58/><REACH who="2" ten="332,182,185,291" step="2"/><W100/><G112/><T127/><D56/><U25/><E2/><V60/><F60/><W15/><G29/><T79/><D57/><U71/><E71/><V70/><F70/><W9/><G28/><T107/><D62/><U110/><E110/><V114/><F114/><W31/><G31/><T90/><D127/><U20/><E63/><V1/><F1/><W108/><G108/><T7/><D66/><U10/><E59/><V92/><F92/><W52/><G64/><T94/><D94/><U53/><E116/><V115/><F115/><W122/><G65/><T121/><D107/><U67/><E67/><V132/><F132/><W123/><G123/><T95/><D121/><U38/><E119/><V55/><F55/><W133/><G52/><T24/><D95/><N who="1" m="54719" /><E54/><V124/><F124/><W125/><G122/><T76/><D50/><AGARI ba="0,1" hai="17,19,22,26,30,41,45,50,93,98,99,101,102,104" machi="50" ten="30,8000,1" yaku="1,1,7,1,52,1,53,2" doraHai="39" doraHaiUra="13" who="2" fromWho="0" sc="332,-80,182,0,185,90,291,0" /><INIT seed="5,0,0,3,5,75" ten="252,182,275,291" oya="1" hai0="50,0,105,103,69,76,96,33,4,72,32,9,60" hai1="106,59,104,107,55,19,115,42,16,77,111,5,85" hai2="53,10,61,13,45,122,120,90,121,130,131,28,36" hai3="112,89,58,97,31,27,78,20,11,25,124,17,66"/><U70/><E70/><V3/><F3/><W127/><G112/><T117/><D50/><U133/><E115/><V40/><F28/><W63/><G78/><T113/><D117/><U12/><E133/><V26/><F26/><W48/><G48/><T99/><D99/><U129/><E42/><V62/><F90/><W126/><G11/><T21/><D21/><U80/><E129/><N who="2" m="49163" /><F13/><W125/><N who="3" m="31744" /><DORA hai="41" /><W2/><G2/><T118/><D118/><U93/><E93/><V56/><F10/><W128/><G128/><T79/><D113/><U52/><E111/><V24/><F24/><W108/><G108/><T123/><D123/><U101/><E101/><V86/><F86/><W98/><REACH who="3" step="1"/><G89/><REACH who="3" ten="252,182,275,281" step="2"/><T15/><D76/><U1/><E1/><V8/><F8/><W54/><G54/><T29/><D0/><U116/><E55/><V92/><F92/><W135/><G135/><T67/><D79/><U34/><E116/><V51/><AGARI ba="0,1" hai="36,40,45,51,53,56,61,62,120,121,122" m="49163" machi="51" ten="40,8000,1" yaku="19,1,34,2,52,1" doraHai="75,41" who="2" fromWho="2" sc="252,-20,182,-40,275,90,281,-20" /><INIT seed="6,0,0,4,4,67" ten="232,142,365,261" oya="2" hai0="25,27,17,56,124,96,63,107,111,99,23,114,127" hai1="72,122,48,30,39,5,13,119,79,49,33,123,87" hai2="108,28,120,41,73,85,42,82,112,104,45,77,62" hai3="125,110,26,11,20,130,74,115,126,76,29,95,106"/><V21/><F112/><W53/><G106/><T2/><D111/><U117/><E72/><V37/><F42/><W93/><G110/><T57/><D2/><U8/><E39/><V94/><F104/><W31/><G130/><T3/><D3/><U88/><E79/><V0/><F62/><W15/><G115/><T44/><D114/><U1/><E49/><V113/><F120/><N who="1" m="46121" /><E48/><V22/><F22/><W90/><G31/><T60/><D44/><U118/><E87/><V101/><F21/><W18/><G53/><N who="0" m="33807" /><D107/><U50/><E50/><V89/><F28/><W97/><G76/><T134/><D134/><U38/><E88/><V40/><F0/><W109/><G109/><T86/><D86/><U51/><E51/><V36/><F41/><W14/><G14/><T68/><D68/><U129/><E38/><V66/><F37/><W10/><G10/><T135/><D135/><U47/><E47/><V32/><F45/><W9/><G9/><T34/><D34/><U105/><E105/><V7/><F32/><W46/><G46/><T64/><D27/><N who="1" m="18655" /><E13/><V19/><F40/><W78/><G95/><T43/><D43/><U24/><E24/><V69/><F94/><W59/><G59/><T91/><D99/><U52/><E52/><V83/><F36/><W16/><G78/><T4/><D96/><U103/><E103/><V70/><F101/><W128/><G74/><T102/><D102/><U35/><E35/><V80/><F73/><W58/><G58/><T98/><D98/><U100/><E100/><V61/><F77/><W131/><G97/><T132/><D63/><RYUUKYOKU ba="0,0" sc="232,-10,142,30,365,-10,261,-10" hai1="1,5,8,117,118,119,129" /><INIT seed="7,1,0,5,4,35" ten="222,172,355,251" oya="3" hai0="57,85,62,42,21,7,71,1,19,33,125,46,98" hai1="107,103,72,87,86,88,81,123,44,10,109,84,120" hai2="49,119,23,101,124,2,27,66,74,34,96,55,9" hai3="108,60,118,14,134,77,135,3,31,95,52,130,17"/><W127/><G118/><T126/><D33/><U106/><E44/><V79/><F124/><N who="0" m="47722" /><D71/><U8/><E8/><V132/><F132/><N who="3" m="50731" /><G127/><T63/><D85/><N who="1" m="50223" /><E10/><V76/><F74/><W104/><G104/><N who="1" m="39978" /><E109/><V102/><F34/><W30/><G77/><T48/><D98/><U43/><E43/><V51/><F79/><W83/><G83/><T15/><D57/><U90/><E72/><V110/><F96/><W29/><G108/><T22/><D22/><U58/><E58/><V4/><F110/><W11/><G60/><N who="0" m="23083" /><D7/><U50/><E50/><V37/><F51/><W93/><G52/><N who="0" m="29719" /><D1/><U28/><E28/><V67/><F55/><W116/><G3/><T0/><D0/><U100/><E90/><V64/><F49/><W45/><G45/><T20/><D20/><U65/><E65/><V75/><F64/><W133/><G133/><T82/><D82/><U94/><E94/><V13/><F66/><W6/><G95/><T24/><D24/><U54/><E54/><V89/><F67/><W91/><G6/><T5/><D5/><U69/><E69/><V113/><F4/><W36/><G93/><T128/><D42/><U92/><E92/><V53/><F53/><W80/><G80/><T38/><D38/><U111/><E111/><V99/><F37/><W115/><G36/><T117/><D21/><U56/><E56/><V40/><F40/><W112/><G11/><T32/><D32/><U105/><N who="1" m="39986" /><U121/><AGARI ba="1,0" hai="84,86,87,100,103,120,121,123" m="39986,50223" machi="121" ten="50,8000,1" yaku="4,1,34,2,54,1" doraHai="35" who="1" fromWho="1" sc="222,-21,172,83,355,-21,251,-41" owari="201,-29.9,255,5.5,334,43.4,210,-19.0" /></mjloggm>