<mjloggm ver="2.3"><GO type="169" lobby="0"/><UN n0="%E3%83%94%E3%83%B3%E3%82%B5%E3%83%AD%E5%BA%97%E5%93%A1" n1="%79%61%6E%72%6F%75" n2="%E3%82%A4%E3%83%BC%E3%82%B1%E3%83%97%E3%83%A9" n3="%E5%BA%84%E5%8F%B8%E5%81%A5%E5%A4%AA%E6%9C%97" dan="17,16,16,16" rate="2267.14,2159.77,2109.35,2059.12" sx="M,M,M,M"/><TAIKYOKU oya="0"/><INIT seed="0,0,0,3,3,93" ten="250,250,250,250" oya="0" hai0="30,77,10,99,72,63,126,75,83,62,84,7,87" hai1="44,52,43,120,130,86,109,79,110,58,91,112,118" hai2="60,28,3,40,129,94,82,46,135,18,34,5,123" hai3="38,88,1,76,0,68,71,13,121,108,37,69,106"/><T105/><D126/><U65/><E79/><V85/><F123/><W17/><G76/><T51/><D30/><U101/><E120/><V32/><F129/><W115/><G115/><T131/><D131/><U90/><E130/><V57/><F135/><W4/><G4/><T125/><D125/><U122/><E122/><V21/><F5/><W54/><G108/><N who="1" m="41578" /><E118/><V26/><F3/><W22/><G121/><T78/><D51/><N who="1" m="31007" /><E112/><V19/><F94/><W29/><G29/><T98/><D7/><U97/><E86/><V103/><F103/><W73/><G73/><T16/><D10/><U133/><E65/><V2/><F2/><W20/><G17/><T14/><D14/><U25/><E25/><V107/><F107/><W41/><G13/><T102/><D16/><U56/><E56/><V80/><F80/><W8/><G71/><T33/><D33/><U61/><E61/><V124/><F124/><W48/><G8/><T70/><D70/><U104/><E133/><V128/><F128/><W55/><G48/><AGARI ba="0,0" hai="43,44,48,90,91,97,101,104" m="31007,41578" machi="48" ten="30,3900,0" yaku="14,1,52,1,54,1" doraHai="93" who="1" fromWho="3" sc="250,0,250,39,250,0,250,-39" /><INIT seed="1,0,0,0,3,18" ten="250,289,250,211" oya="1" hai0="102,66,107,97,63,32,20,35,42,93,135,104,25" hai1="120,16,2,87,45,58,82,126,133,19,75,105,29" hai2="112,38,70,31,33,91,36,117,62,51,5,61,110" hai3="17,21,121,94,125,40,6,134,92,14,108,90,28"/><U122/><E75/><V71/><F5/><W55/><G121/><T111/><D111/><U1/><E105/><V124/><F91/><W118/><G108/><T47/><D135/><U89/><E133/><V114/><F31/><W129/><G134/><T43/><D107/><U100/><E100/><V119/><F33/><W39/><G129/><T128/><D104/><U52/><E29/><V88/><F88/><W132/><G132/><T26/><D26/><U13/><E19/><V56/><F110/><W48/><G125/><T123/><D128/><U22/><E45/><V85/><F85/><W12/><G118/><T86/><D86/><U115/><E115/><V23/><F23/><W80/><G40/><T101/><D101/><U96/><E126/><V4/><F4/><W49/><G39/><T73/><D73/><U83/><E83/><V0/><F0/><W116/><G116/><T11/><D11/><U67/><E67/><V103/><F103/><W24/><G49/><T64/><D64/><U79/><E79/><V74/><F74/><W27/><G80/><T113/><D43/><U57/><E57/><V68/><F68/><W130/><G130/><T99/><D99/><U109/><E96/><V44/><F56/><N who="3" m="32871" /><G6/><T41/><D41/><U3/><REACH who="1" step="1"/><E109/><REACH who="1" ten="250,279,250,211" step="2"/><V50/><F44/><W15/><G90/><T98/><D47/><U59/><E59/><V9/><F9/><W95/><G28/><T106/><D102/><U76/><E76/><V81/><F81/><W8/><G8/><T131/><D131/><U84/><E84/><V78/><F78/><W69/><G69/><RYUUKYOKU ba="0,1" sc="250,-30,279,10,250,10,211,10" hai1="1,2,3,13,16,22,52,58,82,87,89,120,122" hai2="36,38,50,51,61,62,70,71,112,114,117,119,124" hai3="12,14,15,17,21,24,27,92,94,95" /><INIT seed="1,1,1,1,3,105" ten="220,289,260,221" oya="1" hai0="71,82,58,95,3,64,50,25,31,65,117,12,63" hai1="45,119,11,75,73,16,23,127,21,46,97,55,84" hai2="101,17,15,102,98,76,94,114,4,29,90,78,37" hai3="24,85,33,89,128,1,39,113,135,122,130,7,80"/><U103/><E119/><V35/><F37/><W120/><G39/><T22/><D3/><U74/><E84/><V19/><F114/><W42/><G42/><T116/><D95/><U32/><E32/><V61/><F35/><W51/><G113/><T91/><D12/><U132/><E127/><V60/><F29/><N who="3" m="19623" /><G135/><T126/><D126/><U134/><E11/><V67/><F4/><W107/><G107/><T10/><D10/><U99/><E21/><V93/><F19/><W52/><G7/><T57/><D71/><U41/><E55/><V124/><F124/><W70/><G70/><T40/><D40/><U72/><E72/><V111/><F111/><W44/><G1/><T47/><D47/><N who="1" m="17931" /><E103/><V0/><F0/><W54/><G54/><T100/><D100/><U30/><E30/><V81/><F101/><W79/><G79/><T8/><D8/><U49/><E49/><V87/><F78/><W96/><G96/><T110/><D110/><U38/><E41/><V131/><F131/><AGARI ba="1,1" hai="44,51,52,80,85,89,120,122,128,130,131" m="19623" machi="131" ten="30,2000,0" yaku="19,1,54,1" doraHai="105" who="3" fromWho="2" sc="220,0,289,0,260,-23,221,33" /><INIT seed="2,0,0,0,5,56" ten="220,289,237,254" oya="2" hai0="74,108,29,8,68,37,72,1,103,49,30,33,76" hai1="112,3,23,21,78,16,130,48,41,45,91,15,111" hai2="99,117,116,129,82,42,2,77,43,79,124,57,101" hai3="125,9,60,132,61,131,119,89,28,100,115,38,31"/><V4/><F129/><W87/><G119/><T84/><D49/><U69/><E111/><V58/><F124/><W113/><G38/><T19/><D84/><U85/><E112/><N who="3" m="43082" /><G132/><T62/><D19/><U6/><E69/><V17/><F2/><W67/><G67/><N who="0" m="41079" /><D30/><N who="3" m="11305" /><G100/><T71/><D108/><U44/><E78/><V93/><F4/><W92/><G131/><T27/><D76/><U128/><E23/><V135/><F135/><W106/><G106/><T90/><D90/><U95/><REACH who="1" step="1"/><E44/><REACH who="1" ten="220,279,237,254" step="2"/><V55/><F79/><W39/><G125/><T13/><D71/><U107/><E107/><V105/><F105/><W81/><G39/><T114/><D37/><U51/><E51/><V122/><F116/><W35/><G35/><T22/><D33/><U70/><E70/><V40/><F117/><W63/><G9/><AGARI ba="0,1" hai="3,6,9,15,16,21,41,45,48,85,91,95,128,130" machi="9" ten="40,5200,0" yaku="1,1,54,1,53,1" doraHai="56" doraHaiUra="0" who="1" fromWho="3" sc="220,0,279,62,237,0,254,-52" /><INIT seed="3,0,0,5,0,92" ten="220,341,237,202" oya="3" hai0="61,43,29,35,101,10,121,79,54,46,98,45,103" hai1="14,38,57,74,4,130,126,114,96,72,122,49,104" hai2="84,95,47,77,123,31,15,128,41,133,71,81,73" hai3="19,88,135,20,86,3,117,94,25,1,39,65,120"/><W30/><G117/><T131/><D121/><U37/><E114/><V17/><F71/><W83/><G120/><T127/><D131/><U76/><E122/><V18/><F123/><W0/><G135/><T115/><D115/><U64/><E130/><V100/><F128/><W9/><G39/><T66/><D127/><U90/><E126/><V93/><F133/><W55/><G65/><T78/><D10/><U26/><E26/><V23/><F73/><W5/><G55/><T102/><D35/><U119/><E76/><V22/><F31/><W132/><G132/><T82/><D29/><U118/><E4/><V108/><F108/><W48/><G48/><T24/><D24/><U40/><E14/><V112/><F112/><W125/><G125/><T6/><D6/><U2/><E2/><V51/><REACH who="2" step="1"/><F100/><REACH who="2" ten="220,341,227,202" step="2"/><W105/><G105/><T116/><D103/><N who="1" m="62567" /><E72/><V109/><F109/><W8/><REACH who="3" step="1"/><G83/><REACH who="3" ten="220,341,227,192" step="2"/><T134/><D82/><U59/><E118/><V27/><AGARI ba="0,2" hai="15,17,18,22,23,27,41,47,51,77,81,84,93,95" machi="27" ten="20,5200,0" yaku="1,1,0,1,7,1,8,1,53,0" doraHai="92" doraHaiUra="7" who="2" fromWho="2" sc="220,-13,341,-13,227,72,192,-26" /><INIT seed="4,0,0,3,3,34" ten="207,328,299,166" oya="0" hai0="95,69,103,97,105,91,12,80,119,44,43,76,79" hai1="0,35,41,115,3,36,106,88,96,94,22,122,67" hai2="130,32,87,30,81,128,131,48,58,46,84,27,55" hai3="126,47,21,51,60,99,9,11,5,129,63,72,124"/><T114/><D119/><U25/><E122/><V17/><F17/><W40/><G129/><T110/><D114/><U6/><E35/><V73/><F73/><W62/><G72/><T123/><D123/><U92/><E106/><V86/><REACH who="2" step="1"/><F46/><REACH who="2" ten="207,328,289,166" step="2"/><W26/><G124/><T101/><D44/><U75/><E75/><V49/><F49/><W59/><G126/><T102/><D110/><U2/><E115/><V18/><F18/><W4/><G59/><T71/><D71/><U31/><E6/><N who="3" m="2666" /><G99/><T70/><D70/><U77/><E77/><AGARI ba="0,1" hai="27,30,32,48,55,58,77,81,84,86,87,128,130,131" machi="77" ten="40,2600,0" yaku="1,1,19,1,53,0" doraHai="34" doraHaiUra="65" who="2" fromWho="1" sc="207,0,328,-26,289,36,166,0" /><INIT seed="5,0,0,0,0,27" ten="207,302,325,166" oya="1" hai0="3,101,135,102,132,111,43,44,105,57,86,93,28" hai1="126,59,88,131,12,77,60,119,89,84,30,22,67" hai2="24,34,9,134,8,19,40,26,116,118,99,41,79" hai3="18,96,104,58,68,15,113,107,108,74,23,95,31"/><U120/><E119/><V87/><F99/><W92/><G68/><T56/><D111/><U98/><E120/><V75/><F75/><W106/><G108/><T63/><D3/><U52/><E126/><V14/><F79/><W6/><G74/><T83/><D105/><U53/><E131/><V133/><F87/><W46/><G113/><T114/><D114/><U33/><E33/><V47/><F34/><W122/><G122/><T1/><D1/><U51/><E98/><V64/><F64/><W2/><G46/><T115/><D115/><U125/><E125/><V54/><F54/><N who="1" m="21097" /><E51/><V85/><F85/><W21/><G58/><T121/><D121/><U65/><E67/><V90/><F90/><W128/><G128/><T109/><D109/><U71/><E71/><V38/><F8/><W127/><G127/><T66/><D57/><U11/><E22/><V124/><F40/><W13/><G96/><T35/><D43/><U55/><E65/><V100/><F100/><W123/><G123/><T130/><D44/><U97/><E97/><V62/><F62/><W5/><G2/><T0/><D0/><U69/><E30/><V16/><F124/><W42/><G42/><T20/><D35/><U29/><E29/><V81/><F118/><W61/><G61/><T110/><D110/><U45/><E45/><V10/><F116/><W4/><G31/><T103/><D130/><U112/><E69/><V49/><F49/><W36/><G36/><T37/><D37/><U50/><E60/><V70/><F70/><W7/><N who="3" m="1024" /><DORA hai="73" /><W82/><G82/><T91/><D83/><RYUUKYOKU ba="0,0" sc="207,15,302,-15,325,-15,166,15" hai0="20,28,56,63,66,86,91,93,101,102,103,132,135" hai3="13,15,18,21,23,92,95,104,106,107" /><INIT seed="6,1,0,3,4,50" ten="222,287,310,181" oya="2" hai0="87,2,68,88,43,66,4,82,11,113,76,29,89" hai1="46,30,53,100,23,119,129,8,91,126,111,67,27" hai2="104,59,116,83,135,58,115,127,3,7,31,40,10" hai3="32,33,120,15,109,34,49,86,75,81,45,90,56"/><V21/><F116/><W84/><G109/><T60/><D113/><U74/><E111/><V110/><F110/><W69/><G69/><T128/><D128/><U16/><E119/><V117/><F104/><W44/><G75/><T35/><REACH who="0" step="1"/><D43/><REACH who="0" ten="212,287,310,181" step="2"/><U51/><E129/><V48/><F115/><W55/><G120/><T124/><D124/><U132/><E126/><V64/><F127/><W130/><G130/><T65/><D65/><U73/><E67/><V62/><F117/><W78/><REACH who="3" step="1"/><G15/><REACH who="3" ten="212,287,310,171" step="2"/><T38/><D38/><U61/><E73/><V123/><F123/><W0/><G0/><T9/><D9/><U1/><E74/><V12/><F3/><W71/><G71/><T99/><D99/><U122/><E122/><V28/><F10/><W25/><G25/><AGARI ba="1,2" hai="2,4,11,25,29,35,60,66,68,76,82,87,88,89" machi="25" ten="40,2600,0" yaku="1,1,54,1,53,0" doraHai="50" doraHaiUra="105" who="0" fromWho="3" sc="212,49,287,0,310,0,171,-29" /><INIT seed="7,0,0,1,2,131" ten="261,287,310,142" oya="3" hai0="6,102,89,119,135,4,100,56,130,105,25,133,24" hai1="87,22,48,74,45,32,66,108,113,3,121,88,53" hai2="57,21,114,70,47,38,82,12,109,29,0,18,98" hai3="76,112,123,63,93,127,118,55,1,90,59,9,86"/><W60/><G118/><T10/><D119/><U96/><E32/><V71/><F109/><W64/><G123/><T52/><D130/><U72/><E108/><V126/><F0/><W128/><G128/><T134/><D89/><U129/><E129/><V36/><F114/><W85/><G112/><T68/><D68/><U37/><E121/><V97/><F126/><W50/><G127/><T2/><D6/><U103/><E3/><V124/><F124/><W101/><G101/><N who="0" m="39019" /><D105/><U23/><E37/><V11/><F70/><W34/><G34/><T115/><D115/><U83/><E113/><V111/><F71/><W16/><G1/><T69/><D69/><U91/><E91/><V13/><F38/><W106/><G106/><T122/><D122/><U8/><E8/><V73/><F36/><W132/><G132/><T35/><D35/><U61/><E72/><V26/><F73/><W27/><G64/><T41/><D41/><U78/><E74/><V104/><F104/><W120/><G120/><T14/><D2/><U30/><E30/><V42/><F82/><N who="3" m="47303" /><G9/><T44/><D44/><U77/><E103/><V33/><F33/><W79/><G79/><N who="1" m="30218" /><E96/><V43/><F111/><W107/><G107/><T58/><D58/><AGARI ba="0,0" hai="22,23,45,48,53,58,61,66,83,87,88" m="30218" machi="58" ten="30,2000,0" yaku="8,1,54,1" doraHai="131" who="1" fromWho="0" sc="261,-20,287,20,310,0,142,0" owari="241,-15.9,307,10.7,310,41.0,142,-35.8" /></mjloggm>