<mjloggm ver="2.3"><GO type="169" lobby="0"/><UN n0="%E5%AE%88%E6%9D%91%E6%A1%9C%E5%BC%A5" n1="%E5%8F%B3%E8%84%B3%E8%A9%B0%E3%82%81" n2="%E7%99%BE%E9%87%8E%E3%81%95%E3%82%93" n3="%E3%81%B5%E3%81%98%E3%81%8A" dan="17,17,17,16" rate="2149.55,2217.06,2183.49,2125.24" sx="M,M,M,M"/><TAIKYOKU oya="0"/><INIT seed="0,0,0,2,3,88" ten="250,250,250,250" oya="0" hai0="95,49,54,79,41,64,43,102,47,8,26,16,61" hai1="32,85,94,37,24,4,105,28,42,70,91,107,30" hai2="103,90,31,22,62,38,118,10,3,93,80,17,110" hai3="36,6,97,111,117,96,15,23,83,122,59,72,34"/><T81/><D102/><U66/><E30/><V78/><F38/><W35/><G117/><T76/><D95/><U0/><E70/><V7/><F110/><W13/><G36/><T33/><D33/><U132/><E66/><V133/><F133/><W65/><G111/><T134/><D134/><U112/><E112/><V108/><F108/><W99/><G122/><T74/><D79/><U60/><E60/><V126/><F126/><W127/><G127/><T129/><D129/><U21/><E132/><V125/><F125/><W52/><G65/><T14/><REACH who="0" step="1"/><D26/><REACH who="0" ten="240,250,250,250" step="2"/><U12/><E32/><V123/><F103/><W71/><G35/><T116/><D116/><U63/><E105/><V113/><F118/><W119/><G34/><T5/><D5/><U115/><E107/><V51/><F123/><W69/><G119/><T109/><D109/><U131/><E94/><V92/><F113/><W57/><G6/><T68/><AGARI ba="0,1" hai="8,14,16,41,43,47,49,54,61,64,68,74,76,81" machi="68" ten="20,7800,0" yaku="1,1,0,1,7,1,54,1,53,0" doraHai="88" doraHaiUra="124" who="0" fromWho="0" sc="240,88,250,-26,250,-26,250,-26" /><INIT seed="0,1,0,5,0,51" ten="328,224,224,224" oya="0" hai0="35,27,101,108,33,76,134,53,72,112,40,80,29" hai1="117,54,66,47,87,2,114,127,60,128,74,132,10" hai2="6,11,21,94,124,25,106,119,62,103,55,43,84" hai3="39,130,61,133,125,9,81,22,12,1,59,3,23"/><T83/><D112/><U126/><E117/><V56/><F124/><N who="1" m="47657" /><E74/><V38/><F119/><W89/><G125/><T111/><D134/><U15/><E132/><V121/><F121/><W115/><G133/><T67/><D67/><U116/><E116/><V19/><F106/><W14/><G115/><T52/><D40/><U46/><E114/><V28/><F38/><W5/><G39/><T26/><D101/><U120/><E120/><V37/><F37/><W113/><G113/><T63/><D83/><U131/><E87/><V135/><F43/><W58/><G130/><N who="1" m="49706" /><E2/><V129/><F129/><W123/><G123/><T16/><D63/><U107/><E107/><V79/><F135/><W64/><G59/><T50/><D50/><N who="1" m="29015" /><E47/><V41/><F41/><W18/><G23/><N who="0" m="13671" /><D33/><U31/><E31/><V4/><F28/><W20/><G20/><T48/><D48/><U78/><E78/><V30/><F79/><W57/><G1/><T44/><D44/><U17/><E60/><V34/><F34/><W42/><G3/><T0/><D0/><U71/><E66/><V91/><F103/><W13/><G64/><T86/><D72/><U105/><E105/><V68/><F68/><AGARI ba="1,0" hai="10,15,17,68,71" m="29015,49706,47657" machi="68" ten="30,3900,0" yaku="18,1,19,1,52,1" doraHai="51" who="1" fromWho="2" sc="328,0,224,42,224,-42,224,0" /><INIT seed="1,0,0,5,4,131" ten="328,266,182,224" oya="1" hai0="125,29,10,114,15,65,89,124,78,18,83,31,44" hai1="130,4,73,27,81,77,39,107,96,36,32,70,135" hai2="52,85,105,82,95,104,40,80,79,128,111,133,55" hai3="41,103,2,119,20,129,121,75,94,106,33,54,117"/><U16/><E130/><V17/><F128/><W13/><G129/><T76/><D114/><U24/><E4/><V28/><F111/><W118/><G121/><T59/><D44/><U97/><E70/><V109/><F109/><W45/><G2/><T112/><D112/><U92/><E135/><V35/><F40/><W53/><G33/><T42/><D42/><U66/><E66/><V43/><F43/><W132/><G75/><T12/><D89/><U38/><E32/><V34/><F133/><W126/><G106/><T21/><D59/><U67/><E67/><V71/><F71/><W19/><G126/><N who="0" m="48747" /><D65/><U98/><E107/><V23/><F28/><N who="0" m="10826" /><D83/><U57/><E57/><V7/><F7/><AGARI ba="0,0" hai="7,10,12,15,18,21,76,78" m="10826,48747" machi="7" ten="30,1000,0" yaku="18,1" doraHai="131" who="0" fromWho="2" sc="328,10,266,0,182,-10,224,0" /><INIT seed="2,0,0,3,0,88" ten="338,266,172,224" oya="2" hai0="43,84,4,74,91,1,98,52,129,36,80,27,16" hai1="108,30,34,69,97,50,110,79,102,120,93,55,26" hai2="24,94,116,123,47,11,56,0,6,103,87,51,45" hai3="61,72,67,111,39,75,90,101,8,57,119,20,28"/><V59/><F116/><W38/><G119/><T70/><D70/><U49/><E69/><V25/><F123/><W92/><G111/><T10/><D129/><U42/><E120/><V23/><F45/><W29/><G8/><T54/><D74/><U76/><E42/><V7/><F7/><W132/><G132/><T62/><D62/><U65/><E65/><V63/><F63/><W41/><G101/><T121/><D121/><U12/><E50/><V68/><F68/><W19/><G75/><T3/><D3/><U127/><E12/><V40/><F25/><W46/><G72/><T117/><D98/><U85/><E127/><V77/><F77/><W83/><G83/><T105/><D105/><U134/><E134/><V14/><F0/><W48/><G39/><T126/><D117/><U17/><E17/><V86/><F87/><W21/><G38/><T33/><D33/><U44/><REACH who="1" step="1"/><E85/><REACH who="1" ten="338,256,172,224" step="2"/><V106/><F106/><W133/><G133/><T130/><D126/><U2/><E2/><V128/><F128/><W5/><G5/><T32/><D130/><U113/><E113/><V71/><F71/><W37/><G37/><T31/><D16/><U96/><E96/><N who="2" m="59799" /><F86/><N who="3" m="52311" /><G19/><AGARI ba="0,1" hai="6,11,14,19,23,24,40,47,51,56,59" m="59799" machi="19" ten="30,2900,0" yaku="8,1,52,1" doraHai="88" who="2" fromWho="3" sc="338,0,256,0,172,39,224,-29" /><INIT seed="2,1,0,3,3,99" ten="338,256,211,195" oya="2" hai0="5,20,121,35,10,105,67,59,36,87,22,135,80" hai1="42,3,132,63,13,86,122,134,28,103,83,52,70" hai2="24,47,4,129,113,84,49,14,125,25,119,34,43" hai3="116,124,31,48,44,30,41,131,96,100,51,53,107"/><V76/><F113/><W89/><G116/><T55/><D121/><U21/><E3/><V117/><F129/><W128/><G124/><T92/><D105/><U56/><E42/><V57/><F125/><W19/><G89/><T62/><D36/><U115/><E115/><V65/><F34/><W12/><G131/><T101/><D35/><U66/><E122/><V91/><F119/><W127/><G127/><T74/><D74/><U29/><E13/><V75/><F75/><W54/><G128/><T88/><D135/><N who="1" m="51755" /><E21/><V1/><F1/><W77/><G77/><T93/><D80/><U110/><E110/><V71/><F71/><W7/><G7/><T123/><D123/><U50/><E103/><V18/><F4/><W26/><G26/><T114/><D114/><U69/><E69/><V38/><F76/><AGARI ba="1,0" hai="28,29,50,52,56,63,66,70,76,83,86" m="51755" machi="76" ten="30,2000,0" yaku="20,1,54,1" doraHai="99" who="1" fromWho="2" sc="338,0,256,23,211,-23,195,0" /><INIT seed="3,0,0,4,5,21" ten="338,279,188,195" oya="3" hai0="109,76,77,110,134,100,79,45,98,117,3,116,133" hai1="67,32,101,18,102,0,72,115,130,58,99,81,126" hai2="41,65,103,48,118,53,46,70,75,1,59,97,55" hai3="127,24,129,30,113,27,63,19,40,78,31,95,16"/><W9/><G113/><T8/><D3/><U11/><E115/><V34/><F1/><W64/><G78/><T69/><D69/><U93/><E130/><V114/><F114/><W52/><G129/><T6/><D6/><U121/><E121/><V57/><F118/><N who="0" m="45674" /><D8/><U111/><E111/><N who="0" m="42505" /><D45/><U90/><E126/><V94/><F75/><W92/><G127/><T44/><D44/><U71/><E71/><V14/><F34/><W61/><G40/><T26/><D26/><N who="3" m="9769" /><G64/><T17/><D17/><N who="3" m="6729" /><G9/><T62/><D62/><N who="3" m="23561" /><G52/><N who="2" m="20041" /><F70/><W33/><G33/><T73/><D73/><U107/><E72/><V87/><F65/><W28/><AGARI ba="0,0" hai="28,30,31,92,95" m="23561,6729,9769" machi="28" ten="40,18000,2" yaku="28,2,8,1,52,3,54,1" doraHai="21" who="3" fromWho="3" sc="338,-60,279,-60,188,-60,195,180" /><INIT seed="3,1,0,3,5,34" ten="278,219,128,375" oya="3" hai0="6,63,101,52,57,128,3,84,72,14,24,21,19" hai1="135,4,26,123,39,109,5,85,76,11,22,90,133" hai2="2,103,69,27,71,73,60,20,1,65,31,91,94" hai3="119,114,56,125,105,16,41,74,23,13,36,42,89"/><W40/><G114/><T131/><D72/><U53/><E123/><V68/><F73/><W120/><G120/><T108/><D108/><U15/><E39/><V110/><F103/><W61/><G119/><T29/><D101/><U102/><E102/><V55/><F110/><W18/><G74/><T99/><D99/><U79/><E53/><V70/><REACH who="2" step="1"/><F55/><REACH who="2" ten="278,219,118,375" step="2"/><W0/><G105/><T116/><D116/><U47/><E109/><V78/><F78/><W107/><G107/><T64/><D64/><U134/><E76/><V50/><F50/><W30/><G36/><T66/><D66/><U46/><E79/><V113/><F113/><W122/><G122/><T111/><D111/><U92/><REACH who="1" step="1"/><E4/><REACH who="1" ten="278,209,118,375" step="2"/><V7/><F7/><W38/><G38/><T97/><D6/><U95/><E95/><V106/><F106/><W75/><G75/><T37/><D52/><U9/><E9/><V33/><F33/><W32/><G32/><T12/><D37/><U82/><E82/><V44/><F44/><W100/><G100/><T62/><D131/><U51/><E51/><V117/><F117/><W104/><G104/><T115/><D128/><U112/><E112/><V83/><F83/><W124/><G41/><T126/><D115/><U88/><E88/><V58/><F58/><W118/><G56/><T10/><D57/><U129/><E129/><V48/><F48/><W54/><G54/><T86/><D10/><U43/><E43/><V77/><F77/><W25/><G118/><T28/><D63/><U132/><N who="1" m="33792" /><DORA hai="45" /><U8/><E8/><V87/><AGARI ba="1,2" hai="1,2,20,27,31,60,65,68,69,70,71,87,91,94" machi="87" ten="30,8000,1" yaku="1,1,0,1,52,2,53,1" doraHai="34,45" doraHaiUra="17,93" who="2" fromWho="2" sc="278,-21,209,-21,118,103,375,-41" /><INIT seed="4,0,0,3,0,127" ten="257,188,221,334" oya="0" hai0="125,48,26,30,97,55,25,114,76,75,12,29,23" hai1="32,77,10,61,113,15,58,34,87,7,24,130,85" hai2="14,45,118,33,62,36,92,68,134,124,98,80,72" hai3="22,52,40,107,112,115,49,38,69,135,19,88,0"/><T16/><D114/><N who="3" m="43561" /><G135/><T71/><D125/><U123/><E113/><V47/><F124/><W86/><G69/><T39/><D39/><U28/><E123/><V11/><F33/><W6/><G107/><T100/><D71/><U70/><E70/><V13/><F134/><W109/><G109/><T121/><D121/><U43/><E43/><V66/><F118/><W105/><G105/><T37/><D37/><U67/><E32/><V63/><F63/><W5/><G40/><T89/><D89/><U99/><E77/><V41/><F45/><N who="3" m="27695" /><G0/><T31/><D75/><U116/><E116/><V46/><F46/><W94/><G38/><T111/><D76/><U44/><E44/><V57/><F68/><W17/><G17/><T132/><D111/><U90/><E130/><V91/><F72/><W53/><G53/><T78/><D78/><U117/><E117/><V128/><F128/><W110/><G110/><T4/><D4/><U2/><E2/><V9/><F80/><W73/><G73/><T3/><D3/><U50/><E50/><V81/><F81/><W103/><G103/><T93/><D132/><U64/><E64/><V133/><F133/><W60/><G60/><T51/><D51/><U102/><REACH who="1" step="1"/><E90/><REACH who="1" ten="257,178,221,334" step="2"/><V108/><F108/><W42/><G42/><T1/><D1/><U35/><E35/><V83/><F36/><W106/><G106/><AGARI ba="0,1" hai="7,10,15,24,28,34,58,61,67,85,87,99,102,106" machi="106" ten="30,2000,0" yaku="1,1,7,1,53,0" doraHai="127" doraHaiUra="129" who="1" fromWho="3" sc="257,0,178,30,221,0,334,-20" /><INIT seed="5,0,0,3,4,43" ten="257,208,221,314" oya="1" hai0="63,119,49,39,102,16,11,87,24,134,53,90,72" hai1="10,117,97,91,65,21,4,77,86,38,76,64,79" hai2="112,29,32,27,110,104,127,126,103,44,41,128,109" hai3="105,19,125,31,20,106,100,56,93,8,12,61,14"/><U75/><E117/><V122/><F122/><W22/><G125/><N who="2" m="47625" /><F128/><W17/><G93/><T99/><D72/><U26/><E75/><V2/><F2/><W6/><G31/><T15/><D39/><U95/><E38/><N who="2" m="21559" /><F112/><W98/><G106/><T48/><D119/><U55/><E55/><V131/><F131/><W121/><G121/><T74/><D74/><U45/><E45/><V81/><F81/><W62/><REACH who="3" step="1"/><G56/><REACH who="3" ten="257,208,221,304" step="2"/><N who="0" m="35215" /><D134/><U34/><E34/><V1/><F1/><AGARI ba="0,1" hai="1,6,8,12,14,17,19,20,22,61,62,98,100,105" machi="1" ten="30,3900,0" yaku="1,1,7,1,9,1,53,0" doraHai="43" doraHaiUra="82" who="3" fromWho="2" sc="257,0,208,0,221,-39,304,49" /><INIT seed="6,0,0,3,0,134" ten="257,208,182,353" oya="2" hai0="73,131,128,79,47,118,30,85,89,90,42,124,132" hai1="63,88,37,91,65,60,75,14,12,2,68,21,107" hai2="3,24,9,74,54,83,18,97,35,22,59,76,57" hai3="130,66,23,114,49,40,31,111,104,13,7,106,44"/><V4/><F35/><W20/><G111/><T10/><D132/><U6/><E75/><V34/><F34/><W62/><G130/><N who="0" m="49707" /><D30/><U64/><E37/><V127/><F127/><W81/><G114/><T72/><D79/><U113/><E107/><V102/><REACH who="2" step="1"/><F54/><REACH who="2" ten="257,208,172,353" step="2"/><W70/><G104/><AGARI ba="0,1" hai="3,4,9,18,22,24,57,59,74,76,83,97,102,104" machi="104" ten="30,5800,0" yaku="1,1,2,1,7,1,53,0" doraHai="134" doraHaiUra="46" who="2" fromWho="3" sc="257,0,208,0,172,68,353,-58" /><INIT seed="6,1,0,0,1,28" ten="257,208,240,295" oya="2" hai0="87,131,120,3,96,73,98,43,130,67,68,71,23" hai1="11,60,91,82,80,55,10,66,72,100,4,95,81" hai2="107,5,33,77,106,88,69,93,34,31,45,26,119" hai3="65,27,64,14,54,103,7,135,112,63,84,61,111"/><V22/><F119/><W47/><G111/><T118/><D120/><U38/><E38/><V57/><F69/><N who="0" m="26698" /><D73/><U86/><E66/><V126/><F45/><W101/><G135/><T70/><D3/><U115/><E115/><V75/><F5/><W52/><G112/><T35/><D43/><U92/><E72/><V16/><F126/><W42/><G27/><T2/><D2/><U114/><E114/><V50/><F77/><W24/><G24/><T18/><D35/><U53/><E60/><V113/><F75/><W32/><G32/><T109/><D67/><U85/><E100/><V8/><F8/><W123/><G123/><T122/><D70/><U20/><E20/><V6/><F6/><W124/><G124/><T46/><D46/><U94/><E91/><V125/><F125/><W79/><G42/><T13/><D109/><U102/><E102/><V51/><F51/><W19/><G7/><T62/><D62/><U56/><E56/><V97/><F113/><W36/><G36/><T90/><D118/><U49/><E49/><V29/><F29/><W74/><G74/><T17/><D17/><U58/><E58/><V83/><F83/><W21/><G61/><T134/><D134/><U99/><E99/><V127/><F127/><W9/><G65/><T110/><D110/><U40/><E40/><V105/><REACH who="2" step="1"/><F31/><REACH who="2" ten="257,208,230,295" step="2"/><W78/><G47/><T48/><D48/><U39/><E39/><V129/><F129/><N who="0" m="49162" /><D122/><U116/><E116/><V37/><F37/><W44/><G44/><T0/><D0/><N who="1" m="263" /><E11/><V41/><F41/><W104/><G9/><T128/><D128/><RYUUKYOKU ba="1,1" sc="257,10,208,10,230,10,295,-30" hai0="13,18,23,87,90,96,98" hai1="53,55,80,81,82,85,86,92,94,95" hai2="16,22,26,33,34,50,57,88,93,97,105,106,107" /><INIT seed="6,2,1,4,3,11" ten="267,218,240,265" oya="2" hai0="44,29,121,51,84,122,66,131,76,55,46,4,97" hai1="0,104,62,35,108,82,133,32,85,77,87,105,60" hai2="36,119,15,59,135,124,127,92,113,50,63,39,48" hai3="25,33,2,19,93,58,30,79,70,42,99,67,134"/><V8/><F119/><W114/><G2/><T109/><D109/><U12/><E0/><V26/><F26/><W56/><G134/><T41/><D131/><U69/><E133/><V102/><F135/><W18/><G79/><T75/><D75/><U129/><E129/><V61/><F102/><W100/><G42/><T72/><D72/><U52/><E108/><V23/><F23/><W38/><G38/><N who="2" m="14377" /><F92/><W54/><G114/><T1/><D29/><U27/><E87/><V6/><F113/><W91/><G70/><T20/><D97/><U81/><E81/><V73/><F73/><W21/><G33/><T116/><D116/><U40/><E40/><V13/><F8/><W128/><G128/><T17/><D66/><U80/><E80/><V22/><F22/><W5/><G5/><T123/><D4/><U111/><E111/><V132/><F6/><W45/><G91/><T16/><D1/><U115/><E115/><V10/><F10/><W83/><G83/><T7/><D7/><U98/><E98/><V3/><F3/><W94/><G94/><T64/><D84/><U126/><E35/><V90/><F90/><W14/><G67/><T34/><D64/><N who="1" m="41095" /><E12/><N who="2" m="4683" /><F132/><W110/><G110/><T112/><D112/><U28/><E104/><V9/><F9/><N who="3" m="6479" /><G30/><T118/><D118/><U57/><E105/><V49/><F59/><W65/><G65/><T117/><D117/><U68/><E68/><V74/><F74/><W43/><G43/><T125/><D34/><U130/><E130/><V107/><F107/><W24/><G24/><T53/><D41/><U88/><E77/><RYUUKYOKU ba="2,1" sc="267,-30,218,10,240,10,265,10" hai1="27,28,32,52,57,62,82,85,88,126" hai2="48,49,50,61,63,124,127" hai3="19,21,25,45,54,56,58,93,99,100" /><INIT seed="6,3,1,5,1,83" ten="237,228,250,275" oya="2" hai0="64,43,108,69,6,94,92,78,97,112,102,117,3" hai1="85,20,88,113,114,84,65,40,116,103,59,75,30" hai2="66,71,77,49,134,72,36,73,34,5,55,7,104" hai3="35,121,119,135,54,127,91,67,29,62,58,70,79"/><V122/><F122/><W16/><G119/><T46/><D108/><U125/><E116/><V47/><F104/><W15/><G121/><T118/><D112/><N who="1" m="43115" /><E75/><V39/><F34/><W57/><G135/><T132/><D132/><U95/><E125/><V96/><F134/><W106/><G127/><T19/><D78/><U13/><E103/><V18/><F73/><W1/><G1/><T45/><D45/><U124/><E40/><V14/><F96/><W26/><G106/><T98/><D19/><N who="1" m="10351" /><E124/><V23/><F39/><W53/><G79/><T38/><D69/><U21/><E21/><V22/><F36/><W50/><G91/><T107/><D64/><U11/><E11/><V37/><F37/><W123/><G123/><T51/><D38/><U109/><E30/><V74/><F74/><W63/><G15/><T8/><REACH who="0" step="1"/><D107/><REACH who="0" ten="227,228,250,275" step="2"/><U87/><E109/><V48/><F71/><W86/><G16/><T128/><D128/><U28/><E28/><V0/><F66/><W10/><G70/><T4/><D4/><U81/><E81/><V90/><F7/><W120/><G120/><T129/><D129/><U60/><AGARI ba="3,2" hai="59,60,65,84,85,87,88,95" m="10351,43115" machi="60" ten="30,8000,1" yaku="15,1,52,3,54,1" doraHai="83" who="1" fromWho="1" sc="227,-23,228,109,250,-43,275,-23" /><INIT seed="7,0,0,0,2,113" ten="204,337,207,252" oya="3" hai0="59,16,119,32,28,93,4,122,14,41,19,111,128" hai1="124,36,48,102,103,134,43,109,45,114,30,130,12" hai2="39,49,22,74,78,67,34,86,13,83,44,90,89" hai3="126,0,77,46,54,38,131,100,84,63,40,95,121"/><W72/><G121/><T112/><D122/><U97/><E109/><V18/><F34/><W5/><G131/><T123/><D123/><U37/><E114/><V82/><F39/><W92/><G126/><T110/><D112/><U118/><E118/><V35/><F35/><W133/><G133/><T70/><D70/><U107/><E103/><V29/><F29/><W58/><G84/><T51/><D4/><U11/><E134/><V127/><F127/><W56/><G56/><T31/><D128/><U96/><E96/><V71/><F71/><W15/><G15/><T105/><D105/><U25/><E130/><V64/><F90/><W120/><G100/><T9/><D119/><U27/><E27/><V60/><F60/><W6/><G6/><T85/><D32/><U88/><E88/><V108/><F108/><W24/><G24/><T132/><D132/><U69/><E69/><V55/><AGARI ba="0,0" hai="13,18,22,44,49,55,64,67,74,78,82,83,86,89" machi="55" ten="20,1500,0" yaku="0,1,7,1" doraHai="113" who="2" fromWho="2" sc="204,-4,337,-4,207,15,252,-7" owari="200,-30.0,333,43.3,222,-17.8,245,4.5" /></mjloggm>