<mjloggm ver="2.3"><GO type="169" lobby="0"/><UN n0="%45%72%77%69%6E%52%64" n1="%E3%81%9F%E3%81%8B%E3%81%AA" n2="%E8%A6%9A%E9%86%92%E3%81%97%E3%81%9F%E3%81%A8%E3%81%BE%E3%81%A8" n3="%E5%B0%8F%E6%B3%89%E3%83%81%E3%83%AB%E3%83%89%E3%83%AC%E3%83%B3" dan="16,19,16,16" rate="2140.13,2219.62,2125.10,2105.75" sx="M,M,M,M"/><TAIKYOKU oya="0"/><INIT seed="0,0,0,5,3,102" ten="250,250,250,250" oya="0" hai0="6,40,66,114,26,31,60,96,63,69,48,122,12" hai1="65,21,16,64,132,7,22,110,51,127,10,67,116" hai2="34,24,118,61,37,73,58,82,120,17,33,85,103" hai3="43,53,87,46,95,133,49,97,2,89,134,14,108"/><T50/><D114/><U13/><E116/><V115/><F120/><W111/><G2/><T45/><D122/><U121/><E121/><V86/><F115/><W101/><G14/><T105/><D60/><U100/><E110/><N who="3" m="42026" /><G43/><T18/><D6/><U109/><E109/><V78/><F118/><W92/><AGARI ba="0,0" hai="46,49,53,87,89,92,95,97,101,133,134" m="42026" machi="92" ten="30,1100,0" yaku="14,1" doraHai="102" who="3" fromWho="3" sc="250,-5,250,-3,250,-3,250,11" /><INIT seed="1,0,0,4,4,43" ten="245,247,247,261" oya="1" hai0="84,129,96,64,121,0,89,88,4,128,56,125,117" hai1="113,20,102,28,107,27,81,103,61,11,110,77,104" hai2="58,42,63,32,25,12,71,34,133,83,126,19,92" hai3="120,73,10,82,16,135,100,60,40,22,6,7,70"/><U132/><E113/><V2/><F133/><W44/><G120/><T134/><D117/><U59/><E132/><V33/><F126/><W95/><G135/><T50/><D134/><U48/><E110/><V51/><F2/><W115/><G115/><T78/><D125/><U37/><E37/><V5/><F83/><W74/><G6/><T29/><D29/><U123/><E123/><V65/><F92/><W76/><G73/><T94/><D78/><U35/><E35/><V9/><F25/><W26/><G70/><T67/><D121/><U93/><E11/><V46/><REACH who="2" step="1"/><F71/><REACH who="2" ten="245,247,237,261" step="2"/><W111/><G111/><T21/><D0/><U68/><E93/><V112/><F112/><W80/><G82/><T13/><D94/><U24/><E24/><V86/><F86/><W62/><G95/><T72/><D84/><U36/><E103/><V57/><F57/><W97/><G100/><T38/><D56/><U49/><E68/><V79/><F79/><W54/><G97/><T105/><D96/><U122/><E122/><V91/><F91/><W15/><REACH who="3" step="1"/><G54/><REACH who="3" ten="245,247,237,251" step="2"/><T30/><D64/><U90/><E102/><V17/><AGARI ba="0,2" hai="5,9,12,17,19,32,33,34,42,46,51,58,63,65" machi="17" ten="40,5200,0" yaku="1,1,0,1,52,1,53,0" doraHai="43" doraHaiUra="23" who="2" fromWho="2" sc="245,-13,247,-26,237,72,251,-13" /><INIT seed="2,0,0,2,5,53" ten="232,221,309,238" oya="2" hai0="121,64,58,57,75,34,125,66,44,97,123,46,99" hai1="86,124,135,72,28,78,23,129,63,87,103,65,10" hai2="68,50,131,4,106,24,40,112,88,89,128,74,54" hai3="70,118,130,93,35,77,13,38,107,52,8,122,90"/><V18/><F112/><W127/><G118/><T114/><D75/><U83/><E124/><V51/><F74/><W1/><G122/><T17/><D17/><U84/><E129/><N who="2" m="49739" /><F68/><W95/><G127/><T71/><D125/><U113/><E113/><V43/><F106/><W80/><G1/><T82/><D114/><U30/><E135/><V22/><F4/><W5/><G35/><T60/><D34/><U41/><E41/><N who="2" m="15947" /><F50/><W126/><G38/><T47/><D82/><U73/><E73/><V134/><F134/><W15/><G70/><T117/><D117/><U16/><E103/><V56/><AGARI ba="0,0" hai="18,22,24,51,54,56,88,89" m="15947,49739" machi="56" ten="30,6000,0" yaku="19,1,52,1,54,1" doraHai="53" who="2" fromWho="2" sc="232,-20,221,-20,309,60,238,-20" /><INIT seed="2,1,0,3,4,64" ten="212,201,369,218" oya="2" hai0="7,56,76,73,130,96,128,90,67,109,57,43,92" hai1="10,122,93,33,108,116,44,107,60,14,4,24,40" hai2="78,30,66,32,36,29,9,101,72,15,83,54,50" hai3="71,46,123,75,85,2,91,112,87,0,38,31,1"/><V17/><F36/><W117/><G117/><T20/><D109/><U51/><E107/><V134/><F134/><W41/><G123/><T5/><D43/><U106/><E106/><V82/><F32/><W19/><G75/><T69/><D20/><U110/><E116/><V104/><F66/><W95/><G31/><T105/><D105/><U77/><E122/><V94/><F104/><W55/><G112/><T113/><D113/><U53/><E93/><V120/><F120/><W70/><G55/><T131/><D56/><U65/><E53/><V115/><F115/><W119/><G119/><T68/><D57/><U37/><E37/><V121/><F121/><W27/><REACH who="3" step="1"/><G85/><REACH who="3" ten="212,201,369,208" step="2"/><T12/><D67/><U84/><E108/><V48/><F30/><W135/><G135/><T86/><D73/><U127/><E110/><V26/><F54/><W88/><G88/><N who="0" m="55303" /><D76/><U6/><E77/><V22/><F78/><W23/><AGARI ba="1,1" hai="0,1,2,19,23,27,38,41,46,70,71,87,91,95" machi="23" ten="40,8000,1" yaku="1,1,0,1,52,2,53,0" doraHai="64" doraHaiUra="97" who="3" fromWho="3" sc="212,-21,201,-21,369,-41,208,93" /><INIT seed="3,0,0,0,5,51" ten="191,180,328,301" oya="3" hai0="125,21,111,106,34,59,98,118,112,58,18,20,102" hai1="127,27,56,72,91,94,82,99,75,100,24,32,90" hai2="89,43,114,120,28,134,77,88,53,63,30,104,54" hai3="113,16,4,67,87,78,108,38,31,79,10,70,50"/><W2/><G113/><T84/><D118/><U47/><E127/><V131/><F114/><W129/><G38/><T109/><D34/><U124/><E124/><V65/><F134/><W117/><G117/><T7/><D125/><U69/><E69/><V19/><F131/><W128/><G31/><N who="2" m="11817" /><F104/><W22/><G108/><N who="0" m="41547" /><D20/><U119/><E119/><V95/><F120/><W81/><G78/><T37/><D37/><U46/><E32/><V55/><F77/><W107/><G107/><T14/><D112/><U36/><E36/><V33/><F33/><W57/><G70/><T11/><D84/><U115/><E115/><V6/><F43/><W0/><G2/><AGARI ba="0,0" hai="2,7,11,14,18,21,58,59,98,102,106" m="41547" machi="2" ten="30,1000,0" yaku="14,1" doraHai="51" who="0" fromWho="3" sc="191,10,180,0,328,0,301,-10" /><INIT seed="4,0,0,4,1,16" ten="201,180,328,291" oya="0" hai0="78,129,5,124,46,43,44,133,127,57,128,69,74" hai1="83,22,52,1,75,99,23,11,17,8,3,37,105" hai2="115,70,114,116,96,4,67,120,19,66,13,14,122" hai3="68,49,53,97,84,38,21,93,2,79,58,85,24"/><T12/><D74/><U130/><E37/><V103/><F4/><W31/><G2/><T48/><D78/><U29/><E130/><N who="0" m="50281" /><D5/><U61/><E75/><V131/><F131/><W71/><G38/><T123/><D12/><N who="2" m="4714" /><F19/><W102/><REACH who="3" step="1"/><G79/><REACH who="3" ten="201,180,328,281" step="2"/><T77/><D77/><U88/><E1/><V135/><F122/><W55/><G55/><N who="0" m="31975" /><D123/><U87/><E3/><V113/><F120/><W18/><G18/><T134/><D69/><AGARI ba="0,1" hai="21,24,31,49,53,58,68,69,71,84,85,93,97,102" machi="69" ten="40,2600,0" yaku="1,1,52,1,53,0" doraHai="16" doraHaiUra="56" who="3" fromWho="0" sc="201,-26,180,0,328,0,281,36" /><INIT seed="5,0,0,2,3,32" ten="175,180,328,317" oya="1" hai0="114,106,67,103,49,39,36,112,27,18,80,25,8" hai1="24,87,31,104,107,12,97,19,48,9,53,132,109" hai2="22,129,68,14,57,134,37,74,0,52,35,79,95" hai3="82,121,120,77,58,3,102,10,92,41,122,28,6"/><U78/><E132/><V20/><F35/><W11/><G28/><T64/><D106/><U133/><E133/><V128/><F134/><W38/><G58/><T50/><D103/><U55/><E109/><V1/><F68/><W75/><G11/><T117/><D80/><U90/><E78/><V130/><F37/><W34/><G34/><T71/><D8/><U115/><E115/><V125/><F125/><W21/><G21/><N who="2" m="8297" /><F14/><W23/><G23/><T43/><D71/><U62/><E31/><V118/><F118/><W111/><G92/><T7/><D7/><U4/><E24/><V26/><F26/><W123/><G102/><T124/><D43/><U127/><E127/><V98/><F79/><W15/><G15/><T47/><D124/><U63/><E4/><V135/><F74/><W81/><G81/><T40/><D40/><U100/><E104/><V94/><F135/><W59/><G59/><T16/><REACH who="0" step="1"/><D47/><REACH who="0" ten="165,180,328,317" step="2"/><N who="1" m="27807" /><E55/><V51/><F94/><W70/><G122/><T91/><D91/><AGARI ba="0,1" hai="0,1,51,52,57,91,95,98,128,129,130" m="8297" machi="91" ten="30,7700,0" yaku="19,1,52,2,54,1" doraHai="32" who="2" fromWho="0" sc="165,-77,180,0,328,87,317,0" /><INIT seed="6,0,0,3,0,99" ten="88,180,415,317" oya="2" hai0="67,44,20,73,105,42,14,9,60,72,19,29,12" hai1="110,93,100,116,52,51,28,118,38,66,4,26,64" hai2="2,59,10,124,65,56,55,95,129,90,133,40,91" hai3="17,45,30,103,21,68,47,101,127,43,98,49,86"/><V53/><F133/><W85/><G68/><T35/><D35/><U123/><E110/><V96/><F129/><W50/><G127/><T46/><D105/><U75/><E38/><V39/><F124/><W37/><G30/><T5/><D29/><U117/><E75/><V111/><F111/><W108/><G37/><T106/><D106/><U76/><E76/><V89/><F39/><W80/><G98/><T82/><D82/><U88/><E4/><V104/><F104/><W122/><G122/><T74/><REACH who="0" step="1"/><D42/><REACH who="0" ten="78,180,415,317" step="2"/><U115/><E123/><V121/><F40/><N who="3" m="24743" /><G108/><T70/><AGARI ba="0,1" hai="5,9,12,14,19,20,44,46,60,67,70,72,73,74" machi="70" ten="30,4000,0" yaku="1,1,0,1,53,1" doraHai="99" doraHaiUra="57" who="0" fromWho="0" sc="78,50,180,-10,415,-20,317,-10" /><INIT seed="7,0,0,4,2,48" ten="128,170,395,307" oya="3" hai0="46,111,16,19,60,23,12,129,31,99,135,112,25" hai1="13,29,91,45,27,41,122,97,51,10,33,123,38" hai2="53,95,74,32,54,104,77,84,107,28,115,110,2" hai3="26,113,44,118,119,105,8,76,71,0,109,68,130"/><W64/><G113/><T65/><D112/><U73/><E73/><V128/><F115/><W81/><G130/><T37/><D129/><U17/><E38/><V116/><F128/><W75/><G109/><T127/><D111/><U94/><AGARI ba="0,0" hai="10,13,17,27,29,33,41,45,51,91,94,97,122,123" machi="94" ten="30,1100,0" yaku="0,1" doraHai="48" who="1" fromWho="1" sc="128,-3,170,11,395,-3,307,-5" owari="125,-37.5,181,-21.9,392,49.2,302,10.2" /></mjloggm>