<mjloggm ver="2.3"><GO type="169" lobby="0"/><UN n0="%41%4C%50%45%52%49%4E" n1="%E3%81%BE%E3%81%A8%E3%81%9F" n2="%E3%83%8A%E3%82%AB%E3%81%AB%E3%81%97" n3="%E3%82%82%E3%82%8A%E3%82%8A%E3%82%93%E3%82%82%E3%82%8A%E3%82%82%E3%82%8A" dan="17,16,17,16" rate="2209.57,2111.75,2231.54,2053.59" sx="M,M,M,M"/><TAIKYOKU oya="0"/><INIT seed="0,0,0,0,4,126" ten="250,250,250,250" oya="0" hai0="83,41,52,127,53,2,15,47,122,91,56,18,44" hai1="87,24,6,38,42,121,71,29,11,85,119,103,80" hai2="63,62,132,51,70,131,117,98,135,46,96,16,25" hai3="39,17,82,123,4,111,34,124,61,120,8,0,108"/><T133/><D2/><U59/><E71/><V43/><F117/><W1/><G39/><T92/><D122/><N who="3" m="46633" /><G61/><N who="2" m="23049" /><F70/><W13/><G82/><T102/><D127/><U22/><E59/><V115/><F115/><W45/><G45/><T95/><D133/><N who="2" m="51274" /><F131/><W89/><G89/><T97/><D83/><U26/><E103/><V114/><F114/><W129/><G129/><T30/><D30/><U21/><E121/><V93/><F93/><W77/><G77/><T84/><D56/><U66/><E66/><V69/><F69/><W101/><G101/><T113/><D113/><U78/><E42/><V118/><F118/><W90/><G90/><T81/><D81/><U112/><E38/><V73/><F73/><W94/><G94/><T68/><D68/><U72/><E119/><V31/><F16/><N who="3" m="8231" /><G124/><T107/><D107/><U106/><E106/><V74/><F74/><W23/><G34/><AGARI ba="0,0" hai="25,31,34,43,46,51,96,98" m="51274,23049" machi="34" ten="30,1000,0" yaku="20,1" doraHai="126" who="2" fromWho="3" sc="250,0,250,0,250,10,250,-10" /><INIT seed="1,0,0,5,1,12" ten="250,250,260,240" oya="1" hai0="76,94,3,49,22,62,110,79,105,98,111,83,127" hai1="96,59,92,11,34,48,18,106,129,84,8,4,117" hai2="85,53,63,124,112,35,28,42,17,116,26,20,69" hai3="101,24,54,43,47,9,6,74,86,121,77,82,67"/><U31/><E117/><V133/><F116/><W36/><G121/><T93/><D3/><U125/><E106/><V87/><F133/><W75/><G101/><N who="0" m="62647" /><D62/><U99/><E31/><V56/><F124/><W114/><G114/><T16/><D49/><U30/><E30/><V2/><F112/><W14/><G67/><T103/><D127/><U100/><E34/><V50/><F2/><W131/><G131/><T108/><D103/><U115/><E115/><V126/><F126/><W33/><G33/><T81/><D81/><U0/><E125/><V5/><F5/><W73/><G24/><N who="0" m="14407" /><D79/><U130/><E84/><AGARI ba="0,0" hai="76,83,84,93,94,108,110,111" m="14407,62647" machi="84" ten="30,3900,0" yaku="14,1,52,1,54,1" doraHai="12" who="0" fromWho="1" sc="250,39,250,-39,260,0,240,0" /><INIT seed="2,0,0,5,1,11" ten="289,211,260,240" oya="2" hai0="90,97,12,79,107,53,72,52,61,2,9,30,110" hai1="8,21,64,33,84,102,41,117,66,92,128,23,36" hai2="35,127,95,115,13,125,54,55,44,47,86,85,62" hai3="31,39,98,69,3,45,75,93,126,101,131,25,135"/><V71/><F115/><W16/><G126/><N who="2" m="48137" /><F35/><W124/><G124/><T20/><D2/><U112/><E117/><V74/><F74/><W6/><G131/><T18/><D110/><U50/><E112/><V28/><F28/><W15/><G135/><T22/><D72/><U121/><E121/><V109/><F109/><W59/><G69/><T106/><D79/><U57/><E33/><V24/><F24/><W19/><G6/><T65/><D107/><U100/><E36/><V103/><F103/><W133/><G3/><T83/><D106/><U111/><E111/><V40/><F95/><W77/><G133/><T49/><D30/><U108/><E108/><V122/><F86/><W76/><G59/><N who="0" m="37055" /><D53/><N who="2" m="19978" /><F85/><W14/><G25/><T43/><D43/><U78/><E84/><V34/><F34/><W134/><G31/><T56/><D83/><U118/><E92/><AGARI ba="0,0" hai="9,12,18,20,22,49,52,56,90,92,97" m="37055" machi="92" ten="30,3900,0" yaku="8,1,52,1,54,1" doraHai="11" who="0" fromWho="1" sc="289,39,211,-39,260,0,240,0" /><INIT seed="3,0,0,2,2,71" ten="328,172,260,240" oya="3" hai0="60,131,79,55,77,33,40,114,29,37,80,2,45" hai1="1,109,90,72,61,66,11,8,83,50,9,67,110" hai2="10,27,82,125,128,59,88,25,54,68,108,38,113" hai3="99,75,121,0,106,107,101,86,118,35,96,23,84"/><W64/><G118/><T120/><D120/><U16/><E1/><V94/><F113/><W53/><G121/><T52/><D2/><U115/><E115/><V48/><F68/><W91/><G0/><T20/><D114/><U112/><E112/><V39/><F108/><N who="1" m="41577" /><E50/><V97/><F128/><W129/><G35/><T70/><D131/><U117/><E117/><V31/><F125/><W73/><G64/><N who="1" m="24618" /><E61/><V4/><F82/><N who="3" m="49559" /><G53/><T100/><D33/><U14/><E90/><V18/><F18/><W133/><G23/><T24/><D70/><U21/><E83/><V74/><F74/><AGARI ba="0,0" hai="8,9,11,14,16,21,72,74" m="24618,41577" machi="74" ten="40,2600,0" yaku="14,1,54,1" doraHai="71" who="1" fromWho="2" sc="328,0,172,26,260,-26,240,0" /><INIT seed="4,0,0,1,1,14" ten="328,198,234,240" oya="0" hai0="23,61,64,119,43,133,118,96,36,1,104,41,47" hai1="95,86,90,132,20,116,8,13,37,98,28,97,78" hai2="72,134,114,34,50,30,35,94,54,131,87,89,18" hai3="135,52,57,60,25,39,11,110,126,93,22,59,2"/><T81/><D1/><U3/><E37/><V99/><F72/><W65/><G110/><T15/><D133/><U105/><E116/><V4/><F134/><W69/><G126/><T74/><D43/><U12/><E3/><V45/><F114/><W49/><G39/><T122/><D122/><U63/><E132/><V76/><F131/><W56/><G135/><T102/><D23/><U17/><E28/><V6/><F30/><W21/><G93/><T19/><D74/><U42/><E42/><V0/><F0/><W88/><G88/><T85/><D85/><U62/><E105/><V111/><F111/><W103/><G103/><T32/><D32/><U67/><E78/><V101/><F76/><W5/><REACH who="3" step="1"/><G22/><REACH who="3" ten="328,198,234,230" step="2"/><T55/><D81/><U112/><E112/><V129/><F35/><W9/><G9/><T71/><D118/><U80/><E95/><N who="2" m="58623" /><F34/><W120/><G120/><T70/><D119/><U58/><REACH who="1" step="1"/><E63/><REACH who="1" ten="328,188,234,230" step="2"/><V83/><F94/><W29/><AGARI ba="0,2" hai="2,5,11,21,25,29,49,52,56,57,59,60,65,69" machi="29" ten="20,5200,0" yaku="1,1,0,1,7,1,54,1,53,0" doraHai="14" doraHaiUra="31" who="3" fromWho="3" sc="328,-26,188,-13,234,-13,230,72" /><INIT seed="5,0,0,3,3,113" ten="302,175,221,302" oya="1" hai0="48,21,96,118,38,117,122,131,126,29,36,99,132" hai1="81,87,37,42,108,134,41,89,76,93,17,72,9" hai2="83,8,58,82,46,105,78,50,65,47,101,26,69" hai3="55,124,61,130,91,12,25,92,66,18,68,114,75"/><U119/><E134/><V28/><F8/><W128/><G75/><T59/><D132/><U34/><E34/><V60/><F58/><W110/><G110/><T53/><D122/><U97/><E108/><V23/><F46/><W33/><G114/><T121/><D121/><U106/><E37/><V85/><F82/><W86/><G124/><T31/><D126/><U15/><REACH who="1" step="1"/><E119/><REACH who="1" ten="302,165,221,302" step="2"/><V22/><F105/><W70/><G33/><T127/><D127/><U129/><E129/><V116/><F116/><W44/><G128/><T100/><D131/><U0/><E0/><V43/><REACH who="2" step="1"/><F101/><AGARI ba="0,1" hai="9,15,17,41,42,72,76,81,87,89,93,97,101,106" machi="101" ten="40,12000,1" yaku="1,1,24,2,53,1" doraHai="113" doraHaiUra="14" who="1" fromWho="2" sc="302,0,165,130,221,-120,302,0" /><INIT seed="5,1,0,0,4,89" ten="302,295,101,302" oya="1" hai0="45,52,60,15,6,19,134,16,27,49,125,37,118" hai1="53,67,68,123,131,86,100,24,5,91,32,76,61" hai2="42,97,33,62,14,41,82,9,51,77,102,46,80" hai3="96,0,132,92,28,11,114,2,73,129,10,103,58"/><U87/><E123/><V23/><F33/><W3/><G73/><T113/><D118/><U31/><E131/><V20/><F42/><W115/><G129/><T38/><D113/><N who="3" m="43017" /><G132/><T112/><D112/><U119/><E119/><V94/><F62/><W57/><G28/><T22/><D125/><U25/><E25/><V13/><F13/><W26/><G26/><T72/><D134/><U111/><E111/><V69/><F69/><W121/><G121/><T85/><D72/><U71/><E71/><V63/><F63/><W127/><G127/><T50/><D6/><U66/><E66/><V84/><REACH who="2" step="1"/><F82/><REACH who="2" ten="302,295,91,302" step="2"/><W98/><G98/><T106/><D60/><U7/><E68/><V88/><F88/><W105/><G105/><T40/><D106/><U34/><E34/><V109/><F109/><W95/><G96/><T30/><D15/><U110/><E110/><V99/><F99/><W4/><G103/><T21/><D40/><U29/><E100/><V36/><F36/><W56/><G3/><T48/><D38/><U79/><E91/><V18/><AGARI ba="1,1" hai="9,14,18,20,23,41,46,51,77,80,84,94,97,102" machi="18" ten="20,12000,2" yaku="1,1,0,1,7,1,8,1,52,1,53,1" doraHai="89" doraHaiUra="78" who="2" fromWho="2" sc="302,-31,295,-61,91,133,302,-31" /><INIT seed="6,0,0,3,5,127" ten="271,234,224,271" oya="2" hai0="95,6,129,86,51,88,53,0,27,26,15,52,37" hai1="92,115,29,128,75,132,71,5,93,45,106,109,85" hai2="130,124,35,87,18,78,97,103,57,59,49,3,10" hai3="104,74,42,8,1,60,47,61,33,135,36,56,64"/><V123/><F123/><W79/><G135/><T17/><D129/><U21/><E109/><V119/><F119/><W133/><G133/><T39/><D0/><U81/><E132/><V23/><F124/><W108/><G108/><T131/><D131/><U117/><E106/><V69/><F69/><W94/><G33/><T12/><D39/><U122/><E75/><V16/><F35/><W91/><G104/><T116/><D37/><U7/><E71/><V58/><F130/><W110/><G110/><T4/><D116/><U48/><E115/><V41/><F3/><W83/><G56/><N who="0" m="32799" /><D53/><U9/><E122/><V112/><F10/><W96/><REACH who="3" step="1"/><G64/><REACH who="3" ten="271,234,224,261" step="2"/><T31/><D31/><U38/><E117/><V70/><F112/><W125/><G125/><T121/><D121/><U80/><E29/><V89/><F70/><W107/><G107/><T2/><D2/><U134/><E128/><V19/><F58/><W82/><G82/><T30/><D30/><U99/><E81/><N who="2" m="47543" /><F59/><W114/><G114/><T111/><D111/><U55/><E134/><V63/><F63/><W66/><G66/><T40/><D40/><U100/><E80/><V76/><F57/><W105/><G105/><T11/><D4/><AGARI ba="0,1" hai="1,4,8,36,42,47,60,61,74,79,83,91,94,96" machi="4" ten="40,5200,0" yaku="1,1,25,2,53,0" doraHai="127" doraHaiUra="126" who="3" fromWho="0" sc="271,-52,234,0,224,0,261,62" /><INIT seed="7,0,0,0,3,35" ten="219,234,224,323" oya="3" hai0="31,37,129,80,104,68,2,126,69,117,134,77,74" hai1="49,84,58,22,1,120,16,0,24,107,30,87,56" hai2="15,66,28,9,125,6,85,131,128,41,133,70,19" hai3="79,135,89,26,45,76,100,51,102,65,63,25,119"/><W86/><G135/><T20/><RYUUKYOKU type="yao9" ba="0,0" sc="219,0,234,0,224,0,323,0" hai0="2,20,31,37,68,69,74,77,80,104,117,126,129,134" /><INIT seed="7,1,0,1,1,71" ten="219,234,224,323" oya="3" hai0="117,69,54,64,73,28,102,76,65,3,113,77,55" hai1="116,78,58,51,1,122,36,13,75,38,133,135,127" hai2="16,5,100,79,57,46,6,91,40,86,66,19,39" hai3="101,31,103,87,14,17,105,128,43,115,84,67,61"/><W41/><G115/><T82/><D117/><U63/><E1/><V11/><F100/><N who="3" m="38475" /><G105/><T10/><D113/><U68/><E68/><V130/><F130/><W33/><G33/><T83/><D102/><U9/><E122/><V34/><F34/><W44/><G31/><T62/><D28/><U114/><E114/><V98/><F98/><W7/><G7/><T92/><D92/><U109/><E109/><V32/><F79/><W45/><G128/><T94/><D94/><U24/><E78/><V20/><F32/><W22/><G61/><T60/><D10/><U35/><E63/><V123/><F19/><W70/><G70/><T80/><D3/><U111/><E111/><V30/><F30/><W18/><G67/><T96/><D96/><U132/><E116/><V21/><F21/><N who="3" m="11447" /><G44/><T12/><D12/><U59/><E75/><V112/><F123/><W85/><G45/><T27/><D27/><AGARI ba="1,0" hai="18,22,27,41,43,84,85,87" m="11447,38475" machi="27" ten="30,1500,0" yaku="8,1" doraHai="71" who="3" fromWho="0" sc="219,-18,234,0,224,0,323,18" owari="201,-29.9,234,3.4,224,-17.6,341,44.1" /></mjloggm>