<mjloggm ver="2.3"><GO type="169" lobby="0"/><UN n0="%E8%B5%A4%E4%BA%94%E7%AB%8B%E7%9B%B4" n1="%E3%81%A6%E3%81%BE%E3%81%A1" n2="%70%6F%6E%2D%65%6E" n3="%E8%B5%A4%E6%9C%A8%E3%81%97%E3%81%92%E3%82%8B" dan="16,17,16,16" rate="2152.78,2131.13,2117.77,2088.68" sx="F,M,F,M"/><TAIKYOKU oya="0"/><INIT seed="0,0,0,0,2,60" ten="250,250,250,250" oya="0" hai0="42,110,104,90,41,89,129,72,52,47,38,76,21" hai1="14,40,98,20,69,11,88,27,59,19,124,127,6" hai2="0,126,94,95,15,46,123,81,118,80,105,45,128" hai3="22,101,99,50,24,10,64,61,86,13,87,36,3"/><T73/><D129/><U25/><E69/><V113/><F0/><W56/><G36/><T17/><D104/><U31/><E40/><V58/><F105/><W111/><G3/><T53/><D110/><U66/><E59/><V130/><F58/><W91/><G50/><T92/><D42/><U84/><E98/><V4/><F15/><W100/><G111/><T34/><D34/><U51/><E51/><V12/><F12/><W79/><G79/><T55/><D76/><U103/><E103/><V65/><F4/><W2/><G2/><T125/><D125/><U82/><REACH who="1" step="1"/><E66/><REACH who="1" ten="250,240,250,250" step="2"/><V109/><F65/><W77/><G99/><T28/><D38/><U32/><AGARI ba="0,1" hai="6,11,14,19,20,25,27,31,32,82,84,88,124,127" machi="32" ten="30,12000,2" yaku="1,1,2,1,0,1,54,1,53,2" doraHai="60" doraHaiUra="133" who="1" fromWho="1" sc="250,-60,240,130,250,-30,250,-30" /><INIT seed="1,0,0,4,3,117" ten="190,370,220,220" oya="1" hai0="40,5,17,126,16,61,52,131,15,20,83,96,77" hai1="112,44,75,26,12,135,92,46,31,35,41,90,49" hai2="11,45,102,51,89,48,107,55,114,23,1,132,81" hai3="120,21,78,60,13,86,118,67,29,73,103,84,28"/><U4/><E112/><V39/><F39/><W108/><G118/><T124/><D131/><U106/><E106/><V18/><F132/><W8/><G108/><T79/><D40/><U10/><E75/><V25/><F114/><W74/><G103/><T113/><D113/><U6/><E46/><V88/><F81/><W72/><G120/><T91/><D5/><U32/><E135/><V116/><F116/><W65/><G65/><T111/><D111/><U93/><E35/><V98/><REACH who="2" step="1"/><F51/><REACH who="2" ten="190,370,210,220" step="2"/><W94/><G72/><T127/><D83/><U64/><E49/><V36/><F36/><W58/><G73/><T42/><D42/><U38/><E38/><V85/><F85/><W101/><G74/><T99/><D99/><U24/><E41/><V47/><F47/><W110/><G110/><T97/><D97/><U129/><E44/><V95/><F95/><W2/><G84/><T50/><D50/><U56/><E93/><V71/><F71/><W33/><G94/><N who="0" m="56415" /><D17/><U37/><E37/><V80/><F80/><W109/><G86/><T121/><D121/><U130/><E130/><V34/><F34/><W66/><G33/><T82/><D82/><U76/><E129/><V105/><F105/><W57/><G109/><T0/><D0/><U123/><E123/><V115/><F115/><W69/><G2/><T100/><D100/><U30/><E32/><V63/><F63/><W87/><G101/><T53/><D61/><U3/><E3/><V59/><F59/><W122/><G122/><T125/><D126/><U14/><E92/><V7/><AGARI ba="0,1" hai="1,7,11,18,23,25,45,48,55,88,89,98,102,107" machi="7" ten="30,4000,0" yaku="1,1,0,1,54,1,53,0" doraHai="117" doraHaiUra="68" who="2" fromWho="2" sc="190,-10,370,-20,210,50,220,-10" /><INIT seed="2,0,0,1,4,32" ten="180,350,260,210" oya="2" hai0="83,28,39,25,13,85,89,134,24,19,8,55,9" hai1="91,7,93,22,35,1,120,71,84,53,81,114,62" hai2="6,11,59,133,38,37,100,104,102,87,126,29,80" hai3="132,110,60,90,63,49,135,48,123,116,56,65,47"/><V66/><F126/><W111/><G123/><T124/><D124/><U64/><E114/><V18/><F133/><N who="3" m="51275" /><G90/><T51/><D134/><U106/><E35/><V88/><F18/><W95/><G95/><T118/><D39/><U16/><E106/><V127/><F127/><W26/><G26/><T73/><D73/><U101/><E120/><V69/><F69/><N who="3" m="42151" /><G116/><T108/><D108/><N who="3" m="41513" /><G47/><T105/><D105/><U96/><E93/><V125/><F88/><W15/><G15/><T36/><D118/><U52/><E101/><V131/><F102/><W109/><N who="3" m="41521" /><W20/><DORA hai="12" /><G20/><T94/><D36/><U70/><E96/><V54/><F100/><W0/><G0/><T21/><D25/><U27/><E71/><V14/><F14/><W99/><G99/><T41/><D94/><U128/><E1/><V30/><F104/><W31/><G31/><T86/><D86/><U103/><E103/><V61/><F87/><W115/><G115/><T46/><REACH who="0" step="1"/><D8/><REACH who="0" ten="170,350,260,210" step="2"/><U130/><E27/><V74/><F11/><W92/><G92/><T23/><D23/><U113/><E22/><V72/><F74/><W10/><G10/><T50/><D50/><U4/><E113/><V122/><F72/><W45/><G45/><T34/><D34/><U2/><E84/><V82/><F125/><W78/><G78/><T76/><D76/><U79/><E79/><V42/><F38/><W97/><G97/><T40/><AGARI ba="0,1" hai="9,13,19,21,24,28,40,41,46,51,55,83,85,89" machi="40" ten="30,12000,2" yaku="1,1,0,1,25,2,8,1,52,1,53,0" doraHai="32,12" doraHaiUra="68,67" who="0" fromWho="0" sc="170,130,350,-30,260,-60,210,-30" /><INIT seed="3,0,0,2,3,83" ten="300,320,200,180" oya="3" hai0="9,65,104,71,54,112,70,45,61,22,78,121,132" hai1="15,118,109,24,26,72,52,90,58,18,36,59,4" hai2="13,133,42,11,6,105,30,43,66,98,129,92,64" hai3="100,86,19,67,31,3,37,17,8,2,116,53,89"/><W123/><G123/><T80/><D121/><U41/><E72/><V7/><F105/><W135/><G116/><T88/><D104/><U47/><E118/><V81/><F129/><W57/><G135/><T44/><D132/><U107/><E107/><V94/><F133/><W95/><G37/><T0/><D70/><U97/><E109/><V113/><F113/><W99/><G3/><T75/><D112/><U1/><E58/><V5/><F30/><W38/><G38/><T21/><D45/><U35/><E35/><V76/><F43/><W131/><G131/><T119/><D119/><U122/><E122/><V56/><F42/><W69/><G31/><T110/><D110/><U127/><E4/><V60/><F66/><W23/><G2/><T28/><D28/><U10/><E1/><V51/><F51/><W106/><G8/><T27/><D9/><U120/><E127/><V25/><F25/><W33/><G33/><T103/><D27/><U46/><E46/><V134/><F134/><W29/><G67/><T91/><D0/><U101/><E90/><V128/><F128/><W85/><G69/><T87/><D103/><U12/><E12/><V32/><F32/><W48/><REACH who="3" step="1"/><G85/><REACH who="3" ten="300,320,200,170" step="2"/><T16/><D87/><U62/><E120/><V115/><F115/><W130/><G130/><T96/><D65/><U68/><E68/><V108/><F108/><W73/><G73/><T40/><D75/><U124/><E124/><V93/><F98/><W117/><G117/><T114/><D96/><U74/><E74/><N who="2" m="43159" /><F64/><W50/><G50/><N who="0" m="28999" /><D114/><U63/><E36/><V102/><F102/><RYUUKYOKU ba="0,1" sc="300,-15,320,-15,200,15,170,15" hai2="5,6,7,11,13,56,60,92,93,94" hai3="17,19,23,29,48,53,57,86,89,95,99,100,106" /><INIT seed="3,1,1,5,2,19" ten="285,305,215,185" oya="3" hai0="97,11,44,57,32,23,3,73,101,93,117,68,130" hai1="76,41,30,15,98,111,107,65,50,21,40,69,70" hai2="96,84,108,119,103,77,85,0,49,90,122,134,104" hai3="35,26,110,83,102,128,71,29,22,9,88,8,58"/><W123/><G71/><T120/><D120/><U89/><E111/><V1/><F119/><W105/><G123/><T64/><D32/><U37/><E76/><V133/><F122/><W113/><G113/><T54/><D73/><U78/><E78/><V66/><F108/><W135/><G110/><T106/><D130/><U46/><E40/><V13/><F66/><W79/><G135/><N who="2" m="51721" /><F49/><W100/><G128/><T5/><D68/><U28/><E28/><V27/><F27/><W129/><G129/><T92/><D117/><U95/><E107/><V2/><F13/><W6/><G35/><T125/><D125/><U31/><E31/><V131/><F131/><W114/><G114/><T14/><D44/><U12/><E37/><V74/><F90/><W124/><G124/><T80/><D64/><U53/><E41/><V94/><F94/><W42/><G42/><T82/><D93/><U17/><E30/><V34/><F34/><W16/><G105/><T63/><D106/><U47/><E70/><V72/><F77/><W10/><G79/><T52/><D54/><U62/><REACH who="1" step="1"/><E12/><REACH who="1" ten="285,295,215,185" step="2"/><V86/><AGARI ba="1,2" hai="0,1,2,72,74,84,85,86,96,103,104" m="51721" machi="86" ten="40,1500,0" yaku="20,1" doraHai="19" who="2" fromWho="2" sc="285,-5,295,-5,215,38,185,-8" /><INIT seed="4,0,0,3,1,5" ten="280,290,253,177" oya="0" hai0="99,79,74,29,42,49,92,122,90,30,28,83,65" hai1="34,13,25,127,75,113,132,82,89,48,115,41,11" hai2="6,72,116,39,121,37,61,87,31,4,19,10,12" hai3="70,111,110,108,95,55,126,40,33,103,133,101,32"/><T84/><D122/><U105/><E105/><V8/><F72/><W44/><G70/><T94/><D65/><U73/><E127/><V124/><F121/><W100/><G126/><T67/><D67/><U130/><E130/><V125/><F116/><W85/><G133/><T66/><D66/><U134/><E34/><V45/><F31/><W53/><G85/><T57/><D42/><U59/><E25/><V50/><F124/><W56/><G95/><T91/><D57/><U109/><E109/><V119/><F119/><W24/><G24/><T97/><REACH who="0" step="1"/><D49/><REACH who="0" ten="270,290,253,177" step="2"/><U114/><E59/><V60/><F125/><W120/><G120/><T93/><D93/><U81/><E48/><V16/><F39/><W38/><G55/><T14/><D14/><U36/><E36/><V112/><F37/><W128/><G128/><T76/><D76/><U102/><E41/><V123/><F123/><W7/><G56/><T80/><D80/><N who="1" m="30827" /><E134/><V43/><F61/><W35/><G53/><T2/><D2/><U106/><E132/><V46/><F60/><W107/><G107/><T18/><D18/><N who="1" m="8511" /><E106/><V26/><F50/><W23/><G7/><T62/><D62/><U27/><E115/><V88/><F112/><W135/><G135/><T15/><D15/><U9/><E114/><V58/><F58/><W0/><G0/><T86/><AGARI ba="0,1" hai="28,29,30,74,79,83,84,86,90,91,92,94,97,99" machi="86" ten="30,11700,0" yaku="1,1,0,1,9,1,53,1" doraHai="5" doraHaiUra="78" who="0" fromWho="0" sc="270,127,290,-39,253,-39,177,-39" /><INIT seed="4,1,0,1,2,123" ten="397,251,214,138" oya="0" hai0="106,81,65,7,117,2,41,125,30,94,79,111,26" hai1="12,114,17,120,63,88,22,104,27,45,78,50,112" hai2="28,97,110,72,109,70,60,4,62,116,8,121,38" hai3="31,102,95,58,57,46,85,66,129,43,69,6,18"/><T99/><D117/><U122/><E104/><V20/><F72/><W47/><G129/><T67/><D106/><U74/><E63/><V84/><F38/><W90/><G102/><T40/><D125/><U29/><E78/><V13/><F121/><W64/><G69/><T56/><D7/><U126/><E74/><V35/><F35/><W127/><G127/><T92/><D2/><U11/><E126/><V103/><F84/><W49/><G31/><T0/><D0/><U68/><E68/><V44/><F44/><W77/><G6/><T34/><D94/><U10/><E10/><V119/><F28/><W135/><G135/><T32/><D32/><U33/><E33/><V80/><F80/><W89/><G77/><T36/><D36/><U42/><E88/><V21/><F21/><W133/><G133/><T93/><D93/><U19/><E17/><V48/><F48/><W124/><G124/><T87/><D65/><U128/><E128/><V108/><F20/><W51/><G18/><T131/><D131/><U100/><E100/><V52/><F70/><W16/><G16/><T24/><D24/><U115/><AGARI ba="1,0" hai="11,12,19,22,27,29,42,45,50,112,114,115,120,122" machi="115" ten="30,4000,0" yaku="0,1,15,1,11,1" doraHai="123" who="1" fromWho="1" sc="397,-21,251,43,214,-11,138,-11" /><INIT seed="5,0,0,2,4,131" ten="376,294,203,127" oya="1" hai0="92,93,15,126,26,107,80,134,67,57,103,24,132" hai1="9,69,76,85,14,118,110,54,0,65,73,68,114" hai2="45,41,28,42,119,50,37,112,77,135,60,19,21" hai3="117,79,23,52,27,31,61,16,88,22,56,71,78"/><U81/><E114/><V5/><F119/><W17/><G117/><T113/><D113/><U130/><E0/><V102/><F112/><W55/><G71/><T35/><D126/><U127/><E130/><V58/><F28/><W109/><G109/><T82/><D107/><U97/><E118/><V75/><F5/><W96/><G55/><T32/><D15/><U53/><E127/><V38/><F102/><W63/><G63/><T1/><D1/><U99/><E73/><V12/><F41/><W94/><G31/><T8/><D8/><U90/><E69/><V30/><F30/><W83/><G83/><T48/><D67/><U62/><E110/><V89/><F89/><W106/><G106/><T66/><D66/><U34/><E34/><V87/><F75/><W98/><G96/><T39/><D39/><U40/><E40/><V101/><F101/><W104/><G104/><T100/><D57/><U120/><E120/><V72/><F72/><W36/><G36/><T2/><D2/><U124/><E124/><V49/><F38/><W10/><G10/><T86/><D48/><U51/><E76/><V29/><F50/><W121/><G121/><T7/><D7/><U46/><REACH who="1" step="1"/><E54/><REACH who="1" ten="376,284,203,127" step="2"/><V6/><F42/><W133/><REACH who="3" step="1"/><G133/><REACH who="3" ten="376,284,203,117" step="2"/><T4/><D132/><U33/><E33/><V111/><F135/><W123/><G123/><T59/><D134/><U95/><E95/><V91/><F111/><W18/><G18/><AGARI ba="0,2" hai="9,14,18,46,51,53,62,65,68,81,85,90,97,99" machi="18" ten="30,11600,0" yaku="1,1,7,1,25,2,53,0" doraHai="131" doraHaiUra="70" who="1" fromWho="3" sc="376,0,284,136,203,0,117,-116" /><INIT seed="5,1,0,3,3,100" ten="376,420,203,1" oya="1" hai0="46,98,133,57,61,2,129,36,109,68,24,51,123" hai1="53,56,86,73,121,118,42,91,79,128,101,127,37" hai2="0,115,47,14,92,23,113,41,12,52,10,117,58" hai3="30,76,22,15,38,77,124,44,6,75,8,16,1"/><U50/><E121/><V103/><F117/><W65/><G124/><T5/><D109/><U40/><E118/><V25/><F0/><W39/><G65/><T87/><D123/><U112/><E127/><V71/><F71/><W19/><G19/><T132/><D87/><U49/><E37/><V119/><F119/><W70/><G70/><T78/><D78/><U4/><E112/><N who="2" m="43083" /><F92/><W28/><G76/><T27/><D5/><U110/><E128/><V130/><F103/><W55/><G55/><T120/><D2/><U134/><E4/><V95/><F95/><W99/><G99/><T64/><D129/><U105/><E50/><N who="2" m="30999" /><F10/><W35/><G35/><T62/><D98/><U54/><E101/><V72/><F72/><W21/><G21/><T34/><D120/><U107/><E73/><V104/><F104/><W33/><G33/><T93/><D93/><U13/><E107/><V48/><F130/><W88/><G88/><T135/><D34/><U84/><E91/><V83/><F83/><N who="3" m="45503" /><G39/><T17/><D17/><AGARI ba="1,0" hai="12,14,17,23,25,41,47,48" m="30999,43083" machi="17" ten="30,3900,0" yaku="15,1,11,1,54,1" doraHai="100" who="2" fromWho="0" sc="376,-42,420,0,203,42,1,0" /><INIT seed="6,0,0,1,4,68" ten="334,420,245,1" oya="2" hai0="16,1,36,112,9,105,53,11,7,33,86,44,108" hai1="97,129,27,104,2,77,103,76,78,102,79,133,85" hai2="55,123,130,87,118,134,35,80,93,47,59,98,127" hai3="34,81,22,26,52,63,23,41,72,120,117,107,88"/><V67/><F35/><W8/><G107/><T56/><D108/><U128/><E2/><V57/><F118/><W119/><G120/><T114/><D105/><U135/><E27/><V115/><F123/><W30/><G41/><T14/><D33/><U70/><E70/><V25/><F115/><N who="0" m="44074" /><D86/><U121/><E121/><V124/><F130/><N who="1" m="50281" /><E103/><V15/><F134/><N who="1" m="51209" /><E76/><V24/><F15/><W73/><G73/><T4/><D4/><U111/><E111/><V71/><F71/><W32/><G8/><T38/><D44/><U66/><E66/><V74/><F74/><W12/><G72/><T91/><D91/><U62/><E62/><AGARI ba="0,0" hai="1,7,9,11,14,16,36,38,53,56,62" m="44074" machi="62" ten="30,7700,0" yaku="15,1,52,2,54,1" doraHai="68" who="0" fromWho="1" sc="334,77,420,-77,245,0,1,0" /><INIT seed="7,0,0,0,4,3" ten="411,343,245,1" oya="3" hai0="9,79,107,96,106,120,31,51,75,128,115,123,49" hai1="133,89,134,53,105,4,110,76,21,124,66,37,38" hai2="101,116,87,18,77,73,69,99,62,56,100,85,10" hai3="7,118,27,58,25,83,32,129,70,67,109,114,102"/><W95/><G118/><T20/><D128/><U52/><E105/><V71/><F116/><W23/><G32/><T34/><D34/><U108/><E76/><V43/><F73/><W94/><G70/><T125/><D125/><U82/><E21/><V22/><F43/><W65/><G129/><T16/><D79/><U111/><E89/><V121/><F121/><W68/><G68/><T117/><D75/><U33/><E33/><V97/><F71/><W28/><G114/><T57/><D117/><U60/><E82/><N who="2" m="47311" /><F69/><W46/><G109/><T41/><D115/><U61/><E4/><V44/><F44/><W64/><G83/><T88/><D106/><U90/><E90/><V131/><F87/><W11/><G46/><T13/><D107/><U1/><E1/><V2/><F2/><W84/><G25/><T35/><D35/><U93/><E93/><V72/><F72/><W122/><G122/><T92/><D41/><U39/><E124/><V30/><F131/><W40/><G40/><T98/><D98/><U113/><E113/><V130/><F130/><W12/><G58/><T126/><D126/><U54/><E66/><N who="2" m="39239" /><F101/><W112/><G112/><T5/><D31/><U132/><AGARI ba="0,0" hai="37,38,39,52,53,54,60,61,108,110,111,132,133,134" machi="132" ten="50,32000,5" yakuman="40" doraHai="3" who="1" fromWho="1" sc="411,-80,343,320,245,-80,1,-160" owari="331,13.1,663,76.3,165,-23.5,-159,-65.9" /></mjloggm>