<mjloggm ver="2.3"><GO type="169" lobby="0"/><UN n0="%73%61%6E%64%69%72%69%73" n1="%E3%83%94%E3%83%B3%E3%82%B5%E3%83%AD%E5%BA%97%E5%93%A1" n2="%64%69%76%61" n3="%6D%6F%75%77" dan="17,17,16,16" rate="2231.11,2214.33,2063.25,2119.29" sx="M,M,M,M"/><TAIKYOKU oya="0"/><INIT seed="0,0,0,1,5,108" ten="250,250,250,250" oya="0" hai0="127,70,107,51,96,3,65,47,59,36,72,91,37" hai1="87,15,106,97,116,135,74,67,76,52,118,58,9" hai2="86,0,56,20,18,128,16,109,100,81,112,105,104" hai3="55,21,132,79,120,38,66,44,75,43,49,90,103"/><T102/><D127/><U48/><E74/><V64/><F109/><W101/><G132/><T117/><D117/><U113/><E135/><V28/><F128/><W19/><G120/><T40/><D3/><U124/><E124/><V131/><F131/><W34/><G34/><T69/><D72/><U94/><E106/><V5/><F28/><W45/><G66/><T35/><D35/><U53/><E67/><V129/><F129/><W60/><G60/><T78/><D78/><U32/><E32/><V126/><F126/><W7/><G90/><T42/><D91/><U27/><E27/><V4/><F112/><W95/><G95/><T125/><D125/><U115/><E53/><V68/><F68/><N who="0" m="26218" /><D96/><U130/><E130/><V71/><F71/><W93/><G93/><T8/><D8/><U111/><E111/><V121/><F121/><W1/><G19/><T88/><D88/><N who="1" m="53535" /><E97/><V82/><F105/><W33/><G21/><T114/><D102/><U12/><E76/><V23/><F100/><W26/><G26/><T25/><D25/><U123/><E15/><N who="2" m="9247" /><F0/><W134/><G134/><T62/><D107/><U10/><E10/><V17/><F81/><N who="3" m="45311" /><G33/><T73/><D73/><U6/><E123/><V77/><F104/><W122/><G122/><T63/><D114/><AGARI ba="0,0" hai="6,9,12,48,52,58,113,114,115,116,118" m="53535" machi="114" ten="30,12000,2" yaku="11,1,52,3,54,2" doraHai="108" who="1" fromWho="0" sc="250,-120,250,120,250,0,250,0" /><INIT seed="1,0,0,3,2,11" ten="130,370,250,250" oya="1" hai0="51,70,113,39,37,45,50,135,27,68,66,71,89" hai1="85,117,118,96,30,63,115,32,134,33,42,62,105" hai2="31,122,127,74,112,72,114,90,13,95,24,103,2" hai3="123,46,130,12,36,133,98,17,47,26,121,15,93"/><U69/><E115/><N who="2" m="44075" /><F2/><W58/><G133/><T23/><D113/><U75/><E75/><V126/><F122/><W129/><G123/><T87/><D135/><U0/><E0/><V28/><F13/><N who="3" m="5195" /><G121/><T20/><D66/><N who="1" m="41175" /><E33/><N who="2" m="20615" /><F31/><W88/><G36/><T101/><D101/><N who="1" m="62631" /><E134/><V35/><F103/><W94/><G58/><T44/><D87/><U56/><E85/><N who="2" m="52687" /><F35/><W82/><G82/><T14/><D89/><U38/><E42/><V125/><AGARI ba="0,0" hai="72,74,125,126,127" m="52687,20615,44075" machi="125" ten="40,2700,0" yaku="18,1,11,1" doraHai="11" who="2" fromWho="2" sc="130,-7,370,-13,250,27,250,-7" /><INIT seed="2,0,0,2,2,19" ten="123,357,277,243" oya="2" hai0="31,83,3,74,70,60,95,5,92,93,131,129,43" hai1="46,79,103,41,6,23,97,52,77,37,107,8,89" hai2="10,72,130,15,115,42,54,124,98,44,47,121,71" hai3="86,14,78,108,33,28,53,105,82,2,0,38,39"/><V66/><F121/><W51/><G105/><T64/><D43/><U27/><E89/><V21/><F72/><W118/><G118/><T75/><D31/><U109/><E109/><V36/><F115/><W102/><G102/><T59/><D70/><U40/><E40/><V81/><F130/><N who="0" m="49674" /><D83/><U106/><E106/><V26/><F124/><W62/><G28/><T34/><D34/><U1/><REACH who="1" step="1"/><E52/><REACH who="1" ten="123,347,277,243" step="2"/><V90/><F42/><W67/><G53/><T50/><D50/><U73/><E73/><V110/><F54/><W35/><G51/><T55/><D55/><U114/><E114/><V22/><F90/><W13/><G108/><T120/><D120/><U20/><E20/><V68/><F110/><W133/><G35/><T49/><D49/><U122/><E122/><V30/><F21/><W45/><G33/><T57/><D75/><U84/><E84/><V111/><F111/><W88/><G39/><T17/><D74/><U96/><E96/><V7/><F98/><W127/><G38/><T76/><D76/><U104/><E104/><V58/><F36/><W117/><G78/><T87/><D87/><U123/><E123/><V25/><F44/><W56/><G86/><T69/><D60/><U4/><E4/><V80/><F47/><W99/><G62/><T12/><D5/><U101/><E101/><V119/><F7/><W134/><G45/><T112/><D112/><U113/><E113/><V132/><F22/><W125/><G99/><T9/><D3/><U65/><E65/><V135/><F66/><W100/><G67/><T61/><AGARI ba="0,1" hai="9,12,17,57,59,61,64,69,92,93,95" m="49674" machi="61" ten="40,1500,0" yaku="19,1" doraHai="19" who="0" fromWho="0" sc="123,25,347,-4,277,-7,243,-4" /><INIT seed="3,0,0,2,1,50" ten="148,343,270,239" oya="3" hai0="100,62,103,34,7,73,17,82,98,129,37,91,65" hai1="134,29,40,42,94,0,1,71,14,72,45,28,57" hai2="70,47,116,122,4,3,23,109,56,113,27,15,53" hai3="52,118,86,11,33,60,121,80,106,90,117,24,104"/><W126/><G121/><T112/><D37/><U97/><E71/><V22/><F113/><W12/><G126/><T77/><D112/><U39/><E72/><V108/><F116/><W8/><G117/><T95/><D129/><U30/><E134/><V69/><F122/><W110/><G118/><T131/><D131/><U58/><E40/><V20/><F3/><W88/><G110/><N who="2" m="42601" /><F47/><W115/><G115/><T67/><D34/><U64/><E14/><V68/><F27/><W75/><G75/><T79/><D7/><U9/><E9/><N who="2" m="4519" /><F70/><W55/><G8/><T36/><D36/><U128/><E128/><V51/><AGARI ba="0,0" hai="20,22,23,51,53,56,68,69" m="4519,42601" machi="51" ten="30,2000,0" yaku="14,1,52,1" doraHai="50" who="2" fromWho="2" sc="148,-5,343,-5,270,20,239,-10" /><INIT seed="4,0,0,0,3,27" ten="143,338,290,229" oya="0" hai0="116,98,125,94,58,49,110,95,96,117,85,19,46" hai1="8,118,15,11,70,72,130,36,101,16,86,44,108" hai2="115,135,81,102,61,92,127,57,82,60,18,121,75" hai3="41,79,133,105,9,45,103,83,71,88,97,73,99"/><T48/><D125/><U34/><E108/><V31/><F127/><W76/><G71/><T43/><D110/><U128/><E118/><V106/><F106/><W111/><G111/><T33/><D33/><U0/><E72/><V28/><F121/><W17/><G9/><T67/><D116/><U114/><E70/><V62/><F75/><N who="3" m="43423" /><G17/><T51/><D117/><U120/><E120/><V39/><F39/><W24/><G24/><T126/><D126/><U53/><E34/><V87/><F135/><W109/><G45/><T68/><D68/><U80/><E101/><V100/><F115/><W132/><G41/><T84/><D19/><U64/><E64/><V1/><F1/><W78/><G109/><T4/><D4/><N who="1" m="1031" /><E36/><V12/><F57/><W122/><G122/><T56/><D67/><U131/><E114/><V104/><F104/><W30/><G30/><T22/><D22/><U50/><E80/><V5/><F5/><W66/><G66/><T63/><D46/><U74/><E74/><V112/><F112/><W113/><G113/><T26/><D43/><U90/><E86/><N who="0" m="33385" /><D26/><U13/><E13/><V10/><F81/><N who="3" m="45263" /><G79/><T29/><D63/><U54/><E54/><V55/><F55/><W93/><AGARI ba="0,0" hai="88,93,97,99,103,105,132,133" m="45263,43423" machi="93" ten="30,4000,0" yaku="34,2,54,1" doraHai="27" who="3" fromWho="3" sc="143,-20,338,-10,290,-10,229,40" /><INIT seed="5,0,0,3,0,39" ten="123,328,280,269" oya="1" hai0="38,135,129,80,7,4,49,10,102,68,3,51,76" hai1="120,65,50,106,85,86,88,61,35,5,78,46,117" hai2="75,84,48,98,115,6,82,74,9,93,29,2,99" hai3="107,81,12,119,109,105,83,67,37,116,20,92,30"/><U25/><E117/><N who="3" m="45130" /><G37/><T60/><D135/><U45/><E120/><V8/><F115/><W126/><G109/><T27/><D129/><U14/><E106/><N who="3" m="40458" /><G126/><T17/><D38/><U52/><E46/><V18/><F29/><W62/><G92/><T1/><D102/><U89/><E35/><V21/><F8/><W130/><G130/><T111/><D111/><U41/><E25/><V31/><F31/><W87/><G87/><N who="1" m="33290" /><E65/><V103/><F99/><W56/><G12/><T100/><D100/><U123/><E78/><V94/><F93/><W91/><G91/><N who="1" m="34890" /><E123/><V11/><F84/><W114/><G114/><T71/><D76/><U43/><E61/><V57/><F82/><W97/><G97/><T22/><D80/><U132/><E132/><V70/><F94/><W122/><G122/><T13/><D60/><U0/><E0/><V26/><F98/><W124/><G124/><T125/><D125/><U33/><E33/><V63/><F63/><W131/><G131/><T40/><D51/><U24/><E24/><AGARI ba="0,0" hai="20,24,30,56,62,67,81,83" m="40458,45130" machi="24" ten="30,1000,0" yaku="12,1" doraHai="39" who="3" fromWho="1" sc="123,0,328,-10,280,0,269,10" /><INIT seed="6,0,0,1,4,7" ten="123,318,280,279" oya="2" hai0="81,57,82,71,122,88,51,120,25,64,54,42,40" hai1="116,53,12,44,90,17,62,8,104,93,83,84,34" hai2="1,29,65,45,80,61,98,89,37,41,135,10,5" hai3="72,121,124,50,55,108,107,0,32,123,91,56,67"/><V105/><F135/><W39/><G32/><T19/><D120/><U79/><E116/><V115/><F29/><W127/><G107/><T27/><D122/><U47/><E34/><V52/><F115/><W38/><G72/><T87/><D71/><U118/><E104/><V9/><F9/><W35/><G0/><T97/><D64/><U30/><E30/><V28/><F28/><W59/><G91/><T103/><D82/><U22/><E118/><V6/><F6/><W130/><G35/><T4/><D4/><N who="1" m="3079" /><E62/><V70/><F80/><W99/><G99/><T92/><REACH who="0" step="1"/><D19/><REACH who="0" ten="113,318,280,279" step="2"/><U110/><E110/><V76/><F70/><W43/><G108/><T23/><D23/><U112/><E112/><V14/><F65/><W129/><G67/><T49/><D49/><U96/><E53/><V66/><F66/><W102/><G50/><T101/><D101/><U63/><E63/><V69/><F69/><W94/><G102/><T58/><D58/><U26/><AGARI ba="0,1" hai="17,22,26,44,47,79,83,84,90,93,96" m="3079" machi="26" ten="30,2000,0" yaku="8,1,52,1" doraHai="7" who="1" fromWho="1" sc="113,-5,318,30,280,-10,279,-5" /><INIT seed="7,0,0,2,2,126" ten="108,348,270,274" oya="3" hai0="22,78,83,7,37,130,52,65,2,86,43,45,20" hai1="103,116,99,84,61,121,46,102,125,9,107,50,98" hai2="72,10,1,49,75,63,54,57,66,115,108,127,114" hai3="133,87,23,119,35,25,31,109,82,27,12,91,113"/><W129/><G119/><T18/><D65/><U96/><E121/><V30/><F108/><W40/><G113/><N who="2" m="43017" /><F127/><W56/><G109/><T111/><D111/><U5/><E125/><V90/><F30/><W13/><G133/><T8/><D18/><U79/><E116/><V24/><F24/><W132/><G132/><T55/><D22/><U92/><E61/><V112/><F90/><W29/><G129/><T88/><D20/><U131/><E131/><V39/><F39/><W69/><G69/><T28/><D28/><U6/><E99/><V93/><F93/><W124/><G124/><T3/><D130/><U135/><E135/><V15/><F1/><W16/><G31/><T0/><D0/><U118/><E118/><V67/><F67/><W58/><REACH who="3" step="1"/><G40/><REACH who="3" ten="108,348,270,264" step="2"/><T17/><D2/><U85/><E79/><V89/><F112/><W80/><G80/><T11/><REACH who="0" step="1"/><D78/><REACH who="0" ten="98,348,270,264" step="2"/><U100/><E107/><V26/><F26/><W74/><G74/><T128/><D128/><U105/><E105/><V38/><F72/><W94/><G94/><T44/><D44/><U77/><E46/><V21/><F75/><W76/><G76/><T123/><D123/><U60/><E77/><V42/><F15/><AGARI ba="0,2" hai="12,13,15,16,23,25,27,29,35,56,58,82,87,91" machi="15" ten="40,3900,0" yaku="1,1,54,1,53,0" doraHai="126" doraHaiUra="95" who="3" fromWho="2" sc="98,0,348,0,270,-39,264,59" /><AGARI ba="0,0" hai="3,7,8,11,15,17,37,43,45,52,55,83,86,88" machi="15" ten="40,5200,0" yaku="1,1,54,2,53,0" doraHai="126" doraHaiUra="95" who="0" fromWho="2" sc="98,52,348,0,231,-52,323,0" /><INIT seed="7,1,0,1,2,110" ten="150,348,179,323" oya="3" hai0="101,1,60,11,90,119,6,65,26,123,116,27,4" hai1="94,79,44,17,126,0,8,9,74,56,135,2,63" hai2="83,15,131,132,112,41,19,38,78,102,76,46,39" hai3="55,31,85,115,3,86,25,120,7,20,34,107,21"/><W24/><G107/><T68/><D123/><U117/><E135/><V82/><F132/><W80/><G120/><T67/><D101/><U70/><E70/><V49/><F112/><W10/><G115/><T134/><D134/><U97/><E126/><V37/><F131/><W71/><G71/><T89/><D67/><U23/><E117/><V104/><F104/><W18/><G55/><T99/><D6/><U91/><E74/><V98/><F98/><W69/><G69/><T45/><D45/><U59/><E79/><V64/><F64/><W29/><REACH who="3" step="1"/><G80/><REACH who="3" ten="150,348,179,313" step="2"/><T77/><D77/><U54/><E44/><V14/><F82/><W113/><G113/><T122/><D122/><U35/><E35/><V133/><F78/><W47/><G47/><T129/><D129/><U72/><E72/><V5/><F133/><W87/><G87/><T130/><D130/><U43/><E43/><V96/><F83/><W127/><G127/><T61/><D61/><U114/><E114/><V57/><F76/><W81/><G81/><T13/><D1/><N who="1" m="619" /><E59/><V128/><F57/><W84/><G84/><T16/><D99/><U121/><E121/><V73/><F73/><W103/><G103/><T52/><D52/><U33/><E33/><V58/><F58/><W124/><G124/><T30/><D116/><U109/><E109/><V32/><F128/><W48/><G48/><T22/><D119/><U53/><E53/><V108/><F32/><AGARI ba="1,1" hai="4,11,13,16,22,26,27,30,32,60,65,68,89,90" machi="32" ten="30,2000,0" yaku="7,1,54,1" doraHai="110" who="0" fromWho="2" sc="150,33,348,0,179,-23,313,0" owari="183,-21.7,348,44.8,156,-34.4,313,11.3" /></mjloggm>