<mjloggm ver="2.3"><GO type="169" lobby="0"/><UN n0="%73%6F%6C%64%69%65%72%35" n1="%E5%A4%A9%E7%8B%90" n2="%E7%9C%9F%E4%B8%80" n3="%E3%81%82%E3%81%95%E3%81%B4%E3%82%93%EF%BC%A0%EF%BD%8D%EF%BD%8A" dan="16,16,17,18" rate="2071.30,2126.19,2230.23,2278.43" sx="M,M,M,M"/><TAIKYOKU oya="0"/><INIT seed="0,0,0,0,3,83" ten="250,250,250,250" oya="0" hai0="19,78,39,50,35,85,122,16,87,90,96,47,42" hai1="58,89,46,43,30,95,77,133,5,41,59,53,93" hai2="73,69,27,81,60,70,9,101,68,61,97,115,94" hai3="126,134,113,118,66,79,123,11,117,111,29,100,124"/><T37/><D122/><U17/><E133/><V71/><N who="2" m="17408" /><DORA hai="1" /><V131/><F115/><W14/><G66/><T3/><D35/><U106/><E106/><V7/><F131/><W120/><G100/><T25/><D3/><U128/><E128/><V44/><F44/><W88/><G79/><T51/><D96/><U65/><E30/><V74/><F27/><W23/><G113/><T24/><D90/><U99/><E77/><V82/><F82/><W26/><G88/><T109/><D47/><U40/><E65/><V4/><F81/><W62/><G62/><T114/><D114/><U80/><E80/><V52/><F61/><W108/><G134/><T135/><D42/><U0/><E17/><V121/><F121/><N who="3" m="46667" /><G118/><T92/><D92/><U38/><E95/><V130/><F130/><W132/><G117/><T22/><D22/><U76/><E76/><V36/><F36/><W91/><G91/><T54/><D78/><U15/><E0/><V28/><F28/><W33/><G33/><T55/><D135/><U84/><E99/><V104/><F94/><W110/><G132/><T6/><D6/><AGARI ba="0,0" hai="6,11,14,23,26,29,108,110,111,124,126" m="46667" machi="6" ten="40,8000,1" yaku="14,1,13,1,34,2,52,1" doraHai="83,1" who="3" fromWho="0" sc="250,-80,250,0,250,0,250,80" /><INIT seed="1,0,0,0,5,22" ten="170,250,250,330" oya="1" hai0="78,41,26,63,108,86,42,126,107,33,54,62,118" hai1="109,98,104,84,117,101,125,32,24,12,112,71,68" hai2="103,29,96,57,88,6,97,4,36,13,7,85,113" hai3="43,64,133,46,5,66,87,134,129,50,16,75,130"/><U3/><E112/><V80/><F113/><W114/><G75/><T110/><D107/><U111/><E117/><V30/><F36/><W121/><G5/><T18/><D118/><U44/><E3/><V48/><F13/><W131/><G87/><T115/><D115/><U37/><E125/><V93/><REACH who="2" step="1"/><F97/><REACH who="2" ten="170,250,240,330" step="2"/><W31/><G114/><T49/><D126/><U79/><E12/><V52/><AGARI ba="0,1" hai="4,6,7,29,30,48,52,57,80,85,88,93,96,103" machi="52" ten="30,12000,2" yaku="1,1,2,1,0,1,8,1,54,2,53,0" doraHai="22" doraHaiUra="9" who="2" fromWho="2" sc="170,-30,250,-60,240,130,330,-30" /><INIT seed="2,0,0,5,3,98" ten="140,190,370,300" oya="2" hai0="0,111,14,130,76,2,25,88,109,94,22,119,37" hai1="120,105,127,132,60,118,35,85,1,31,93,45,49" hai2="5,64,10,43,53,95,77,16,110,8,39,90,96" hai3="103,107,56,75,126,7,29,38,48,112,6,113,129"/><V114/><F114/><N who="3" m="44139" /><G38/><T52/><D130/><U57/><E105/><V84/><F110/><N who="0" m="41994" /><D37/><U32/><E1/><V87/><F64/><W91/><G75/><T4/><D76/><U54/><E118/><V67/><F67/><W82/><G29/><N who="0" m="17591" /><D119/><U125/><E132/><V72/><F72/><W41/><G126/><N who="1" m="48138" /><E120/><V12/><F39/><W70/><G70/><T42/><D42/><N who="1" m="24759" /><E31/><V19/><F43/><W21/><G21/><T135/><D135/><U102/><E85/><V27/><F53/><N who="3" m="31783" /><G41/><T68/><D68/><U69/><E69/><V116/><F116/><W65/><G65/><T62/><D14/><U13/><E13/><N who="2" m="5263" /><F77/><W128/><G91/><T36/><D4/><N who="3" m="1577" /><G82/><T9/><D9/><U92/><E32/><V50/><F27/><W101/><G107/><T122/><D122/><U33/><E93/><V17/><F50/><W131/><AGARI ba="0,0" hai="101,103,128,129,131" m="1577,31783,44139" machi="131" ten="40,8000,1" yaku="19,1,11,1,52,2" doraHai="98" who="3" fromWho="3" sc="140,-20,190,-20,370,-40,300,80" /><INIT seed="3,0,0,2,1,76" ten="120,170,330,380" oya="3" hai0="27,75,16,93,79,130,28,48,103,40,85,19,90" hai1="71,118,42,66,8,52,47,45,11,6,123,53,115" hai2="41,3,100,124,65,39,88,111,26,74,112,78,101" hai3="107,104,21,30,127,135,0,20,44,113,117,132,126"/><W67/><G67/><T9/><D130/><U12/><E123/><V87/><F112/><W84/><G44/><T102/><D75/><U92/><E115/><V95/><F65/><W94/><G113/><T32/><D79/><U114/><E114/><V36/><F111/><W121/><G0/><T25/><D19/><U1/><E118/><V37/><F3/><W64/><G64/><T29/><D40/><U96/><E66/><V73/><F124/><N who="3" m="47659" /><G30/><T24/><D48/><U68/><E68/><V83/><F41/><W69/><G69/><T63/><D63/><U15/><E71/><V34/><REACH who="2" step="1"/><F73/><REACH who="2" ten="120,170,320,380" step="2"/><W18/><G117/><T86/><D86/><U110/><E110/><V108/><F108/><W134/><G121/><T133/><D133/><U125/><E1/><V120/><F120/><W80/><G94/><T91/><D32/><U4/><E125/><V128/><F128/><W105/><G18/><T5/><D5/><U7/><E6/><V10/><F10/><W31/><G31/><AGARI ba="0,1" hai="26,31,34,36,37,39,74,78,83,87,88,95,100,101" machi="31" ten="40,5200,0" yaku="1,1,52,1,54,1,53,0" doraHai="76" doraHaiUra="50" who="2" fromWho="3" sc="120,0,170,0,320,62,380,-52" /><INIT seed="4,0,0,5,5,54" ten="120,170,382,328" oya="0" hai0="29,123,87,98,14,45,93,58,39,111,24,94,38" hai1="126,51,107,17,85,104,9,40,109,23,57,132,67" hai2="4,89,72,56,25,16,108,97,48,133,49,3,53" hai3="32,26,50,130,91,62,8,100,20,11,90,7,65"/><T78/><D123/><U31/><E109/><V88/><F108/><W60/><G32/><T129/><D111/><U5/><E31/><V119/><F72/><W52/><G100/><T117/><D117/><U120/><E120/><V74/><F74/><W61/><G65/><T124/><D124/><U42/><E126/><V128/><F128/><W68/><G68/><T73/><D73/><U84/><E107/><V77/><F119/><W83/><G130/><T127/><D127/><U21/><E104/><V102/><F77/><W101/><G101/><T99/><D14/><N who="1" m="5423" /><E132/><V116/><F116/><W36/><G36/><T27/><D129/><U35/><E35/><V34/><F133/><W96/><G83/><T70/><D70/><U80/><E23/><N who="2" m="13543" /><F34/><W15/><G96/><T12/><D12/><N who="1" m="9383" /><E85/><V33/><F33/><W134/><G11/><T66/><D45/><U122/><E122/><V6/><F3/><W131/><G134/><T135/><D135/><U43/><E51/><V0/><F0/><W37/><G37/><T118/><D118/><U75/><E75/><V69/><F69/><W13/><G13/><T76/><D87/><U28/><E28/><V121/><F121/><W110/><G131/><T71/><D71/><U125/><E125/><V79/><F49/><W55/><G110/><T46/><D29/><U1/><E1/><V44/><F79/><W86/><G86/><T47/><D66/><U81/><E84/><V64/><F4/><W59/><G55/><T92/><D92/><U30/><E30/><AGARI ba="0,0" hai="7,8,15,20,26,30,50,52,59,60,61,62,90,91" machi="30" ten="40,5200,0" yaku="8,1,52,1,54,1" doraHai="54" who="3" fromWho="1" sc="120,0,170,-52,382,0,328,52" /><INIT seed="5,0,0,2,5,118" ten="120,118,382,380" oya="1" hai0="61,84,50,85,126,127,112,30,44,94,10,8,68" hai1="131,34,69,24,19,115,62,38,5,114,21,17,65" hai2="60,103,41,95,101,33,78,71,52,28,108,99,37" hai3="77,122,49,72,4,93,87,51,13,6,32,123,59"/><U102/><E38/><V88/><F108/><W116/><G32/><T12/><D30/><U45/><E131/><V9/><F78/><W106/><G106/><T27/><D27/><U128/><E128/><V29/><F37/><W11/><G72/><T74/><D74/><U42/><E5/><V110/><F110/><W67/><G116/><T97/><D112/><N who="1" m="43051" /><E102/><N who="2" m="38923" /><F33/><W16/><G67/><T91/><D61/><U105/><E105/><V46/><F71/><W132/><G132/><T7/><D8/><U76/><E76/><V20/><F9/><W83/><G93/><T57/><D57/><U120/><E34/><V96/><F96/><W107/><G107/><T31/><D31/><N who="1" m="17807" /><E120/><V2/><F2/><W89/><G77/><T23/><D23/><U75/><E75/><V134/><F134/><W82/><G82/><T25/><D25/><U64/><E64/><V43/><F29/><W48/><REACH who="3" step="1"/><G59/><REACH who="3" ten="120,118,382,370" step="2"/><T63/><D68/><U133/><E133/><V26/><F46/><W111/><G111/><T109/><D109/><U86/><E86/><V130/><F130/><W100/><G100/><T3/><D85/><U39/><AGARI ba="0,1" hai="17,19,39,42,45,62,65,69" m="17807,43051" machi="39" ten="30,1500,0" yaku="15,1" doraHai="118" who="1" fromWho="1" sc="120,-5,118,25,382,-5,370,-5" /><INIT seed="5,1,0,0,5,115" ten="115,143,377,365" oya="1" hai0="135,126,79,127,39,43,35,82,50,8,86,20,73" hai1="77,12,32,11,25,111,117,85,133,40,46,63,28" hai2="41,31,33,69,75,30,93,114,68,105,16,49,48" hai3="95,72,0,44,66,19,134,1,53,61,65,57,89"/><U4/><E117/><V92/><F105/><W3/><G72/><T110/><D110/><U91/><E133/><V18/><F41/><W15/><G134/><T52/><D135/><U120/><E120/><V54/><F54/><W122/><G122/><T23/><D35/><U119/><E119/><V47/><F47/><W74/><G74/><T107/><D107/><U55/><E77/><V27/><F75/><W22/><REACH who="3" step="1"/><G44/><REACH who="3" ten="115,143,377,355" step="2"/><N who="0" m="23679" /><D73/><U2/><E111/><V14/><F114/><W70/><G70/><T97/><D127/><U5/><E46/><V6/><F69/><W38/><G38/><T64/><D126/><U83/><E40/><V58/><F68/><W123/><G123/><T132/><D132/><U13/><REACH who="1" step="1"/><E5/><REACH who="1" ten="115,133,377,355" step="2"/><V29/><F6/><W113/><G113/><T34/><D79/><U131/><E131/><V10/><F33/><W104/><G104/><T118/><D34/><U116/><E116/><V37/><F37/><W81/><G81/><T17/><D118/><U106/><E106/><V90/><F93/><W9/><G9/><T98/><D8/><U108/><E108/><V99/><F10/><W76/><G76/><T78/><D23/><U24/><E24/><V42/><F27/><W94/><G94/><T121/><D121/><U130/><E130/><V59/><F92/><W21/><G21/><T84/><D82/><U7/><E7/><V101/><F42/><W56/><G56/><AGARI ba="1,2" hai="2,4,11,12,13,25,28,32,55,56,63,83,85,91" machi="56" ten="40,2000,0" yaku="1,1,53,0" doraHai="115" doraHaiUra="45" who="1" fromWho="3" sc="115,0,133,43,377,0,355,-23" /><INIT seed="5,2,0,1,3,86" ten="115,176,377,332" oya="1" hai0="20,79,112,28,98,50,72,113,14,21,121,33,56" hai1="103,100,30,71,68,74,102,23,77,108,130,49,122" hai2="88,124,57,47,29,123,99,97,12,129,62,75,25" hai3="65,10,134,44,48,127,94,91,40,9,132,85,110"/><U36/><E36/><V15/><F75/><W133/><G110/><T7/><D72/><U24/><E122/><V82/><F123/><W119/><G127/><T26/><D79/><U89/><E108/><V53/><F124/><W84/><G119/><T67/><D121/><U131/><E49/><V5/><F129/><N who="1" m="49161" /><E89/><V63/><F63/><W83/><REACH who="3" step="1"/><G65/><REACH who="3" ten="115,176,377,322" step="2"/><T109/><D109/><U90/><E90/><AGARI ba="2,1" hai="9,10,40,44,48,83,84,85,90,91,94,132,133,134" machi="90" ten="40,8000,1" yaku="1,1,2,1,20,1,52,2,53,0" doraHai="86" doraHaiUra="60" who="3" fromWho="1" sc="115,0,176,-86,377,0,322,96" /><INIT seed="6,0,0,0,3,40" ten="115,90,377,418" oya="2" hai0="59,128,95,58,30,105,53,126,65,3,39,37,78" hai1="108,13,46,110,89,107,19,102,109,45,87,44,132" hai2="72,66,120,113,98,32,12,69,6,131,73,90,62" hai3="20,21,10,0,25,94,96,97,68,2,88,80,50"/><V23/><F120/><W55/><G68/><T79/><D105/><U61/><E132/><V103/><F32/><W127/><G127/><T43/><D3/><U93/><E61/><V49/><F113/><W27/><G80/><T122/><D122/><U52/><E102/><V47/><F131/><W101/><G10/><T74/><D30/><U29/><E29/><V70/><F70/><W75/><G75/><T115/><D115/><U100/><E100/><V48/><F90/><W42/><G42/><T106/><D106/><U114/><E107/><V86/><F86/><N who="3" m="52503" /><G0/><T92/><D43/><U57/><E114/><V41/><F49/><W9/><G9/><T4/><D74/><U22/><REACH who="1" step="1"/><E57/><REACH who="1" ten="115,80,377,418" step="2"/><V1/><F1/><W130/><G2/><T36/><D59/><U121/><E121/><V35/><F35/><W16/><G101/><T18/><D58/><U83/><E83/><V135/><F135/><W85/><G130/><T5/><D128/><U51/><AGARI ba="0,1" hai="13,19,22,44,45,46,51,52,87,89,93,108,109,110" machi="51" ten="40,12000,2" yaku="1,1,0,1,52,3,54,1,53,0" doraHai="40" doraHaiUra="76" who="1" fromWho="1" sc="115,-30,80,130,377,-60,418,-30" /><INIT seed="7,0,0,5,2,31" ten="85,210,317,388" oya="3" hai0="25,110,18,6,124,32,24,2,5,67,131,61,127" hai1="116,51,128,12,62,75,21,88,103,64,58,122,93" hai2="134,16,130,78,79,34,13,69,20,50,106,7,33" hai3="4,96,102,98,129,107,45,57,48,8,117,99,112"/><W113/><G57/><T135/><D61/><U94/><E75/><V72/><F106/><W40/><G117/><T30/><D67/><U11/><E116/><V10/><F69/><W1/><G129/><T104/><D104/><U44/><E128/><V90/><F130/><W27/><G27/><T66/><D131/><U3/><E122/><V123/><F134/><W39/><G39/><T80/><D80/><U65/><E3/><V133/><F133/><W36/><G36/><T70/><D66/><U86/><E64/><V38/><F38/><W95/><G107/><T120/><D70/><U125/><E125/><V15/><F123/><W121/><G121/><T132/><D120/><U111/><E111/><V46/><F90/><W68/><G68/><T63/><D63/><U41/><E21/><V101/><F101/><W81/><G81/><T87/><D87/><U92/><REACH who="1" step="1"/><E103/><REACH who="1" ten="85,200,317,388" step="2"/><V108/><F108/><W52/><G102/><T126/><D110/><U115/><E115/><V118/><F118/><W71/><G1/><T84/><D84/><U76/><E76/><V60/><F72/><W91/><G112/><T37/><D37/><U97/><E97/><V53/><REACH who="2" step="1"/><F60/><REACH who="2" ten="85,200,307,388" step="2"/><W49/><G113/><T114/><D114/><U28/><E28/><V42/><F42/><W19/><G40/><T43/><D43/><U26/><E26/><V105/><F105/><W23/><G91/><T73/><D73/><U89/><E89/><V56/><F56/><W54/><G71/><T109/><D109/><U82/><E82/><V29/><F29/><W0/><G95/><T74/><D18/><AGARI ba="0,2" hai="11,12,18,41,44,51,58,62,65,86,88,92,93,94" machi="18" ten="30,8000,1" yaku="1,1,6,1,7,1,8,1,54,1,53,0" doraHai="31" doraHaiUra="35" who="1" fromWho="0" sc="85,-80,200,100,307,0,388,0" owari="5,-49.5,300,-10.0,307,10.7,388,48.8" /></mjloggm>