<mjloggm ver="2.3"><GO type="169" lobby="0"/><UN n0="%E3%82%B8%E3%83%9F%E3%83%BC" n1="%E2%97%8E%E3%82%88%E3%81%97%E2%97%8E" n2="%E6%A1%9C%E6%B2%A2%E5%A2%A8" n3="%68%69%74%6F%6D%69" dan="16,16,16,16" rate="2079.08,2160.63,2061.94,2098.03" sx="M,M,F,F"/><TAIKYOKU oya="0"/><INIT seed="0,0,0,1,3,99" ten="250,250,250,250" oya="0" hai0="127,30,119,65,7,113,77,104,22,70,122,43,14" hai1="47,108,85,11,135,95,115,118,76,87,35,106,96" hai2="110,89,17,84,83,102,15,116,37,16,133,101,21" hai3="42,41,132,5,34,112,68,88,63,117,71,73,128"/><T80/><D113/><U103/><E35/><V1/><F1/><W45/><G112/><T98/><D119/><U57/><E115/><V62/><F37/><W120/><G73/><T59/><D70/><U64/><E118/><V109/><F116/><W56/><G117/><T33/><D33/><U12/><E108/><N who="2" m="41579" /><F133/><W49/><G34/><T72/><D43/><U66/><E135/><V50/><F50/><W27/><G42/><T8/><D122/><U129/><E129/><V79/><F62/><W90/><G128/><T125/><D30/><U40/><E106/><V126/><F126/><N who="0" m="48138" /><D22/><U23/><E23/><N who="2" m="11679" /><F79/><W94/><G120/><T31/><D31/><U3/><E3/><V114/><F114/><W24/><G5/><T46/><D46/><U4/><E57/><V131/><F131/><W130/><G132/><T93/><D104/><U48/><E85/><V25/><AGARI ba="0,0" hai="17,21,25,83,84,89,101,102" m="11679,41579" machi="25" ten="30,7900,0" yaku="14,1,52,2,54,1" doraHai="99" who="2" fromWho="2" sc="250,-39,250,-20,250,79,250,-20" /><INIT seed="1,0,0,0,3,135" ten="211,230,329,230" oya="1" hai0="56,5,92,59,121,55,14,54,52,66,39,28,67" hai1="49,96,85,2,80,32,34,99,69,13,45,90,124" hai2="122,114,58,72,83,57,19,0,12,50,88,22,120" hai3="65,8,48,94,41,26,74,134,119,104,89,18,125"/><U84/><E2/><V77/><F0/><W7/><G134/><T86/><D39/><U98/><E69/><V118/><F118/><W91/><G104/><T109/><D109/><U78/><E124/><V105/><F105/><W75/><G119/><T3/><D3/><U93/><REACH who="1" step="1"/><E13/><REACH who="1" ten="211,220,329,230" step="2"/><V126/><F126/><W111/><G125/><T16/><D121/><U113/><E113/><V131/><F114/><W71/><G71/><T30/><D5/><U27/><E27/><V102/><F122/><W97/><G26/><T47/><D47/><U24/><E24/><V79/><F120/><W9/><G7/><T106/><D59/><U17/><E17/><V10/><F58/><W1/><G18/><T108/><D108/><U36/><E36/><V63/><F57/><W23/><G111/><T21/><D56/><U128/><E128/><V25/><F131/><W11/><G1/><T70/><D70/><U129/><E129/><V130/><F130/><W6/><G6/><T116/><D116/><U38/><E38/><V37/><F37/><W35/><G65/><T64/><D106/><U76/><E76/><V62/><F79/><W31/><G31/><T110/><REACH who="0" step="1"/><D110/><REACH who="0" ten="201,220,329,230" step="2"/><U44/><E44/><V73/><F77/><W87/><G35/><T29/><D29/><U107/><E107/><V51/><F51/><W15/><G48/><T103/><D103/><U82/><E82/><V101/><F50/><W100/><G100/><T4/><D4/><U117/><E117/><V68/><F102/><W46/><G46/><T40/><D40/><AGARI ba="0,2" hai="32,34,40,45,49,78,80,84,85,90,93,96,98,99" machi="40" ten="40,7700,0" yaku="1,1,53,2" doraHai="135" doraHaiUra="81" who="1" fromWho="0" sc="201,-77,220,97,329,0,230,0" /><INIT seed="1,1,0,0,0,125" ten="124,317,329,230" oya="1" hai0="53,89,13,24,122,135,69,91,31,123,134,116,52" hai1="23,95,84,65,20,35,34,66,8,109,76,49,98" hai2="93,107,45,3,43,62,124,108,115,88,81,17,30" hai3="103,127,9,18,131,56,5,78,70,106,86,128,61"/><U15/><E34/><V119/><F119/><W63/><G127/><T105/><D105/><U120/><E120/><N who="0" m="46121" /><D13/><U12/><E35/><V51/><F124/><W68/><G106/><T72/><D72/><U77/><E49/><V117/><F117/><W27/><G103/><T25/><D69/><U99/><E109/><V71/><F107/><W28/><G18/><T46/><D116/><U97/><E95/><V4/><F30/><W57/><G78/><N who="1" m="30314" /><E84/><V16/><F81/><W75/><G86/><T38/><D38/><U67/><E8/><V33/><F33/><W14/><G75/><T83/><D83/><U0/><E0/><V26/><F108/><W2/><G2/><T85/><D85/><U48/><E48/><V60/><F3/><W92/><G92/><T82/><D82/><U121/><E121/><V112/><F4/><W54/><G70/><T36/><D36/><U96/><N who="1" m="24576" /><DORA hai="6" /><U129/><E129/><N who="3" m="49738" /><G68/><T80/><D80/><U50/><E50/><V59/><F71/><W41/><G41/><T74/><D74/><U40/><E40/><V100/><F100/><W10/><G10/><T133/><D46/><U19/><E19/><V113/><F17/><W130/><N who="3" m="49746" /><W29/><DORA hai="126" /><G27/><N who="0" m="10315" /><D31/><U22/><AGARI ba="1,0" hai="12,15,20,22,23,65,66,67" m="24576,30314" machi="22" ten="50,12000,1" yaku="29,2,28,2,8,1" doraHai="125,6,126" who="1" fromWho="1" sc="124,-41,317,123,329,-41,230,-41" /><INIT seed="1,2,0,0,5,21" ten="83,440,288,189" oya="1" hai0="84,106,119,104,12,56,40,25,22,135,59,20,24" hai1="110,133,55,30,39,94,65,122,113,61,76,98,29" hai2="32,121,9,116,49,60,129,100,99,0,14,1,23" hai3="68,45,117,69,36,53,101,114,28,128,92,96,44"/><U64/><E122/><V34/><F121/><W112/><G128/><T107/><D119/><U18/><E39/><V127/><F116/><W31/><G117/><T8/><D40/><U124/><E113/><V47/><F127/><W11/><G36/><T50/><D84/><U16/><E124/><V46/><F129/><W38/><G38/><T17/><D135/><U126/><E133/><V75/><F75/><W33/><G11/><T90/><D90/><N who="1" m="55639" /><E76/><V102/><F23/><W134/><G134/><T57/><REACH who="0" step="1"/><D50/><REACH who="0" ten="73,440,288,189" step="2"/><U105/><E126/><V79/><F49/><W86/><G114/><T83/><D83/><U73/><E73/><V5/><F79/><W81/><G112/><T118/><D118/><U89/><E89/><V58/><F99/><W13/><G86/><T62/><D62/><U19/><E110/><V132/><F60/><W27/><G81/><T2/><D2/><U67/><E105/><V80/><F80/><W97/><G97/><T88/><D88/><U120/><E120/><V70/><F0/><W123/><G123/><T91/><D91/><U51/><E61/><V3/><F1/><W85/><G85/><T103/><D103/><U10/><E10/><V41/><F3/><W111/><G101/><T109/><D109/><U82/><E82/><V77/><F102/><W54/><G111/><T7/><D7/><U131/><E131/><V15/><F100/><W74/><G96/><T35/><D35/><U26/><E26/><AGARI ba="2,1" hai="8,12,17,20,22,24,25,26,56,57,59,104,106,107" machi="26" ten="50,12000,2" yaku="1,1,52,3,53,3" doraHai="21" doraHaiUra="52" who="0" fromWho="1" sc="73,136,440,-126,288,0,189,0" /><INIT seed="2,0,0,4,4,6" ten="209,314,288,189" oya="2" hai0="10,93,12,23,102,25,27,128,19,54,105,74,39" hai1="132,35,118,66,123,15,70,126,96,90,51,114,133" hai2="3,9,75,80,18,55,92,22,68,56,81,53,48" hai3="26,62,44,98,64,57,95,108,103,41,84,61,43"/><V116/><F116/><W24/><G108/><T85/><D74/><U20/><E35/><V52/><F68/><W120/><G120/><T38/><D105/><U33/><E33/><V71/><F71/><W117/><G117/><T1/><D128/><U129/><E118/><V134/><F134/><W49/><G43/><T127/><D127/><U5/><E114/><V109/><F109/><W58/><REACH who="3" step="1"/><G84/><REACH who="3" ten="209,314,288,179" step="2"/><T72/><D85/><U91/><E123/><V13/><F75/><W50/><G50/><T31/><D72/><U135/><E132/><V16/><F3/><W111/><G111/><T30/><D1/><U101/><E133/><V11/><F92/><W67/><AGARI ba="0,1" hai="24,26,41,44,49,57,58,61,62,64,67,95,98,103" machi="67" ten="20,12000,2" yaku="1,1,0,1,7,1,9,1,8,1,53,1" doraHai="6" doraHaiUra="47" who="3" fromWho="3" sc="209,-30,314,-30,288,-60,179,130" /><INIT seed="3,0,0,4,4,99" ten="179,284,228,309" oya="3" hai0="12,35,65,43,86,104,30,51,108,38,44,39,45" hai1="59,93,53,15,88,33,97,1,135,4,70,74,63" hai2="68,0,117,122,125,47,101,92,10,54,69,41,20" hai3="66,83,98,9,27,79,120,6,94,105,119,2,61"/><W118/><G120/><T5/><D108/><U26/><E135/><V50/><F117/><W113/><G113/><T17/><D65/><U80/><E1/><V14/><F122/><W21/><G105/><T76/><D5/><U52/><E70/><V107/><F125/><W19/><G83/><T126/><D126/><U48/><E33/><V100/><F107/><W127/><G79/><T134/><D134/><U133/><E133/><V72/><F72/><W46/><G46/><T90/><D76/><U55/><E26/><V3/><F68/><W60/><G127/><T110/><D104/><U56/><E80/><V57/><F69/><W84/><G84/><T18/><D18/><U103/><E74/><V77/><F77/><W123/><G123/><T121/><D121/><U96/><E55/><V81/><F81/><W95/><G95/><T91/><D91/><U29/><E29/><V13/><F92/><W114/><G114/><T115/><D110/><U75/><E75/><V71/><F71/><W131/><G131/><T28/><D35/><U89/><E96/><V8/><F20/><W32/><G32/><T106/><D106/><U62/><E48/><N who="2" m="30919" /><F3/><W31/><G31/><T25/><D115/><U129/><E129/><V64/><F0/><W11/><G11/><AGARI ba="0,0" hai="4,11,15,52,53,56,59,62,63,88,89,93,97,103" machi="11" ten="40,8000,1" yaku="9,1,8,1,52,1,54,2" doraHai="99" who="1" fromWho="3" sc="179,0,284,80,228,0,309,-80" /><INIT seed="4,0,0,0,1,130" ten="179,364,228,229" oya="0" hai0="25,0,3,135,115,24,93,119,131,68,51,49,125" hai1="82,127,6,72,14,63,1,76,5,71,36,2,66" hai2="105,96,108,92,34,38,17,85,83,106,87,56,20" hai3="55,121,112,12,54,123,21,15,28,122,124,57,16"/><T40/><D119/><U107/><E127/><V53/><F34/><W67/><G112/><T110/><D115/><U26/><E14/><V42/><F108/><W99/><G124/><T61/><D125/><U64/><E64/><V89/><F38/><W94/><G28/><T29/><D131/><U78/><E78/><V39/><F39/><W102/><G12/><T35/><D110/><U4/><E36/><V33/><F33/><W97/><G97/><T50/><D40/><U27/><REACH who="1" step="1"/><E107/><REACH who="1" ten="179,354,228,229" step="2"/><V88/><F105/><W18/><G18/><T46/><D135/><U69/><E69/><V120/><F106/><W47/><G47/><T117/><D46/><U58/><E58/><V84/><F120/><W79/><G79/><T132/><D117/><U114/><E114/><V104/><F104/><W41/><G41/><T77/><D132/><U45/><E45/><V44/><F42/><W62/><AGARI ba="0,1" hai="15,16,21,54,55,57,62,67,94,99,102,121,122,123" machi="62" ten="40,5200,0" yaku="0,1,13,1,54,1" doraHai="130" who="3" fromWho="3" sc="179,-26,354,-13,228,-13,229,62" /><INIT seed="5,0,0,0,4,83" ten="153,341,215,291" oya="1" hai0="126,17,66,19,72,93,129,132,121,80,111,73,134" hai1="106,2,31,78,46,8,123,135,133,104,53,43,3" hai2="97,21,40,36,103,35,82,55,86,22,127,25,101" hai3="131,14,68,33,61,92,48,88,120,28,124,20,58"/><U90/><E123/><V24/><F127/><W119/><G120/><T29/><D121/><U87/><E78/><V77/><F35/><W5/><G124/><T44/><D126/><U56/><E31/><V116/><F116/><W50/><G68/><T0/><D111/><U45/><E56/><V94/><F36/><W23/><G131/><T102/><D0/><N who="1" m="43" /><E53/><V91/><F40/><W110/><G33/><T59/><D29/><U100/><E100/><V108/><F108/><W84/><G119/><T130/><D44/><N who="1" m="17003" /><E8/><V11/><F11/><N who="3" m="4463" /><G110/><T6/><D6/><U37/><E37/><V34/><F34/><W63/><G63/><N who="0" m="38271" /><D93/><N who="1" m="54495" /><E43/><V65/><F65/><N who="3" m="39095" /><G28/><T114/><D102/><U74/><E74/><V57/><F103/><W118/><G118/><T70/><D70/><U96/><E96/><V95/><F21/><AGARI ba="0,0" hai="20,21,23,48,50,84,88,92" m="39095,4463" machi="21" ten="30,3900,0" yaku="8,1,52,1,54,1" doraHai="83" who="3" fromWho="2" sc="153,0,341,0,215,-39,291,39" /><INIT seed="6,0,0,0,2,23" ten="153,341,176,330" oya="2" hai0="124,100,3,78,56,18,127,38,135,105,48,102,74" hai1="47,8,117,60,50,27,118,15,40,79,134,83,57" hai2="5,42,95,43,122,107,89,131,32,24,67,106,44" hai3="59,26,63,25,123,29,132,64,98,120,19,21,41"/><V49/><F122/><W70/><G132/><T72/><D38/><U85/><E134/><V11/><F131/><W109/><G109/><T71/><D135/><U114/><E114/><V73/><F73/><W129/><G129/><T6/><D71/><U33/><E33/><V97/><F67/><W1/><G1/><T54/><D18/><U9/><E9/><V7/><F43/><W61/><G41/><T22/><D22/><U116/><E27/><V125/><F125/><N who="0" m="48202" /><D78/><U14/><REACH who="1" step="1"/><E8/><REACH who="1" ten="153,331,176,330" step="2"/><V110/><F110/><W90/><G123/><T55/><D6/><U12/><E12/><V4/><REACH who="2" step="1"/><F11/><REACH who="2" ten="153,331,166,330" step="2"/><W52/><G120/><T34/><D3/><U86/><E86/><V58/><F58/><W45/><G59/><T0/><D74/><U101/><E101/><V31/><AGARI ba="0,2" hai="4,5,7,24,31,32,42,44,49,89,95,97,106,107" machi="31" ten="30,6000,0" yaku="1,1,0,1,52,1,53,0" doraHai="23" doraHaiUra="112" who="2" fromWho="2" sc="153,-20,331,-20,166,80,330,-20" /><INIT seed="6,1,0,2,5,101" ten="133,311,246,310" oya="2" hai0="72,119,133,113,57,20,64,120,85,40,32,0,135" hai1="26,56,54,2,44,89,36,16,112,58,12,91,102" hai2="110,14,43,69,28,84,97,93,86,60,47,22,99" hai3="114,27,130,30,123,117,61,108,83,81,24,46,70"/><V35/><F110/><W80/><G108/><T68/><D40/><U38/><E2/><V88/><F35/><W59/><G117/><T111/><D57/><N who="1" m="22123" /><E36/><V90/><F69/><W109/><G109/><T11/><D85/><U29/><E38/><V134/><F60/><W122/><G130/><T52/><D52/><U62/><E102/><V106/><F134/><W132/><G132/><T6/><D20/><N who="1" m="15559" /><E112/><V50/><F106/><W21/><G114/><T23/><D23/><N who="1" m="11655" /><E62/><V18/><REACH who="2" step="1"/><F28/><REACH who="2" ten="133,311,236,310" step="2"/><W76/><G70/><T42/><D135/><U79/><E79/><V41/><F41/><W73/><G123/><T10/><D42/><U34/><E34/><V55/><F55/><W105/><G122/><T104/><D32/><U77/><E77/><V125/><F125/><W131/><G105/><T103/><D104/><U37/><E37/><V8/><F8/><W128/><G128/><T71/><D11/><U7/><E7/><V63/><F63/><W116/><G131/><T78/><D68/><U94/><E54/><V100/><F100/><W53/><G76/><T15/><D103/><U25/><E91/><V9/><F9/><W96/><G61/><T126/><D133/><U95/><E89/><V33/><F33/><W124/><G53/><T121/><D111/><U3/><E44/><V82/><AGARI ba="1,1" hai="14,18,22,43,47,50,82,84,86,88,90,93,97,99" machi="82" ten="20,12000,1" yaku="1,1,0,1,7,1,8,1,54,1,53,0" doraHai="101" doraHaiUra="127" who="2" fromWho="2" sc="133,-41,311,-41,236,133,310,-41" /><INIT seed="6,2,0,4,3,19" ten="92,270,369,269" oya="2" hai0="33,15,26,99,29,126,28,80,133,58,4,125,113" hai1="100,79,105,9,74,66,12,48,96,89,102,44,114" hai2="37,51,131,31,78,130,10,46,87,59,106,65,41" hai3="56,111,3,118,54,7,1,43,64,70,76,84,55"/><V13/><F106/><W92/><G111/><T119/><D80/><U104/><E114/><V18/><F31/><W123/><G118/><T128/><D58/><U6/><E66/><V45/><F78/><W129/><G123/><T34/><D99/><U57/><E57/><V5/><F87/><W109/><G109/><T124/><D113/><U11/><E89/><V35/><F35/><W8/><G129/><T50/><D50/><U115/><E115/><V98/><F98/><W88/><G43/><T25/><D128/><U90/><E90/><V42/><REACH who="2" step="1"/><F5/><REACH who="2" ten="92,270,359,269" step="2"/><W63/><G76/><T103/><D119/><U112/><E112/><V62/><AGARI ba="2,1" hai="10,13,18,37,41,42,45,46,51,59,62,65,130,131" machi="62" ten="30,6000,0" yaku="1,1,2,1,0,1,53,0" doraHai="19" doraHaiUra="21" who="2" fromWho="2" sc="92,-22,270,-22,359,76,269,-22" /><INIT seed="6,3,0,1,1,43" ten="70,248,435,247" oya="2" hai0="128,1,54,127,49,68,28,69,135,35,11,37,106" hai1="125,12,60,6,99,26,8,80,111,44,109,27,31" hai2="88,63,101,7,5,108,38,81,40,33,45,86,133" hai3="58,121,4,21,48,116,110,77,103,64,67,65,72"/><V115/><F33/><W30/><G110/><T52/><D106/><U25/><E125/><V96/><F115/><W13/><G116/><T85/><D127/><U131/><E131/><V73/><F133/><W50/><G121/><T132/><D37/><U24/><E60/><V90/><F108/><W9/><G72/><T70/><D128/><U95/><E80/><V17/><F73/><W94/><G77/><T113/><D113/><U107/><E107/><V104/><F90/><W15/><G58/><T82/><D54/><U57/><E57/><V59/><REACH who="2" step="1"/><F17/><REACH who="2" ten="70,248,425,247" step="2"/><N who="3" m="10415" /><G30/><T16/><D28/><U56/><E109/><V100/><F100/><W79/><G79/><T55/><D35/><U62/><E111/><V75/><F75/><W117/><G117/><T118/><D118/><U47/><E31/><V19/><F19/><W32/><G32/><T29/><D29/><U120/><E120/><V97/><F97/><AGARI ba="3,1" hai="4,9,15,48,50,64,65,67,94,97,103" m="10415" machi="97" ten="30,1000,0" yaku="8,1" doraHai="43" who="3" fromWho="2" sc="70,0,248,0,425,-19,247,29" /><INIT seed="7,0,0,1,3,81" ten="70,248,406,276" oya="3" hai0="60,19,94,66,22,95,20,35,126,107,43,24,75" hai1="7,0,52,1,93,47,113,29,57,56,87,65,118" hai2="131,105,45,92,2,76,21,30,125,72,59,114,50" hai3="109,53,103,115,78,97,54,40,104,17,63,123,39"/><W86/><G123/><T61/><D107/><U71/><E29/><V62/><F105/><W79/><G115/><T68/><D75/><U90/><E113/><V134/><F2/><W101/><G109/><T127/><D43/><U32/><E32/><V116/><F116/><W67/><G103/><T51/><D51/><U23/><E118/><V129/><F114/><W34/><G34/><T99/><D35/><U3/><E23/><V25/><F125/><W102/><G102/><T89/><D126/><U37/><E7/><V70/><F70/><W91/><G17/><T112/><D112/><U124/><E124/><V11/><F134/><W122/><G122/><T16/><D127/><U111/><E111/><V28/><F11/><W84/><G39/><T117/><D117/><U48/><REACH who="1" step="1"/><E37/><REACH who="1" ten="70,238,406,276" step="2"/><V9/><F30/><W26/><G26/><T58/><D68/><U82/><E82/><V15/><F28/><W13/><G13/><T85/><D61/><AGARI ba="0,1" hai="0,1,3,47,48,52,56,57,61,65,71,87,90,93" machi="61" ten="40,5200,0" yaku="1,1,52,1,54,1,53,0" doraHai="81" doraHaiUra="121" who="1" fromWho="0" sc="70,-52,238,62,406,0,276,0" owari="18,-48.2,300,10.0,406,50.6,276,-12.4" /></mjloggm>