<mjloggm ver="2.3"><GO type="169" lobby="0"/><UN n0="%E3%83%96%E3%83%BC%E3%83%93%E3%83%BC" n1="%E3%82%A4%E3%82%A7%E3%83%83%E3%82%BF%E3%82%A4%E3%82%AC%E3%83%BC" n2="%E3%82%A8%E3%83%8D%E3%83%AB" n3="%53%68%69%72%6C%65%79" dan="16,16,18,16" rate="2208.21,2129.72,2207.81,2091.85" sx="M,M,M,M"/><TAIKYOKU oya="0"/><INIT seed="0,0,0,3,4,66" ten="250,250,250,250" oya="0" hai0="97,57,19,16,122,77,53,115,95,42,21,44,84" hai1="39,36,64,123,29,0,2,98,92,17,9,14,61" hai2="94,116,124,23,28,6,7,12,132,48,35,131,58" hai3="20,90,32,59,93,67,43,82,101,24,40,33,113"/><T87/><D115/><U128/><E123/><V112/><F58/><W114/><G32/><T96/><D122/><U8/><E128/><V91/><F48/><W110/><G33/><T27/><D19/><U71/><E29/><V103/><F91/><W46/><G82/><T121/><D121/><U118/><E118/><V13/><F94/><W22/><G22/><T105/><D105/><U65/><E65/><V119/><F103/><W102/><G110/><T10/><D10/><U1/><REACH who="1" step="1"/><E8/><REACH who="1" ten="250,240,250,250" step="2"/><V25/><F131/><W117/><G67/><T108/><D108/><U68/><E68/><V86/><F28/><W76/><G117/><T49/><D77/><U79/><E79/><V63/><F119/><W52/><G76/><T62/><REACH who="0" step="1"/><D97/><REACH who="0" ten="240,240,250,250" step="2"/><U5/><E5/><V70/><F6/><W107/><G114/><T133/><D133/><U100/><AGARI ba="0,2" hai="0,1,2,9,14,17,36,39,61,64,71,92,98,100" machi="100" ten="30,4000,0" yaku="1,1,0,1,52,1,53,0" doraHai="66" doraHaiUra="41" who="1" fromWho="1" sc="240,-20,240,60,250,-10,250,-10" /><INIT seed="1,0,0,4,0,10" ten="220,300,240,240" oya="1" hai0="73,23,106,94,31,49,32,28,37,6,24,113,71" hai1="48,120,16,53,110,102,134,118,135,86,22,56,85" hai2="33,91,52,117,92,15,95,18,47,60,87,38,25" hai3="88,13,7,101,132,14,119,97,43,66,35,61,0"/><U39/><E120/><V29/><F117/><W34/><G119/><T5/><D106/><U74/><E74/><V26/><F26/><W89/><G35/><T112/><D37/><U67/><E118/><V27/><F27/><W109/><G109/><T68/><D24/><U12/><E39/><V9/><F38/><W76/><G34/><T3/><D32/><U69/><E110/><V78/><F78/><W131/><G43/><T55/><D49/><U84/><REACH who="1" step="1"/><E102/><REACH who="1" ten="220,290,240,240" step="2"/><V11/><F33/><W79/><G131/><T42/><D73/><U58/><E58/><V82/><F29/><W128/><G128/><T123/><D123/><U99/><E99/><V108/><F108/><W20/><G101/><T1/><D31/><U50/><E50/><V57/><F47/><W98/><G132/><T63/><D28/><U96/><E96/><V129/><F129/><W125/><G98/><T30/><D30/><U81/><E81/><V62/><F82/><W36/><G97/><T100/><D100/><U8/><E8/><V65/><F9/><N who="3" m="4287" /><G36/><T133/><D133/><U77/><E77/><N who="3" m="29770" /><G125/><T124/><D124/><U4/><E4/><N who="2" m="3559" /><F87/><W126/><G126/><T59/><D59/><U44/><E44/><V107/><F91/><W116/><G116/><T46/><D46/><U17/><E17/><V51/><F51/><W75/><G75/><T111/><D111/><U83/><E83/><V104/><F107/><W2/><G89/><T114/><D6/><U70/><E70/><N who="2" m="42279" /><F104/><W93/><G88/><T54/><D5/><U72/><E72/><V80/><F80/><W64/><G0/><RYUUKYOKU ba="0,1" sc="220,-15,290,15,240,15,240,-15" hai1="12,16,22,48,53,56,67,69,84,85,86,134,135" hai2="18,25,52,57,62,92,95" /><INIT seed="1,1,1,0,3,44" ten="205,305,255,225" oya="1" hai0="129,61,20,32,102,11,47,71,92,73,63,132,21" hai1="10,70,108,55,116,93,81,113,54,65,13,134,15" hai2="120,42,23,51,30,69,94,124,56,4,27,39,83" hai3="38,53,35,78,82,12,89,25,72,79,9,66,43"/><U77/><E116/><V19/><F120/><W118/><G118/><T119/><D32/><U115/><E134/><V28/><F69/><W127/><G127/><T59/><D73/><U45/><E108/><V91/><F124/><W123/><G123/><T52/><D132/><U49/><E93/><V128/><F128/><W107/><G66/><T122/><D129/><U74/><E55/><V106/><F106/><W112/><G112/><T99/><D122/><U75/><E75/><V58/><F4/><W16/><G107/><T8/><D119/><U105/><E105/><V24/><F39/><W84/><G78/><T37/><D71/><U36/><E36/><V109/><F83/><W14/><G53/><T86/><D63/><U18/><REACH who="1" step="1"/><E15/><REACH who="1" ten="205,295,255,225" step="2"/><V34/><F109/><W85/><G72/><T97/><D37/><U2/><E2/><V48/><F42/><W31/><G38/><T133/><D133/><U100/><E100/><V104/><F104/><W22/><G43/><T98/><D102/><U64/><E64/><V17/><F94/><W103/><G103/><T125/><D125/><U60/><AGARI ba="1,2" hai="10,13,18,45,49,54,60,65,70,74,77,81,113,115" machi="60" ten="30,6000,0" yaku="1,1,0,1,52,1,53,0" doraHai="44" doraHaiUra="96" who="1" fromWho="1" sc="205,-21,295,83,255,-21,225,-21" /><INIT seed="1,2,0,5,0,41" ten="184,378,234,204" oya="1" hai0="90,117,96,125,75,107,59,25,2,124,56,130,91" hai1="16,74,109,100,79,51,129,88,103,89,39,116,83" hai2="57,8,132,43,62,81,61,28,102,49,9,78,69" hai3="95,22,4,70,27,18,47,112,58,131,114,5,13"/><U108/><E39/><V101/><F132/><W99/><G70/><T94/><D117/><U111/><E116/><V38/><F28/><W48/><G131/><T52/><D130/><U10/><E129/><V26/><F26/><W55/><G58/><T6/><D75/><U3/><E51/><V87/><F38/><W86/><G86/><T84/><D59/><U35/><E35/><V68/><F62/><W119/><G119/><T122/><D122/><U36/><E36/><V14/><F69/><W135/><G135/><T15/><D2/><U72/><E72/><V118/><F68/><W76/><G76/><T121/><D25/><U31/><E31/><V60/><F60/><W21/><G114/><T44/><D44/><U23/><E10/><V92/><F92/><W67/><G67/><T46/><D46/><U104/><E3/><V97/><F97/><W120/><G120/><T77/><D77/><U133/><E133/><V1/><F8/><W63/><G63/><T50/><D121/><U32/><E32/><V115/><F1/><W45/><G45/><T80/><REACH who="0" step="1"/><D107/><REACH who="0" ten="174,378,234,204" step="2"/><U113/><E113/><V128/><F115/><W127/><G112/><T64/><D64/><U98/><E103/><V24/><F128/><W123/><G123/><T134/><D134/><U110/><N who="1" m="27648" /><DORA hai="7" /><U73/><E73/><V40/><F118/><W54/><G54/><T19/><D19/><U33/><REACH who="1" step="1"/><E33/><REACH who="1" ten="174,368,234,204" step="2"/><V53/><F102/><W71/><G48/><T126/><D126/><U93/><E93/><V29/><F101/><N who="3" m="60671" /><G127/><T65/><D65/><U106/><E106/><V0/><F49/><RYUUKYOKU ba="2,2" sc="174,15,368,15,234,-15,204,-15" hai0="6,15,50,52,56,80,84,90,91,94,96,124,125" hai1="16,23,74,79,83,88,89,98,100,104" /><INIT seed="1,3,2,4,0,120" ten="189,383,219,189" oya="1" hai0="47,123,39,42,11,31,25,0,38,59,74,75,64" hai1="111,22,69,48,100,34,81,13,76,37,121,110,44" hai2="99,134,97,33,116,133,72,113,83,17,77,49,1" hai3="46,71,53,103,16,98,45,21,73,56,54,52,55"/><U82/><E121/><V88/><F33/><W67/><G73/><T50/><D123/><U63/><E34/><V92/><F1/><W57/><G71/><T65/><D75/><U126/><E100/><V91/><F17/><W36/><G36/><T94/><D74/><U107/><E107/><V51/><F49/><N who="3" m="30735" /><G98/><T128/><D128/><U62/><E126/><V132/><F51/><W5/><G5/><T131/><D131/><U14/><E69/><V30/><F30/><W26/><G103/><T117/><D117/><U6/><E37/><V79/><F116/><W109/><G109/><N who="1" m="41482" /><E76/><N who="2" m="44423" /><F113/><W90/><G90/><T24/><D39/><U129/><E129/><V66/><F66/><W20/><G20/><T32/><D65/><U27/><E81/><V114/><F114/><W124/><G124/><T125/><D64/><U84/><E6/><V105/><F105/><W95/><G95/><AGARI ba="3,2" hai="77,79,88,91,92,95,97,99,132,133,134" m="44423" machi="95" ten="30,7700,0" yaku="20,1,34,2,54,1" doraHai="120" who="2" fromWho="3" sc="189,0,383,0,219,106,189,-86" /><INIT seed="2,0,0,5,3,106" ten="189,383,325,103" oya="2" hai0="2,51,100,18,114,130,7,78,40,110,62,54,120" hai1="13,33,88,52,70,116,15,28,36,17,65,5,14" hai2="69,24,122,108,44,95,83,97,53,134,75,22,82" hai3="115,63,98,127,56,123,6,73,85,87,38,66,104"/><V92/><F122/><W60/><G123/><T34/><D120/><U0/><E36/><V107/><F69/><W8/><G38/><T117/><D114/><U9/><E116/><V64/><F64/><W96/><G115/><T49/><D34/><U111/><E111/><V79/><F134/><W58/><G127/><T12/><D7/><U125/><E125/><V37/><F83/><W112/><G112/><T11/><D2/><U86/><E65/><V39/><F107/><W47/><G47/><T101/><D110/><U119/><E119/><V109/><F95/><W61/><G73/><T3/><D3/><U45/><E70/><V72/><F53/><W133/><G133/><T32/><D32/><U16/><E28/><N who="2" m="17431" /><F44/><W68/><G68/><T80/><D117/><U50/><REACH who="1" step="1"/><E33/><REACH who="1" ten="189,373,325,103" step="2"/><V94/><F37/><W59/><G66/><T102/><D130/><U105/><E105/><V48/><F39/><W25/><G104/><T93/><D40/><U4/><E4/><V99/><F108/><W31/><G31/><T41/><D41/><U103/><E103/><V135/><F109/><W26/><G6/><T1/><D1/><U91/><E91/><V74/><F135/><W29/><G29/><T43/><D43/><U129/><E129/><V30/><F30/><W20/><G8/><T77/><D11/><U10/><E10/><V57/><F99/><N who="3" m="37931" /><G20/><T90/><D102/><U121/><E121/><V113/><F113/><W81/><G81/><AGARI ba="0,1" hai="0,5,9,13,14,15,16,17,45,50,52,81,86,88" machi="81" ten="40,8000,1" yaku="1,1,54,3,53,0" doraHai="106" doraHaiUra="55" who="1" fromWho="3" sc="189,0,373,90,325,0,103,-80" /><INIT seed="3,0,0,0,1,82" ten="189,463,325,23" oya="3" hai0="35,88,105,18,111,110,114,85,0,60,91,70,13" hai1="6,79,23,66,36,54,77,56,58,26,65,32,14" hai2="19,28,119,5,8,120,107,76,22,39,109,33,116" hai3="81,72,38,115,30,37,87,64,49,97,93,63,104"/><W113/><G30/><T20/><D114/><U61/><E36/><V59/><F107/><W73/><G37/><T68/><D35/><U78/><E32/><V62/><F76/><W27/><G27/><T95/><D105/><U51/><E14/><V1/><F39/><W2/><G2/><T128/><D128/><U74/><E6/><V48/><F48/><W53/><G104/><T7/><D60/><U89/><E89/><V50/><F50/><W108/><G38/><T125/><D125/><U75/><REACH who="1" step="1"/><E65/><REACH who="1" ten="189,453,325,23" step="2"/><V31/><F33/><W40/><G115/><T123/><D123/><U133/><E133/><V100/><F120/><W34/><G34/><T25/><D13/><U11/><E11/><V45/><F8/><W103/><G113/><T44/><D7/><U101/><E101/><V106/><F100/><W83/><G108/><N who="0" m="41515" /><D0/><U17/><AGARI ba="0,1" hai="17,23,26,51,54,56,58,61,66,74,75,77,78,79" machi="17" ten="30,2000,0" yaku="1,1,0,1,53,0" doraHai="82" doraHaiUra="92" who="1" fromWho="1" sc="189,-5,453,30,325,-5,23,-10" /><INIT seed="4,0,0,3,3,62" ten="184,483,320,13" oya="0" hai0="133,42,110,131,100,51,84,83,55,81,68,57,113" hai1="111,124,30,93,88,109,95,43,67,37,117,123,120" hai2="14,35,21,106,103,56,72,80,69,98,38,107,25" hai3="3,91,44,102,6,92,127,82,4,26,66,60,135"/><T89/><D68/><U99/><E30/><V115/><F115/><W1/><G135/><T90/><D113/><U75/><E43/><V33/><F107/><W19/><G127/><T18/><D133/><U32/><E32/><V10/><F38/><W12/><G102/><T46/><D110/><N who="1" m="41995" /><E37/><V49/><F80/><W122/><G82/><T54/><D100/><N who="1" m="60527" /><E75/><V128/><F72/><W9/><G122/><N who="1" m="46634" /><E67/><V129/><F69/><W112/><G112/><T24/><D131/><N who="2" m="50250" /><F56/><W79/><G79/><T121/><D121/><U132/><E132/><V41/><F49/><W27/><G44/><T48/><D42/><U73/><E73/><V118/><F118/><W86/><G4/><T105/><D105/><U34/><E34/><V29/><F41/><W52/><G1/><T8/><D24/><U74/><E74/><V78/><F78/><W50/><G50/><T23/><D23/><U101/><E124/><V125/><F125/><W64/><G3/><T28/><D28/><U108/><N who="1" m="42003" /><U39/><DORA hai="85" /><E39/><V87/><F35/><W70/><G70/><T5/><D18/><U31/><E31/><V45/><F33/><W116/><G116/><T20/><D20/><U76/><E117/><V53/><F29/><W17/><G17/><T130/><D130/><U96/><E76/><V22/><F25/><N who="3" m="9227" /><G19/><T65/><D65/><U126/><E126/><V94/><F10/><W36/><G36/><T13/><D83/><U63/><E63/><V119/><F119/><W59/><AGARI ba="0,0" hai="6,9,12,52,59,60,64,66,86,91,92" m="9227" machi="59" ten="30,8000,1" yaku="8,1,52,3,54,1" doraHai="62,85" who="3" fromWho="3" sc="184,-40,483,-20,320,-20,13,80" /><INIT seed="5,0,0,5,5,92" ten="144,463,300,93" oya="1" hai0="131,75,65,41,15,39,124,38,37,52,116,68,71" hai1="16,127,14,24,94,99,100,97,5,12,49,62,48" hai2="69,104,56,81,105,34,125,40,55,118,123,51,27" hai3="6,2,25,83,110,53,0,120,29,17,18,93,70"/><U111/><E127/><V1/><F118/><W101/><G120/><T35/><D116/><U28/><E111/><V96/><F123/><W98/><G110/><T44/><D75/><U32/><E62/><V88/><F1/><W126/><G126/><T11/><D124/><U67/><E67/><V135/><F125/><W107/><G70/><T45/><D35/><U79/><E79/><V78/><F69/><N who="0" m="26698" /><D15/><U74/><E74/><V20/><F34/><W10/><G0/><T72/><D11/><U64/><E64/><V128/><F40/><W21/><G83/><T117/><D72/><U90/><E5/><V77/><F128/><W26/><G53/><T66/><D117/><U58/><E58/><V30/><F135/><W85/><REACH who="3" step="1"/><G25/><REACH who="3" ten="144,463,300,83" step="2"/><T60/><D131/><U54/><E54/><V23/><F81/><W133/><G133/><T102/><D102/><U3/><E3/><V22/><F27/><W50/><G50/><N who="0" m="28751" /><D60/><U46/><E12/><V9/><F51/><AGARI ba="0,1" hai="37,38,39,41,44,51,65,66" m="28751,26698" machi="51" ten="40,12000,2" yaku="35,5,54,1" doraHai="92" who="0" fromWho="2" sc="144,130,463,0,300,-120,83,0" /><INIT seed="6,0,0,3,1,124" ten="274,463,180,83" oya="2" hai0="88,6,109,85,68,81,19,11,67,111,132,0,29" hai1="2,91,49,99,73,112,9,93,38,7,53,95,36" hai2="44,121,118,126,78,79,127,83,20,5,90,8,110" hai3="54,15,59,106,120,43,103,13,24,82,87,129,14"/><V52/><F118/><W18/><G120/><T70/><D132/><U64/><E73/><V4/><F121/><W116/><G116/><T107/><D107/><U48/><E112/><V37/><F110/><W130/><G43/><T46/><D29/><U101/><E64/><V17/><F90/><W98/><G24/><T56/><D56/><U102/><E48/><N who="2" m="28679" /><F37/><W21/><G59/><T65/><D65/><U34/><E34/><V108/><F8/><W63/><G63/><T89/><D70/><U125/><E125/><N who="2" m="47627" /><F108/><W69/><G54/><T80/><D67/><U134/><E134/><V51/><F51/><W32/><G32/><T22/><D68/><U50/><E50/><V47/><F47/><W16/><G69/><T25/><D46/><U30/><E30/><V133/><F133/><W131/><G21/><T57/><D57/><U92/><E91/><AGARI ba="0,0" hai="13,14,15,16,18,82,87,91,98,103,106,129,130,131" machi="91" ten="50,8000,1" yaku="19,1,52,3,54,1" doraHai="124" who="3" fromWho="1" sc="274,0,463,-80,180,0,83,80" /><INIT seed="7,0,0,5,3,73" ten="274,383,180,163" oya="3" hai0="66,8,32,22,85,87,90,129,106,82,34,118,70" hai1="86,71,49,11,135,132,25,14,122,60,83,65,114" hai2="42,26,33,55,46,4,20,113,92,68,21,10,18" hai3="28,101,102,128,119,43,0,3,84,31,36,76,104"/><W99/><G119/><T37/><D106/><U93/><E122/><V23/><F68/><W54/><G128/><T29/><D118/><U123/><E123/><V133/><F55/><W19/><G102/><T127/><D37/><U130/><E130/><V50/><F113/><W72/><G72/><T52/><D129/><U1/><E1/><V48/><F48/><W116/><G116/><T105/><D105/><U44/><E114/><V5/><F133/><N who="1" m="51273" /><E25/><V109/><F109/><W6/><G19/><T112/><D22/><N who="2" m="8810" /><F33/><W81/><G54/><T75/><D34/><U38/><E38/><V2/><F2/><W12/><G12/><T125/><D8/><U120/><E120/><V24/><F24/><W110/><G110/><T69/><D87/><U39/><E39/><V47/><F47/><W91/><G0/><T115/><D82/><U108/><E108/><V134/><F134/><W15/><G3/><T78/><D29/><U98/><E44/><V89/><F10/><N who="3" m="4567" /><G36/><T62/><D52/><U51/><E14/><V80/><F80/><W56/><G56/><T63/><D75/><U16/><E11/><V111/><F111/><W13/><G13/><T27/><D32/><U41/><E16/><V57/><F57/><W95/><G43/><T61/><D61/><U94/><E41/><V35/><F35/><W117/><G117/><T40/><D40/><U64/><E64/><V58/><F58/><W74/><AGARI ba="0,0" hai="28,31,74,76,81,84,91,95,99,101,104" m="4567" machi="74" ten="30,3000,0" yaku="24,1,52,1" doraHai="73" who="3" fromWho="3" sc="274,-10,383,-10,180,-10,163,30" /><INIT seed="7,1,0,3,5,80" ten="264,373,170,193" oya="3" hai0="117,109,98,27,64,9,102,3,67,95,17,20,92" hai1="90,30,111,21,119,120,40,82,51,57,113,132,94" hai2="10,89,125,38,116,45,58,52,79,23,0,39,88" hai3="60,16,84,93,87,8,41,29,115,4,110,135,97"/><W1/><G115/><T59/><D109/><U85/><E111/><V118/><F79/><W33/><G110/><T49/><D117/><U108/><E113/><V43/><F39/><W114/><G114/><T13/><D3/><U103/><E108/><V104/><F104/><W71/><G41/><T74/><D74/><U70/><E70/><V66/><F66/><W129/><G129/><T86/><D86/><U61/><E120/><V62/><F23/><W22/><G71/><T123/><D95/><U134/><E119/><V127/><F118/><W112/><G112/><T76/><D76/><U99/><E51/><V56/><F56/><W28/><G60/><T11/><D11/><U25/><REACH who="1" step="1"/><E40/><REACH who="1" ten="264,363,170,193" step="2"/><V106/><F116/><W54/><G135/><T44/><D123/><U31/><E31/><V96/><F125/><W32/><G29/><N who="0" m="17639" /><D59/><U6/><E6/><V63/><F127/><W19/><G28/><T2/><D2/><U7/><E7/><V68/><F68/><W55/><G4/><T14/><D13/><U107/><E107/><V77/><F63/><W105/><G1/><T69/><D69/><U50/><E50/><V83/><F0/><W126/><G126/><T91/><D102/><U72/><E72/><N who="2" m="43431" /><F10/><W47/><G8/><T75/><D75/><U130/><E130/><V15/><F15/><W12/><G105/><T5/><D5/><U121/><E121/><V124/><F124/><W35/><G12/><T36/><D36/><U128/><E128/><V42/><F42/><AGARI ba="1,1" hai="9,14,17,42,44,49,64,67,91,92,98" m="17639" machi="42" ten="30,1000,0" yaku="8,1" doraHai="80" who="0" fromWho="2" sc="264,23,363,0,170,-13,193,0" owari="287,8.7,363,46.3,157,-34.3,193,-20.7" /></mjloggm>