<mjloggm ver="2.3"><GO type="169" lobby="0"/><UN n0="%E3%81%99%E3%81%84%E3%81%BF%E3%82%87%E3%82%93%44%5A" n1="%E3%83%95%E3%83%AB%E3%82%BC%E3%83%B3%E3%83%84%E3%81%8F%E3%82%93" n2="%74%6B%34%32" n3="%67%78%7A" dan="16,16,16,17" rate="2107.94,2163.45,2081.30,2151.28" sx="M,F,M,F"/><TAIKYOKU oya="0"/><INIT seed="0,0,0,1,3,16" ten="250,250,250,250" oya="0" hai0="100,70,79,87,88,90,58,49,26,33,73,69,38" hai1="108,62,31,50,3,102,56,27,101,24,30,110,68" hai2="112,131,130,83,105,93,44,98,75,117,104,124,12" hai3="103,96,32,82,6,34,89,128,14,28,29,7,111"/><T91/><D38/><U120/><E120/><V67/><F67/><W71/><G71/><T95/><D73/><U11/><E68/><V59/><F59/><W115/><G115/><T65/><D79/><U118/><E50/><V15/><F44/><W86/><G111/><N who="1" m="42538" /><E118/><V78/><F12/><W2/><G2/><T48/><D70/><U64/><E11/><V9/><F112/><W92/><G128/><N who="2" m="49193" /><F124/><W47/><G47/><T19/><D69/><U72/><E72/><V37/><F37/><W40/><G40/><T20/><D33/><N who="1" m="20679" /><E3/><V77/><F78/><W1/><G1/><T84/><D49/><U97/><E97/><V35/><F35/><AGARI ba="0,0" hai="27,31,35,56,62,64,101,102" m="20679,42538" machi="35" ten="30,1000,0" yaku="14,1" doraHai="16" who="1" fromWho="2" sc="250,0,250,10,250,-10,250,0" /><INIT seed="1,0,0,3,1,71" ten="250,260,240,250" oya="1" hai0="104,97,15,68,2,81,40,130,88,29,23,5,128" hai1="59,121,11,119,25,98,36,127,106,38,53,21,93" hai2="48,35,73,109,6,30,120,66,37,14,94,124,70" hai3="110,92,49,52,115,86,131,103,132,56,61,118,69"/><U54/><E119/><V74/><F120/><W79/><G115/><T87/><D68/><U26/><E121/><V134/><F109/><W33/><G33/><T8/><D40/><U17/><E106/><V9/><F134/><W76/><G110/><T117/><D117/><U3/><E127/><V34/><F124/><W0/><G0/><T10/><D23/><U82/><E26/><V129/><F129/><W58/><G69/><T100/><REACH who="0" step="1"/><D29/><REACH who="0" ten="240,260,240,250" step="2"/><U18/><E21/><V62/><F30/><W114/><G118/><T72/><D72/><U64/><E11/><V89/><F74/><W78/><G131/><T113/><D113/><U101/><E25/><V31/><F73/><W111/><G114/><T133/><D133/><U4/><E4/><AGARI ba="0,1" hai="2,4,5,8,10,15,81,87,88,97,100,104,128,130" machi="4" ten="40,5200,0" yaku="1,1,54,1,53,1" doraHai="71" doraHaiUra="83" who="0" fromWho="1" sc="240,62,260,-52,240,0,250,0" /><INIT seed="2,0,0,5,0,47" ten="302,208,240,250" oya="2" hai0="119,54,107,120,15,124,131,82,97,46,33,55,6" hai1="62,77,116,101,14,3,115,100,41,48,103,16,17" hai2="49,37,64,91,12,79,9,104,73,5,132,130,24" hai3="109,1,69,38,65,113,56,58,35,122,74,34,129"/><V8/><F130/><W106/><G56/><T66/><D120/><U99/><E115/><V108/><F132/><W127/><G58/><T21/><D33/><U26/><E116/><V36/><F104/><W133/><G65/><T88/><D131/><U95/><E3/><V27/><F108/><W28/><G28/><T45/><D124/><U18/><E77/><V52/><F73/><W42/><G42/><T11/><D119/><AGARI ba="0,0" hai="1,34,35,38,69,74,106,109,113,119,122,127,129,133" machi="119" ten="0,32000,5" yakuman="47" doraHai="47" who="3" fromWho="0" sc="302,-320,208,0,240,0,250,320" owari="-18,-51.8,208,-19.2,240,4.0,570,67.0" /></mjloggm>