<mjloggm ver="2.3"><GO type="169" lobby="0"/><UN n0="%E9%87%A3%E3%82%8A%E6%97%A5%E5%92%8C" n1="%E7%8F%BE%E5%A0%B4%E3%81%AD%E3%81%93" n2="%E6%95%97%E5%8C%97%E8%80%85%E3%81%AD%E3%82%8B" n3="%E3%81%8B%E3%81%AA%E3%81%8D%E3%83%BC" dan="17,16,17,17" rate="2198.63,2078.99,2202.29,2245.00" sx="M,M,F,F"/><TAIKYOKU oya="0"/><INIT seed="0,0,0,2,3,53" ten="250,250,250,250" oya="0" hai0="81,125,22,123,55,25,29,51,1,85,64,135,41" hai1="8,112,16,75,108,105,122,49,118,21,62,117,89" hai2="34,63,101,15,127,103,70,74,17,72,94,129,124" hai3="104,33,66,36,80,93,131,18,99,76,40,71,134"/><T44/><D123/><U12/><E108/><V86/><F34/><W69/><G131/><T43/><D1/><U96/><E122/><V107/><F70/><W109/><G134/><T88/><D135/><U120/><E120/><V91/><F63/><W111/><G104/><T115/><D115/><U9/><E75/><N who="2" m="28715" /><F15/><W61/><G33/><T35/><D125/><N who="2" m="48202" /><F17/><W126/><G126/><T130/><D130/><U42/><E112/><V28/><F28/><W83/><G69/><T50/><D35/><U4/><E8/><V82/><F129/><W92/><G18/><T133/><D133/><U31/><E31/><V26/><F26/><W45/><G93/><T106/><D106/><U98/><E62/><V20/><F20/><W79/><G83/><T2/><D2/><U68/><E68/><V58/><F58/><W24/><G80/><T23/><D23/><U7/><E7/><V97/><F101/><N who="3" m="60647" /><G24/><T65/><REACH who="0" step="1"/><D41/><REACH who="0" ten="240,250,250,250" step="2"/><U3/><E42/><V11/><F11/><W110/><AGARI ba="0,1" hai="36,40,45,61,66,71,76,79,109,110,111" m="60647" machi="110" ten="30,1100,0" yaku="14,1" doraHai="53" who="3" fromWho="3" sc="240,-5,250,-3,250,-3,250,21" /><INIT seed="1,0,0,3,2,112" ten="235,247,247,271" oya="1" hai0="12,94,132,35,90,98,115,111,36,92,51,13,86" hai1="7,71,79,70,129,114,25,56,50,27,59,134,66" hai2="74,20,87,54,108,110,41,104,23,34,38,126,97" hai3="45,11,113,47,68,16,96,81,89,60,100,21,73"/><U62/><E129/><V93/><F34/><W119/><G113/><T125/><D36/><U44/><E134/><V30/><F74/><W55/><G11/><T109/><D115/><U28/><E114/><V123/><F123/><W17/><G17/><T39/><D39/><U52/><E7/><V40/><F126/><W78/><G89/><T8/><D35/><U64/><E79/><V135/><F104/><W3/><G3/><T91/><D125/><U84/><E84/><V103/><F135/><W107/><G119/><T43/><D132/><U4/><E4/><V37/><F87/><W69/><G69/><T131/><D131/><U99/><E99/><V120/><F54/><W128/><G128/><T72/><D72/><U0/><E0/><V82/><F82/><W124/><G124/><T117/><D117/><U18/><E18/><V57/><F57/><W122/><G122/><T24/><D24/><U9/><E9/><V121/><F97/><W29/><G29/><T130/><D130/><U63/><REACH who="1" step="1"/><E25/><REACH who="1" ten="235,237,247,271" step="2"/><V31/><F103/><W49/><G96/><T67/><D86/><U33/><AGARI ba="0,1" hai="27,28,33,44,50,52,56,59,62,63,64,66,70,71" machi="33" ten="20,18000,2" yaku="1,1,2,1,0,1,7,1,9,1,54,1,53,0" doraHai="112" doraHaiUra="77" who="1" fromWho="1" sc="235,-60,237,190,247,-60,271,-60" /><INIT seed="1,1,0,3,3,75" ten="175,427,187,211" oya="1" hai0="78,135,30,33,85,111,92,19,20,59,35,73,88" hai1="83,71,97,12,0,13,112,22,66,63,90,52,2" hai2="133,5,46,1,32,51,110,42,94,91,120,14,72" hai3="87,123,45,17,68,58,16,93,119,53,131,31,54"/><U36/><E112/><V74/><F120/><W118/><G68/><T113/><D113/><U47/><E36/><V49/><F110/><W116/><G123/><T105/><D111/><U23/><E97/><V108/><F108/><W77/><G131/><T109/><D109/><U10/><E0/><V86/><F32/><W29/><G45/><T40/><D30/><N who="3" m="11273" /><G93/><T98/><D40/><U24/><E2/><V130/><F133/><W82/><G54/><T100/><D59/><U84/><E24/><V106/><F106/><W95/><G95/><T56/><D56/><U99/><E99/><V8/><F130/><W6/><G6/><T126/><D126/><U26/><E26/><V18/><REACH who="2" step="1"/><F51/><AGARI ba="1,0" hai="16,17,51,53,58,77,82,87,116,118,119" m="11273" machi="51" ten="30,3900,0" yaku="12,1,52,1,54,1" doraHai="75" who="3" fromWho="2" sc="175,0,427,0,187,-42,211,42" /><INIT seed="2,0,0,1,3,21" ten="175,427,145,253" oya="2" hai0="65,55,32,87,18,37,111,100,96,58,78,45,29" hai1="64,113,30,70,62,127,42,5,98,40,72,92,86" hai2="132,131,122,77,121,104,38,83,125,88,112,81,26" hai3="35,110,53,9,49,73,41,23,76,46,15,99,59"/><V128/><F38/><W44/><G110/><T103/><D111/><U54/><E72/><N who="2" m="43175" /><F26/><W14/><G35/><T7/><D65/><U115/><E127/><V75/><F125/><W56/><G73/><T109/><D109/><U69/><E86/><N who="2" m="50271" /><F112/><W134/><G23/><T47/><D7/><U6/><E54/><V1/><F1/><W16/><G14/><T116/><D18/><U3/><E70/><V94/><F104/><W90/><G59/><T101/><D37/><U33/><E113/><V124/><F124/><W89/><G46/><T74/><D29/><U24/><E115/><V97/><F75/><W22/><G9/><T108/><D32/><U123/><E5/><V107/><F107/><W28/><G28/><T17/><D17/><U80/><E6/><V10/><F10/><W52/><G53/><T20/><D20/><U85/><E3/><V93/><F132/><W114/><G134/><T34/><D34/><U11/><E11/><V79/><F79/><W71/><G76/><T67/><D67/><U118/><E42/><V61/><F61/><N who="3" m="35975" /><G71/><T66/><D66/><U119/><E40/><V106/><F106/><W60/><G60/><T130/><D74/><U95/><E69/><V43/><F43/><W19/><G19/><T36/><D36/><U8/><E8/><V50/><F50/><W31/><G31/><T63/><D63/><U126/><E126/><V91/><F93/><N who="3" m="56751" /><G114/><T2/><D2/><U129/><E62/><V84/><F97/><W25/><G15/><T117/><D108/><U82/><E98/><V0/><F0/><W48/><G48/><RYUUKYOKU ba="0,0" sc="175,-15,427,-15,145,15,253,15" hai2="84,91,94,121,122,128,131" hai3="16,22,25,41,44,49,90" /><INIT seed="2,1,0,2,4,117" ten="160,412,160,268" oya="2" hai0="71,38,41,54,52,93,55,13,120,75,10,69,45" hai1="7,39,116,47,104,115,36,130,113,57,3,126,99" hai2="103,101,43,25,20,135,114,42,14,40,53,26,49" hai3="33,67,132,128,70,134,2,94,8,81,76,125,73"/><V15/><F114/><W85/><G33/><T95/><D75/><U119/><E7/><V83/><F135/><N who="3" m="51755" /><G70/><T65/><D120/><U109/><E57/><V118/><F118/><W127/><G67/><T19/><D93/><U97/><E47/><V24/><F83/><N who="3" m="45455" /><G8/><T35/><D35/><U46/><E46/><V18/><REACH who="2" step="1"/><F14/><REACH who="2" ten="160,412,150,268" step="2"/><W31/><G81/><T96/><REACH who="0" step="1"/><D65/><REACH who="0" ten="150,412,150,268" step="2"/><U4/><E119/><V74/><F74/><W77/><G125/><T11/><D11/><U107/><E116/><V9/><F9/><W59/><G127/><T6/><D6/><U50/><E4/><V90/><F90/><AGARI ba="1,2" hai="10,13,19,38,41,45,52,54,55,69,71,90,95,96" machi="90" ten="40,2600,0" yaku="1,1,54,1,53,0" doraHai="117" doraHaiUra="123" who="0" fromWho="2" sc="150,49,412,0,150,-29,268,0" /><INIT seed="3,0,0,0,1,30" ten="199,412,121,268" oya="3" hai0="97,46,81,9,20,22,99,21,89,54,104,1,85" hai1="82,113,121,106,19,69,124,93,51,116,77,114,33" hai2="108,15,132,86,7,130,95,125,25,64,131,80,10" hai3="5,92,105,56,55,35,23,68,100,18,134,122,49"/><W70/><G122/><T60/><D104/><U119/><E69/><V6/><F64/><W0/><G105/><T42/><D1/><U118/><E121/><V75/><F75/><W57/><G134/><T8/><D60/><U135/><E19/><V120/><F132/><W103/><G92/><T107/><D54/><U71/><E71/><V88/><F120/><W3/><G5/><T65/><D65/><U76/><E51/><V123/><F123/><W112/><G112/><T73/><D73/><U61/><E61/><V43/><F43/><W101/><G35/><T109/><D109/><U111/><E33/><V96/><F108/><W38/><G38/><T58/><D58/><U27/><E27/><V74/><F74/><W115/><G115/><N who="1" m="44042" /><E135/><V37/><F37/><W79/><G79/><N who="1" m="30282" /><E82/><V90/><F125/><W45/><G70/><T127/><D127/><U63/><E63/><V13/><REACH who="2" step="1"/><F25/><REACH who="2" ten="199,412,111,268" step="2"/><W14/><G68/><T129/><D42/><U31/><E124/><V62/><F62/><W83/><G55/><T126/><D126/><U29/><E111/><V4/><F4/><W32/><G49/><T48/><D129/><U94/><E116/><V133/><F133/><W44/><G0/><T102/><D48/><U17/><E118/><V34/><F34/><W50/><G32/><T87/><D46/><U16/><E119/><V84/><F84/><W128/><G3/><T117/><D117/><U110/><E110/><V28/><F28/><W52/><G128/><T67/><D67/><U47/><E29/><V66/><F66/><W72/><G44/><T36/><D36/><RYUUKYOKU ba="0,1" sc="199,-15,412,-15,111,15,268,15" hai2="6,7,10,13,15,80,86,88,90,95,96,130,131" hai3="14,18,23,45,50,52,56,57,72,83,100,101,103" /><INIT seed="3,1,1,5,1,39" ten="184,397,126,283" oya="3" hai0="67,66,14,19,86,56,54,94,26,47,12,16,36" hai1="18,105,123,38,90,15,104,27,80,78,132,87,97" hai2="114,51,29,79,40,37,31,127,43,24,106,70,115" hai3="102,45,3,89,23,58,88,116,109,57,85,11,35"/><W49/><G116/><T17/><D26/><U21/><E123/><V55/><F37/><W121/><G121/><T125/><D125/><U4/><E132/><V44/><F106/><W131/><G35/><T28/><D28/><U107/><E38/><V5/><F70/><W68/><G68/><T96/><D86/><U10/><REACH who="1" step="1"/><E90/><REACH who="1" ten="184,387,126,283" step="2"/><V69/><F127/><W76/><G89/><T30/><D36/><U61/><E61/><V74/><F69/><W133/><G88/><N who="0" m="55367" /><D30/><U110/><E110/><V33/><F31/><W9/><G109/><T2/><D2/><U6/><E6/><V93/><F5/><W103/><G3/><T65/><D47/><U8/><E8/><V53/><F93/><W1/><G1/><T126/><D126/><U130/><E130/><V64/><F64/><W92/><G92/><T128/><D128/><U73/><E73/><V7/><F7/><W41/><G133/><T60/><AGARI ba="1,2" hai="12,14,16,17,19,54,56,60,65,66,67" m="55367" machi="60" ten="30,4000,0" yaku="8,1,54,2" doraHai="39" who="0" fromWho="0" sc="184,63,387,-11,126,-11,283,-21" /><INIT seed="4,0,0,0,4,11" ten="247,376,115,262" oya="0" hai0="99,9,104,35,127,89,87,53,56,8,83,5,10" hai1="91,58,45,63,66,51,120,42,13,43,12,18,33" hai2="15,27,92,85,103,67,47,135,78,112,94,39,22" hai3="69,68,7,21,6,80,34,31,124,110,73,50,40"/><T105/><D35/><U23/><E120/><V26/><F112/><W122/><G110/><T76/><D127/><U29/><E33/><V71/><F135/><W61/><G124/><T38/><D38/><U41/><E29/><V55/><F71/><W116/><G116/><T81/><D99/><U4/><E91/><V48/><F67/><W90/><G61/><T25/><D25/><N who="1" m="14583" /><E4/><V117/><F117/><W118/><G122/><T16/><D5/><U44/><E44/><V36/><F36/><W72/><G34/><T32/><D32/><U3/><E3/><V96/><F39/><W121/><G90/><T100/><D100/><U102/><E102/><V106/><F106/><W128/><G31/><T129/><D129/><U95/><E95/><V86/><F92/><W62/><G128/><T74/><REACH who="0" step="1"/><D16/><REACH who="0" ten="237,376,115,262" step="2"/><U30/><E30/><V49/><F27/><W14/><G6/><T133/><D133/><U77/><E77/><V64/><F26/><W108/><G7/><T134/><D134/><U130/><E130/><V115/><F103/><W113/><G121/><T132/><D132/><U107/><E107/><V37/><F37/><W2/><G118/><T114/><D114/><U84/><E84/><V131/><F85/><W0/><G113/><T101/><D101/><U70/><E70/><V1/><F86/><W125/><G69/><T119/><D119/><U20/><E20/><V19/><F22/><W79/><G21/><T82/><D82/><U126/><E126/><V97/><F115/><W75/><G125/><T46/><D46/><U98/><E98/><N who="2" m="37995" /><F131/><W60/><G80/><RYUUKYOKU ba="0,1" sc="237,15,376,15,115,-15,262,-15" hai0="8,9,10,53,56,74,76,81,83,87,89,104,105" hai1="12,13,41,42,43,45,51,58,63,66" /><INIT seed="4,1,1,1,0,33" ten="252,391,100,247" oya="0" hai0="64,94,105,59,42,6,125,0,127,123,41,34,96" hai1="8,18,82,80,55,24,60,51,49,90,100,53,11" hai2="57,44,130,129,102,126,124,91,114,7,27,2,16" hai3="5,58,99,32,101,81,17,37,68,115,135,87,113"/><T19/><D105/><U65/><E100/><V9/><F114/><N who="3" m="43531" /><G68/><T31/><D123/><U92/><E65/><V133/><F102/><W107/><G32/><T132/><D132/><U74/><E60/><V110/><F110/><W4/><G37/><T104/><D104/><U15/><E24/><V21/><F133/><W128/><G135/><T97/><D19/><U86/><E74/><V52/><F44/><W61/><G17/><T98/><D94/><U12/><E49/><V117/><F91/><N who="3" m="51695" /><G128/><N who="2" m="49257" /><F117/><W72/><G72/><T1/><D6/><N who="1" m="3095" /><E55/><AGARI ba="1,1" hai="4,5,55,58,61,99,101,107" m="51695,43531" machi="55" ten="30,1000,0" yaku="15,1" doraHai="33" who="3" fromWho="1" sc="252,0,391,-13,100,0,247,23" /><INIT seed="5,0,0,3,4,103" ten="252,378,100,270" oya="1" hai0="67,4,16,47,6,32,12,109,116,123,106,99,31" hai1="34,36,124,132,33,79,24,10,1,100,115,94,129" hai2="69,46,74,83,89,112,45,122,11,121,38,85,18" hai3="54,118,98,13,105,29,130,76,50,84,28,96,20"/><U43/><E94/><V63/><F74/><W92/><G130/><T104/><D109/><U30/><E100/><V21/><F112/><W120/><G120/><T53/><D116/><U101/><E101/><V5/><F69/><W58/><G118/><T57/><D99/><U61/><E79/><V82/><F63/><W134/><G134/><T113/><D67/><U77/><E77/><V95/><F38/><W91/><G76/><T114/><D47/><U14/><E61/><V2/><F122/><W127/><G127/><T23/><D123/><U66/><E66/><V52/><F121/><W111/><G111/><T62/><D31/><N who="3" m="11849" /><G105/><N who="0" m="40555" /><D32/><U135/><E43/><V51/><REACH who="2" step="1"/><F45/><REACH who="2" ten="252,378,90,270" step="2"/><W70/><G70/><T71/><D71/><U59/><E36/><V65/><F65/><W56/><G56/><T88/><D113/><U19/><E115/><V119/><F119/><W68/><G68/><T49/><D114/><U40/><E132/><V37/><F37/><W15/><G58/><T107/><D62/><U128/><E135/><V125/><F125/><W48/><G48/><T126/><D126/><U93/><E124/><V90/><F90/><W8/><G50/><T73/><D88/><U131/><E59/><V108/><F108/><W60/><G60/><T72/><D73/><U55/><E128/><V35/><F35/><W133/><G133/><T9/><D72/><U78/><E34/><V42/><F42/><W80/><G91/><T7/><D57/><U3/><E131/><V25/><AGARI ba="0,1" hai="2,5,11,18,21,25,46,51,52,82,83,85,89,95" machi="25" ten="20,5200,0" yaku="1,1,0,1,7,1,54,1,53,0" doraHai="103" doraHaiUra="110" who="2" fromWho="2" sc="252,-13,378,-26,90,62,270,-13" /><INIT seed="6,0,0,5,0,121" ten="239,352,152,257" oya="2" hai0="129,5,130,18,120,14,65,124,135,1,36,94,34" hai1="125,70,90,32,76,16,75,11,41,131,93,119,19" hai2="48,97,24,57,50,83,56,47,20,2,33,28,49" hai3="107,106,9,98,6,3,69,126,112,72,99,95,8"/><V10/><F33/><W89/><G72/><T111/><D36/><U39/><E119/><V102/><F47/><W44/><G69/><T134/><D65/><U133/><E70/><V80/><F2/><W31/><G126/><T82/><D82/><U7/><E32/><V40/><F40/><W45/><G31/><T62/><D62/><U61/><E61/><V101/><F10/><W78/><G78/><T52/><D52/><U68/><E68/><V127/><F127/><W26/><G26/><T13/><D94/><U91/><E91/><V105/><REACH who="2" step="1"/><F101/><REACH who="2" ten="239,352,142,257" step="2"/><W43/><G45/><T108/><D34/><U55/><E125/><V12/><F12/><W122/><G8/><N who="0" m="4239" /><D1/><U54/><E41/><V63/><F63/><W35/><G35/><T79/><D124/><U59/><E11/><V30/><F30/><W73/><G44/><T117/><D117/><U60/><E60/><V0/><F0/><W132/><G43/><T96/><D14/><U38/><E38/><V15/><F15/><W74/><G3/><T118/><D118/><U92/><E39/><V67/><F67/><W109/><G9/><T42/><D42/><U128/><E7/><V29/><F29/><W64/><G64/><T71/><D71/><U17/><E17/><V53/><F53/><W51/><G6/><T37/><D18/><U85/><E16/><V104/><F104/><W100/><G107/><T58/><D37/><U87/><E19/><V25/><F25/><W77/><G106/><T115/><D58/><AGARI ba="0,1" hai="20,24,28,48,49,50,56,57,58,80,83,97,102,105" machi="58" ten="40,2000,0" yaku="1,1,53,0" doraHai="121" doraHaiUra="84" who="2" fromWho="0" sc="239,-20,352,0,142,30,257,0" /><INIT seed="6,1,0,2,4,44" ten="219,352,172,257" oya="2" hai0="58,75,6,42,118,96,103,17,121,92,131,41,2" hai1="95,35,52,9,97,63,66,29,84,80,78,117,109" hai2="32,46,26,33,43,72,27,48,7,59,114,99,82" hai3="110,40,88,1,112,51,49,39,5,31,106,123,8"/><V120/><F114/><W10/><G123/><T64/><D121/><U115/><E109/><V21/><F120/><W98/><G110/><T122/><D122/><U135/><E135/><V34/><F7/><W101/><G112/><T28/><D75/><U61/><E115/><V79/><F21/><W105/><G105/><T107/><D2/><U87/><E117/><V37/><F37/><W12/><G31/><T134/><D6/><U89/><E35/><V94/><REACH who="2" step="1"/><F59/><REACH who="2" ten="219,352,162,257" step="2"/><W18/><G39/><T127/><D58/><N who="1" m="37175" /><E9/><V77/><F77/><W38/><G38/><T70/><D118/><U11/><E11/><V65/><F65/><W93/><G40/><T25/><D64/><U69/><E69/><V45/><F45/><W74/><G74/><T67/><D67/><U3/><E3/><V24/><F24/><W56/><G56/><T55/><D25/><U108/><E108/><V15/><F15/><W50/><G1/><T132/><D42/><U81/><E29/><V119/><F119/><W102/><G5/><T0/><D41/><U23/><E23/><V129/><F129/><W14/><G14/><T90/><D70/><U62/><E52/><V68/><F68/><W125/><G8/><T111/><D131/><U128/><E128/><V30/><F30/><W133/><G10/><T116/><D111/><U73/><E73/><V36/><F36/><W130/><G12/><T22/><D116/><U124/><E124/><V20/><F20/><W71/><G125/><T85/><D127/><U104/><E104/><V47/><F47/><W86/><G106/><N who="0" m="63847" /><D0/><U113/><E113/><RYUUKYOKU ba="1,1" sc="219,-15,352,15,162,15,257,-15" hai1="62,63,78,80,81,84,87,89,95,97" hai2="26,27,32,33,34,43,46,48,72,79,82,94,99" /><INIT seed="6,2,1,0,1,40" ten="204,367,177,242" oya="2" hai0="5,51,65,27,97,69,134,59,63,117,19,100,45" hai1="28,129,34,76,104,14,52,6,36,94,109,21,47" hai2="15,86,44,106,110,53,38,70,123,82,68,50,58" hai3="85,116,112,32,127,1,121,61,78,81,84,26,126"/><V42/><F123/><W89/><G121/><T8/><D134/><U25/><E129/><V57/><F106/><W18/><G116/><T119/><D69/><U10/><E104/><V49/><F110/><W37/><G1/><T4/><D27/><U71/><E71/><V132/><F132/><W64/><G37/><T131/><D131/><U12/><E109/><V11/><F38/><W135/><G112/><T91/><D91/><U43/><E76/><V22/><F22/><W16/><G32/><T17/><D4/><U73/><E73/><V93/><F93/><W80/><G26/><T9/><D9/><U46/><E94/><V111/><F58/><N who="3" m="36919" /><G135/><T75/><D75/><U83/><E83/><V41/><F41/><W79/><G89/><T102/><D102/><U128/><E128/><V20/><F20/><W95/><G95/><T55/><D100/><U125/><E125/><AGARI ba="2,1" hai="16,18,78,79,80,81,84,85,125,126,127" m="36919" machi="125" ten="30,2000,0" yaku="18,1,54,1" doraHai="40" who="3" fromWho="1" sc="204,0,367,-26,177,0,242,36" /><INIT seed="7,0,0,1,0,82" ten="204,341,177,278" oya="3" hai0="83,98,129,99,131,106,132,60,27,75,97,86,92" hai1="6,125,118,34,76,94,24,79,45,123,23,15,111" hai2="33,65,101,84,39,43,112,110,105,22,8,7,2" hai3="16,42,30,70,81,59,50,35,19,25,71,103,74"/><W108/><G103/><N who="0" m="62847" /><D60/><U114/><E123/><V107/><F110/><W56/><G108/><T32/><D27/><U69/><E69/><V66/><F112/><W1/><G1/><T5/><D5/><U53/><E125/><V100/><F33/><W126/><G126/><T62/><D62/><U116/><E114/><V95/><F101/><W0/><G0/><T21/><D21/><U13/><E34/><V55/><F55/><W67/><G67/><T9/><D9/><N who="1" m="4279" /><E94/><V72/><F72/><W117/><G117/><N who="1" m="45162" /><E15/><V26/><F43/><W18/><G56/><T10/><D10/><U52/><E53/><V29/><F39/><W122/><G122/><T96/><D32/><U109/><E109/><V37/><F37/><W77/><G59/><T128/><D132/><U93/><E93/><V63/><F65/><W51/><G51/><T73/><D92/><U119/><E119/><V11/><F11/><W47/><AGARI ba="0,0" hai="16,18,19,25,30,35,42,47,50,70,71,74,77,81" machi="47" ten="30,3000,0" yaku="0,1,54,1" doraHai="82" who="3" fromWho="3" sc="204,-10,341,-10,177,-10,278,30" /><INIT seed="7,1,0,2,3,51" ten="194,331,167,308" oya="3" hai0="40,47,58,88,10,135,71,84,53,39,90,80,34" hai1="36,24,6,134,104,128,111,103,14,112,38,21,120" hai2="87,95,98,130,22,49,118,131,23,62,129,54,106" hai3="60,82,109,67,35,0,123,117,83,126,18,2,15"/><W107/><G117/><T102/><D34/><U86/><E86/><V30/><F118/><W20/><G123/><T17/><D135/><U33/><E103/><N who="2" m="60895" /><F106/><W44/><G126/><T11/><D102/><U42/><E24/><V3/><F3/><W41/><G109/><T74/><D74/><U61/><E21/><V73/><F73/><W43/><G43/><T64/><D90/><U85/><E61/><V101/><F101/><W52/><G107/><T124/><D124/><U70/><E85/><V75/><F75/><W113/><G113/><T125/><D125/><U4/><E14/><V81/><F62/><W105/><G105/><T56/><D71/><U94/><E94/><V68/><F68/><W79/><G67/><T57/><D64/><U93/><E6/><V26/><F26/><W66/><G66/><T8/><REACH who="0" step="1"/><D17/><REACH who="0" ten="184,331,167,308" step="2"/><U29/><E70/><V97/><F30/><W122/><G35/><T7/><D7/><U77/><E4/><V116/><F97/><W121/><G18/><T132/><D132/><U12/><E33/><V28/><F28/><W37/><G121/><T9/><N who="0" m="2048" /><DORA hai="119" /><T48/><AGARI ba="1,1" hai="39,40,47,48,53,56,57,58,80,84,88" m="2048" machi="48" ten="40,12000,2" yaku="1,1,4,1,0,1,52,1,54,1,53,1" doraHai="51,119" doraHaiUra="46,65" who="0" fromWho="0" sc="184,133,331,-31,167,-31,308,-61" owari="317,41.7,300,10.0,136,-36.4,247,-15.3" /></mjloggm>