<mjloggm ver="2.3"><GO type="169" lobby="0"/><UN n0="%72%65%62%6F%75%6E%64" n1="%E5%87%A1%E5%BA%B8" n2="%6B%61%74%65%72%69%6E%61" n3="%E3%81%A1%E3%82%83%E3%81%B0%E3%82%8A%E3%83%BC%E3%82%84" dan="16,17,16,16" rate="2130.60,2156.94,2116.24,2090.30" sx="M,M,M,M"/><TAIKYOKU oya="0"/><INIT seed="0,0,0,5,0,87" ten="250,250,250,250" oya="0" hai0="70,52,47,25,129,45,27,51,104,0,117,16,21" hai1="3,9,20,128,46,123,107,125,33,130,98,55,39" hai2="73,36,81,102,29,75,42,38,71,99,56,28,118" hai3="68,30,61,43,131,101,122,32,11,114,14,2,17"/><T90/><D117/><U23/><E33/><V15/><F118/><W66/><G114/><T106/><D0/><U64/><E123/><V119/><F119/><W60/><G122/><T63/><D129/><N who="1" m="49771" /><E125/><V57/><F71/><W1/><G131/><T94/><D27/><U127/><E127/><V67/><F15/><W76/><G43/><T109/><D109/><U40/><E64/><V44/><F38/><W34/><G76/><T53/><D70/><U93/><E107/><V69/><F69/><W83/><G83/><T97/><REACH who="0" step="1"/><D45/><REACH who="0" ten="240,250,250,250" step="2"/><U10/><E3/><V4/><F44/><W84/><G1/><T105/><D105/><U134/><E46/><V50/><F57/><AGARI ba="0,1" hai="16,21,25,47,51,52,53,57,63,90,94,97,104,106" machi="57" ten="40,18000,2" yaku="1,1,25,2,52,1,54,2,53,0" doraHai="87" doraHaiUra="35" who="0" fromWho="2" sc="240,190,250,0,250,-180,250,0" /><INIT seed="0,1,0,2,0,54" ten="430,250,70,250" oya="0" hai0="7,88,81,52,108,87,119,26,27,100,33,34,68" hai1="67,90,37,49,22,74,63,103,11,41,121,20,44" hai2="132,122,4,39,111,79,16,1,51,6,105,124,9" hai3="19,76,123,128,112,48,125,30,82,134,14,10,8"/><T69/><D119/><U80/><E121/><V47/><F122/><W0/><G123/><T114/><D114/><U64/><E103/><V77/><F105/><W38/><G112/><T116/><D116/><U115/><E115/><V85/><F39/><W36/><G125/><T113/><D113/><U25/><E37/><V120/><F120/><W15/><G0/><T127/><D127/><U58/><E11/><V86/><F124/><W29/><G128/><T66/><D7/><U102/><E102/><V93/><F111/><W110/><G110/><T101/><D108/><U50/><E50/><V135/><F6/><W129/><G134/><N who="2" m="51241" /><F16/><W130/><G48/><T89/><D87/><N who="2" m="33290" /><F93/><W133/><G133/><T96/><D96/><U94/><E94/><V126/><F126/><W106/><G106/><T56/><D66/><U24/><E67/><V61/><F61/><W83/><REACH who="3" step="1"/><G19/><REACH who="3" ten="430,250,70,240" step="2"/><T99/><D81/><U55/><E80/><V42/><AGARI ba="1,1" hai="1,4,9,42,47,51,77,79" m="33290,51241" machi="42" ten="30,1100,0" yaku="20,1" doraHai="54" who="2" fromWho="2" sc="430,-6,250,-4,70,24,240,-4" /><INIT seed="1,0,0,3,0,109" ten="424,246,94,236" oya="1" hai0="32,14,39,75,124,86,26,132,29,12,52,113,62" hai1="37,128,10,5,44,131,30,9,121,90,23,110,59" hai2="120,105,25,66,49,13,36,33,48,55,123,97,117" hai3="134,125,103,83,27,130,3,60,119,17,80,70,72"/><U126/><E121/><V61/><F117/><W16/><G3/><T122/><D75/><U96/><E126/><V94/><F36/><W2/><G2/><T92/><D39/><U68/><E68/><V101/><F13/><W63/><G125/><T34/><D34/><U45/><E110/><V111/><F111/><W106/><G119/><T71/><D124/><U89/><E59/><V104/><F104/><W6/><G6/><T24/><D24/><N who="1" m="16671" /><E96/><V67/><F67/><W20/><G134/><T50/><D122/><U102/><E102/><V7/><F7/><W98/><G130/><N who="1" m="49706" /><E10/><V19/><F120/><W77/><G70/><T11/><D11/><U1/><E45/><V135/><F135/><W22/><REACH who="3" step="1"/><G83/><REACH who="3" ten="424,246,94,226" step="2"/><T99/><D71/><U38/><E38/><V58/><F123/><W54/><G54/><T57/><D26/><AGARI ba="0,1" hai="16,17,20,22,26,27,60,63,72,77,80,98,103,106" machi="26" ten="30,7700,0" yaku="1,1,7,1,9,1,54,1,53,0" doraHai="109" doraHaiUra="8" who="3" fromWho="0" sc="424,-77,246,0,94,0,226,87" /><INIT seed="2,0,0,5,4,41" ten="347,246,94,313" oya="2" hai0="46,120,114,127,24,6,90,105,93,108,33,99,111" hai1="96,61,2,16,126,118,52,121,43,53,84,11,97" hai2="21,85,9,68,81,40,134,125,86,80,76,7,71" hai3="8,133,35,101,5,122,37,83,102,48,29,32,107"/><V64/><F134/><W1/><G37/><T124/><D105/><U30/><E118/><V54/><F125/><W87/><G122/><T110/><D120/><U109/><E121/><V0/><F64/><W44/><G133/><T57/><D57/><N who="1" m="34983" /><E2/><V13/><F54/><W98/><G102/><T56/><D56/><U67/><E109/><V91/><REACH who="2" step="1"/><F40/><REACH who="2" ten="347,246,84,313" step="2"/><W94/><G107/><T103/><D124/><U79/><E43/><V45/><F45/><W39/><G39/><T58/><D127/><U55/><E67/><V10/><F10/><W65/><G65/><T131/><D46/><U100/><E126/><V78/><F78/><W115/><G115/><T23/><D114/><U51/><E55/><V113/><F113/><W132/><G132/><T92/><D111/><U18/><E11/><V36/><F36/><W25/><G44/><T38/><D110/><U49/><E53/><V4/><F4/><W34/><G48/><T59/><D6/><U117/><E49/><V47/><F47/><W14/><G1/><T22/><D38/><U89/><E51/><V116/><F116/><W73/><G73/><T70/><D108/><U82/><E117/><V66/><F66/><W74/><G74/><T128/><D70/><U63/><E63/><V77/><F77/><AGARI ba="0,1" hai="5,8,14,25,29,32,34,35,77,83,87,94,98,101" machi="77" ten="30,1000,0" yaku="7,1" doraHai="41" who="3" fromWho="2" sc="347,0,246,0,84,-10,313,20" /><INIT seed="3,0,0,4,1,127" ten="347,246,74,333" oya="3" hai0="9,44,33,51,89,53,134,38,109,97,12,35,64" hai1="114,84,57,41,66,27,5,50,47,94,91,76,3" hai2="130,98,26,32,10,86,95,82,29,121,45,129,56" hai3="37,131,52,73,107,116,62,72,99,96,105,122,34"/><W21/><G34/><T90/><D109/><U28/><E114/><V39/><F121/><W85/><G116/><T55/><D134/><U119/><E119/><V115/><F115/><W19/><G122/><T135/><D135/><U93/><E76/><V113/><F113/><W75/><G37/><T0/><D0/><U36/><E3/><V77/><F56/><W87/><G131/><N who="2" m="50185" /><F10/><W54/><G62/><T78/><D78/><U80/><E5/><V13/><F13/><W124/><G124/><T117/><D64/><U112/><E112/><V18/><F18/><W88/><G87/><T74/><D74/><U108/><E108/><V2/><F2/><W61/><G107/><T101/><D38/><U63/><REACH who="1" step="1"/><E36/><REACH who="1" ten="347,236,74,333" step="2"/><V68/><F68/><W6/><G6/><T60/><D117/><U92/><E92/><V49/><F39/><W125/><G125/><T24/><D35/><AGARI ba="0,1" hai="27,28,35,41,47,50,57,63,66,80,84,91,93,94" machi="35" ten="30,2000,0" yaku="1,1,7,1,53,0" doraHai="127" doraHaiUra="14" who="1" fromWho="0" sc="347,-20,236,30,74,0,333,0" /><INIT seed="4,0,0,1,1,33" ten="327,266,74,333" oya="0" hai0="48,16,58,13,62,6,47,99,130,127,61,132,110" hai1="118,135,122,108,131,63,14,50,73,116,90,51,40" hai2="45,120,69,84,75,25,32,66,37,49,9,76,72" hai3="129,119,117,31,88,54,111,23,10,81,71,28,0"/><T35/><D35/><U70/><E73/><V21/><F120/><W44/><G71/><T128/><D110/><U22/><E122/><V105/><F105/><W85/><G111/><T101/><D6/><U1/><E1/><V59/><F32/><W97/><G129/><N who="0" m="49771" /><D127/><U30/><E108/><V64/><F69/><W96/><G44/><T65/><D61/><U78/><E131/><V86/><F37/><W3/><G54/><T29/><D29/><U102/><E78/><V123/><F123/><W92/><G10/><N who="0" m="6199" /><D132/><U39/><E30/><V77/><F9/><W94/><G23/><T2/><D2/><U87/><E22/><V26/><F21/><W103/><G103/><T19/><D19/><U27/><E102/><V112/><F112/><W17/><G17/><T106/><D48/><U125/><E51/><V5/><F49/><W89/><G85/><T4/><D4/><U68/><E50/><V114/><F5/><W8/><G8/><T43/><D43/><U67/><E40/><V100/><F100/><W93/><G93/><T104/><D47/><U74/><E63/><V60/><F60/><W55/><G55/><T15/><D15/><U12/><E14/><V41/><F41/><W52/><G52/><T7/><D7/><U56/><E12/><V133/><F45/><W91/><G91/><T80/><D80/><AGARI ba="0,0" hai="0,3,28,31,80,81,88,89,92,94,96,97,117,119" machi="80" ten="25,8000,1" yaku="22,2,52,2,54,1" doraHai="33" who="3" fromWho="0" sc="327,-80,266,0,74,0,333,80" /><INIT seed="5,0,0,4,2,81" ten="247,266,74,413" oya="1" hai0="128,77,17,15,110,130,27,12,25,98,63,42,89" hai1="18,11,40,30,53,103,70,28,100,31,52,135,104" hai2="111,82,54,5,112,1,48,129,94,46,51,3,117" hai3="6,24,61,33,13,102,47,121,87,75,80,69,10"/><U71/><E40/><V14/><F117/><W65/><G121/><T90/><D77/><U9/><E18/><V7/><F111/><W123/><G123/><T58/><D110/><U96/><E135/><V60/><F129/><W85/><G102/><N who="1" m="38954" /><E96/><V109/><F109/><W79/><REACH who="3" step="1"/><G47/><REACH who="3" ten="247,266,74,403" step="2"/><T97/><D128/><U122/><E122/><V118/><F46/><W16/><G16/><T133/><D130/><U43/><E104/><V92/><F118/><W105/><G105/><T101/><D17/><U59/><E43/><V127/><F7/><W88/><G88/><N who="0" m="33899" /><D42/><U126/><E126/><V76/><F127/><W91/><G91/><T2/><D133/><U74/><E28/><AGARI ba="0,1" hai="6,10,13,24,28,33,61,65,69,75,79,80,85,87" machi="28" ten="40,5200,0" yaku="1,1,52,2,53,0" doraHai="81" doraHaiUra="37" who="3" fromWho="1" sc="247,0,266,-52,74,0,403,62" /><INIT seed="6,0,0,5,0,63" ten="247,214,74,465" oya="2" hai0="10,98,120,103,75,72,23,30,39,111,14,130,106" hai1="13,34,117,64,134,70,16,37,6,17,7,36,135" hai2="5,32,112,52,9,47,68,62,124,113,21,71,46" hai3="114,54,61,110,129,0,58,35,101,77,133,123,119"/><V94/><F32/><W48/><G101/><T128/><D120/><U90/><E117/><V84/><F124/><W125/><G77/><T76/><D39/><N who="1" m="14923" /><E34/><V89/><F21/><W109/><G0/><T99/><D111/><U11/><E90/><V12/><F47/><N who="3" m="27935" /><G35/><T28/><D98/><U19/><E70/><V126/><F126/><W44/><G119/><T78/><D23/><U15/><E64/><V100/><F100/><W38/><G125/><T49/><D49/><U4/><E11/><V57/><REACH who="2" step="1"/><F46/><REACH who="2" ten="247,214,64,465" step="2"/><W85/><G44/><T79/><D72/><U55/><E55/><V95/><F95/><W96/><G109/><T83/><D75/><U73/><E73/><V40/><F40/><W66/><G110/><T51/><D83/><U108/><E108/><V80/><F80/><W50/><G123/><T115/><D128/><U97/><E97/><V56/><F56/><W31/><G58/><T27/><D130/><U105/><E105/><V2/><F2/><W45/><G129/><T26/><D106/><U18/><N who="1" m="4096" /><DORA hai="102" /><U42/><E42/><V86/><F86/><W104/><G85/><T1/><D99/><U25/><E25/><V127/><F127/><W69/><G96/><T3/><D1/><U41/><E41/><V8/><F8/><W91/><G104/><T43/><D3/><U82/><E82/><V92/><F92/><W67/><G45/><T33/><D103/><U121/><E121/><V65/><F65/><W81/><G66/><T107/><D107/><U53/><E53/><V29/><F29/><W132/><G38/><T131/><D28/><RYUUKYOKU ba="0,1" sc="247,-15,214,15,64,15,465,-15" hai1="4,6,7,13,15,134,135" hai2="5,9,12,52,57,62,68,71,84,89,94,112,113" /><INIT seed="6,1,1,3,1,76" ten="232,229,79,450" oya="2" hai0="83,42,113,22,58,124,0,26,71,125,100,65,2" hai1="70,63,25,60,68,73,40,49,39,81,69,45,64" hai2="95,18,131,135,44,32,38,7,16,1,15,62,8" hai3="101,112,30,80,67,12,9,3,114,119,55,52,27"/><V109/><F32/><W59/><G3/><T66/><D71/><N who="1" m="42375" /><E25/><V20/><F131/><W19/><G119/><T28/><D100/><U24/><E24/><V53/><F135/><W91/><G101/><T105/><D105/><U23/><E23/><V84/><F109/><W120/><G67/><T10/><D113/><N who="3" m="43625" /><G120/><T13/><D42/><N who="1" m="22751" /><E81/><V85/><F95/><W130/><G130/><T29/><D29/><U97/><E97/><V134/><F134/><W47/><G47/><T94/><D94/><U77/><E77/><V117/><F117/><W98/><G59/><T50/><D0/><U54/><E40/><V107/><F107/><W115/><G80/><T133/><D83/><U90/><E90/><V79/><F79/><W129/><G129/><T118/><D133/><U87/><E87/><V41/><REACH who="2" step="1"/><F18/><REACH who="2" ten="232,229,69,450" step="2"/><W116/><G116/><T103/><D118/><U74/><E74/><V57/><AGARI ba="1,2" hai="1,7,8,15,16,20,38,41,44,53,57,62,84,85" machi="57" ten="30,11700,0" yaku="1,1,2,1,0,1,54,1,53,0" doraHai="76" doraHaiUra="86" who="2" fromWho="2" sc="232,-40,229,-40,69,140,450,-40" /><INIT seed="6,2,0,0,0,52" ten="192,189,209,410" oya="2" hai0="36,68,93,20,51,57,60,12,16,103,98,35,53" hai1="4,49,95,90,126,119,123,74,33,86,125,100,39" hai2="130,9,79,7,101,6,14,42,46,0,10,55,113" hai3="50,87,99,29,97,105,75,121,115,1,69,89,44"/><V18/><F113/><W114/><G121/><T2/><D2/><U22/><E119/><V23/><F130/><W61/><G75/><T40/><D35/><U17/><E39/><V120/><F120/><W47/><G1/><T43/><D36/><U13/><E123/><V48/><F79/><W102/><G29/><T34/><D34/><U84/><E74/><V127/><F127/><N who="1" m="48649" /><E33/><V72/><F72/><W124/><G99/><T110/><D110/><U37/><E37/><V117/><F117/><W76/><G76/><T8/><D68/><U133/><E133/><V132/><F132/><W41/><G44/><N who="0" m="27879" /><D8/><N who="1" m="4231" /><E100/><V112/><F112/><W83/><G124/><T19/><D19/><U94/><E49/><V128/><F128/><W54/><G69/><T25/><D12/><N who="1" m="9511" /><E84/><V85/><F85/><W122/><G122/><T82/><D82/><AGARI ba="2,0" hai="82,86,90,94,95" m="9511,4231,48649" machi="82" ten="30,1000,0" yaku="18,1" doraHai="52" who="1" fromWho="0" sc="192,-16,189,16,209,0,410,0" /><INIT seed="7,0,0,5,4,126" ten="176,205,209,410" oya="3" hai0="20,102,91,62,37,63,21,110,93,118,135,119,129" hai1="97,58,132,106,22,56,67,51,74,82,105,54,57" hai2="38,48,0,71,68,50,13,14,15,73,60,12,17" hai3="1,100,109,134,115,28,86,7,11,35,92,23,26"/><W80/><G92/><T16/><D110/><U90/><E132/><V33/><F0/><W131/><G100/><T34/><D34/><U117/><E117/><V42/><F33/><W47/><G47/><T122/><D122/><U6/><E6/><V72/><F38/><W24/><G115/><T114/><D37/><U94/><E22/><V49/><F42/><W31/><G109/><T95/><D135/><U87/><E74/><V130/><F130/><W61/><G131/><T30/><D129/><U4/><E4/><V44/><F44/><W41/><G61/><T65/><D62/><U36/><E36/><V75/><F60/><W8/><G8/><AGARI ba="0,0" hai="8,12,13,14,15,17,48,49,50,68,71,72,73,75" machi="8" ten="50,3200,0" yaku="29,2" doraHai="126" who="2" fromWho="3" sc="176,0,205,0,209,32,410,-32" owari="176,-32.4,205,-19.5,241,4.1,378,47.8" /></mjloggm>