<mjloggm ver="2.3"><GO type="169" lobby="0"/><UN n0="%E3%81%95%E3%81%8F%E3%82%88%E3%81%93%E3%81%A1%E3%82%83%E3%82%93" n1="%E3%82%B5%E3%83%AF%E3%83%B3%E3%82%B3%E3%83%95" n2="%E3%83%8F%E3%83%B3%E3%83%81%E3%83%A7%E3%82%A6%E5%A4%A7%E6%A7%BB" n3="%6D%79%6D%65%6C%6F%58%58" dan="16,16,16,17" rate="2072.06,2201.30,2094.01,2217.22" sx="M,M,M,F"/><TAIKYOKU oya="0"/><INIT seed="0,0,0,2,4,100" ten="250,250,250,250" oya="0" hai0="85,51,114,119,0,113,127,19,29,40,99,57,9" hai1="97,72,86,101,82,77,75,112,132,35,62,36,63" hai2="96,13,66,68,120,6,46,10,105,84,54,122,30" hai3="12,79,111,43,5,133,58,81,87,38,90,3,20"/><T14/><D119/><U89/><E36/><V129/><F129/><W70/><G70/><T118/><D118/><U64/><E132/><V115/><F115/><W55/><G133/><T1/><D127/><U74/><E112/><V21/><F84/><W60/><G111/><T24/><D113/><U25/><E35/><V92/><F92/><W121/><G121/><T42/><D114/><U80/><E25/><V126/><F126/><W17/><G3/><T53/><D85/><U123/><E123/><V106/><F96/><W93/><G5/><T125/><D125/><U28/><E28/><V34/><F34/><W27/><G38/><T22/><D0/><U131/><E62/><V88/><F88/><W11/><G43/><T7/><REACH who="0" step="1"/><D99/><REACH who="0" ten="240,250,250,250" step="2"/><U116/><E116/><V56/><F122/><W26/><REACH who="3" step="1"/><G11/><AGARI ba="0,1" hai="1,7,9,11,14,19,22,24,29,40,42,51,53,57" machi="11" ten="30,11600,0" yaku="1,1,2,1,7,1,53,1" doraHai="100" doraHaiUra="18" who="0" fromWho="3" sc="240,126,250,0,250,0,250,-116" /><INIT seed="0,1,0,2,4,91" ten="366,250,250,134" oya="0" hai0="52,66,10,97,47,111,40,86,44,100,92,113,65" hai1="41,57,62,69,80,67,104,18,34,106,128,132,105" hai2="134,13,39,71,116,88,108,127,107,96,103,79,114" hai3="43,99,2,60,72,122,120,25,83,63,61,49,126"/><T16/><D113/><U42/><E34/><V45/><F114/><W133/><G2/><T11/><D111/><U15/><E128/><V74/><F71/><W115/><G115/><T124/><D124/><U121/><E121/><N who="3" m="46698" /><G126/><T109/><D109/><U46/><E132/><V98/><F127/><W89/><G133/><T33/><D33/><U102/><E80/><V95/><F108/><W8/><G8/><T14/><D10/><U12/><E102/><V118/><F134/><W23/><G43/><T70/><D70/><U77/><E77/><V3/><F3/><W20/><G49/><N who="0" m="28735" /><D86/><U87/><E87/><V6/><F13/><W85/><G72/><T51/><AGARI ba="1,0" hai="11,14,16,40,44,51,65,66,92,97,100" m="28735" machi="51" ten="30,11700,0" yaku="8,1,52,1,54,2" doraHai="91" who="0" fromWho="0" sc="366,120,250,-40,250,-40,134,-40" /><INIT seed="0,2,0,2,3,48" ten="486,210,210,94" oya="0" hai0="125,128,59,84,134,64,92,26,38,74,51,28,39" hai1="54,9,37,119,10,19,86,29,94,82,46,18,60" hai2="67,114,111,108,101,133,55,85,97,129,68,98,5" hai3="79,3,106,8,100,91,72,110,61,65,123,63,131"/><T62/><D74/><U20/><E119/><V115/><F5/><W7/><G110/><N who="2" m="42025" /><F68/><W73/><G131/><T105/><D105/><U102/><E37/><V121/><F67/><W127/><G127/><T75/><D75/><U4/><E29/><V41/><F41/><W90/><G123/><T109/><D109/><U52/><E46/><V118/><F129/><W32/><G32/><T34/><D128/><U99/><E60/><V47/><F121/><W56/><G100/><T80/><D125/><U93/><E93/><V11/><F11/><N who="1" m="4105" /><E4/><V43/><F43/><W12/><G106/><T44/><D92/><U89/><E18/><V35/><F35/><W58/><G3/><T77/><REACH who="0" step="1"/><D134/><REACH who="0" ten="476,210,210,94" step="2"/><U81/><E82/><V1/><F133/><W71/><G73/><T122/><D122/><U132/><E132/><V103/><F118/><W21/><G72/><T31/><D31/><U16/><E19/><V23/><F115/><W120/><G120/><T13/><D13/><AGARI ba="2,1" hai="13,16,20,52,54,81,86,89,94,99,102" m="4105" machi="13" ten="30,8000,1" yaku="8,1,52,2,54,2" doraHai="48" who="1" fromWho="0" sc="476,-86,210,96,210,0,94,0" /><INIT seed="1,0,0,2,4,119" ten="390,306,210,94" oya="1" hai0="36,61,20,21,54,30,56,40,96,127,45,52,86" hai1="74,72,107,87,39,2,91,19,59,38,71,34,118" hai2="32,46,0,88,11,44,67,27,110,33,94,97,115" hai3="104,122,130,22,14,25,10,50,60,62,114,49,12"/><U85/><E71/><V89/><F110/><W101/><G114/><T13/><D127/><U28/><E118/><V24/><F115/><W47/><G130/><T5/><D86/><U26/><E107/><V95/><F67/><W23/><G104/><T31/><D96/><U73/><E2/><V120/><F11/><W84/><G101/><T18/><D5/><U55/><E19/><V82/><F82/><W134/><G134/><T133/><D133/><U117/><E117/><V4/><F4/><W98/><G98/><T124/><D124/><U66/><E66/><V58/><F58/><W121/><G84/><T76/><D76/><U17/><E17/><V77/><F97/><W53/><G47/><T64/><REACH who="0" step="1"/><D31/><REACH who="0" ten="380,306,210,94" step="2"/><U92/><REACH who="1" step="1"/><E85/><REACH who="1" ten="380,296,210,94" step="2"/><V68/><F0/><W51/><G53/><T108/><D108/><U1/><E1/><V132/><F132/><W48/><G122/><T29/><D29/><U103/><E103/><V131/><F120/><W80/><G121/><T90/><D90/><U135/><E135/><V35/><F77/><W125/><G125/><T78/><D78/><U15/><E15/><V81/><F89/><W37/><G14/><T8/><D8/><U75/><N who="1" m="18432" /><DORA hai="112" /><U100/><E100/><V83/><F88/><W43/><G12/><T63/><D63/><AGARI ba="0,2" hai="26,28,34,38,39,55,59,63,87,91,92" m="18432" machi="63" ten="70,3400,0" yaku="1,1,53,0" doraHai="119,112" doraHaiUra="41,116" who="1" fromWho="0" sc="380,-34,296,54,210,0,94,0" /><INIT seed="1,1,0,3,0,21" ten="346,350,210,94" oya="1" hai0="66,107,125,73,23,53,40,9,80,88,39,120,92" hai1="51,5,24,13,90,3,79,103,77,36,25,115,134" hai2="1,63,72,37,99,7,22,18,83,89,35,42,84" hai3="31,0,69,126,41,61,10,108,96,85,106,105,52"/><U127/><E115/><V91/><F35/><W45/><G108/><T20/><D107/><U81/><E36/><V93/><F72/><W97/><G126/><T47/><D125/><U121/><E121/><V95/><F7/><W117/><G31/><T64/><D120/><U62/><E3/><V44/><F1/><W28/><G28/><T131/><D131/><U14/><E127/><V119/><F119/><W33/><G33/><T116/><D116/><U34/><E34/><V101/><F63/><W19/><G85/><T129/><D129/><U43/><E103/><V67/><F67/><W16/><G117/><T27/><D20/><U118/><E62/><V70/><F70/><W111/><G111/><T6/><D53/><U57/><E134/><V135/><F135/><W128/><G128/><T58/><D58/><U55/><E43/><V49/><F37/><W82/><G82/><T11/><D80/><U2/><E2/><V98/><F18/><W8/><G61/><T4/><D4/><U104/><E104/><V113/><F22/><W75/><G75/><T130/><D73/><U68/><E68/><V29/><F29/><W74/><G74/><T17/><D130/><U54/><E54/><V71/><F71/><W60/><G0/><N who="0" m="199" /><D11/><N who="3" m="4137" /><G60/><T30/><D30/><U87/><E5/><V133/><F133/><W100/><G69/><T102/><D102/><U32/><E32/><V65/><F65/><W109/><G109/><T50/><D39/><U124/><E124/><V123/><F113/><W12/><G52/><T132/><D132/><U122/><E118/><V112/><F112/><RYUUKYOKU ba="1,0" sc="346,15,350,-15,210,15,94,-15" hai0="17,23,27,40,47,50,64,66,88,92" hai2="42,44,49,83,84,89,91,93,95,98,99,101,123" /><INIT seed="2,2,0,5,4,12" ten="361,335,225,79" oya="2" hai0="106,54,8,64,72,3,111,70,30,52,22,113,82" hai1="110,10,9,107,73,18,55,76,32,87,16,27,42" hai2="101,122,39,58,81,66,44,102,53,36,40,128,67" hai3="51,20,17,37,41,79,57,126,13,6,14,43,45"/><V11/><F122/><W124/><G79/><T96/><D113/><U116/><E116/><V7/><F128/><W90/><G57/><T77/><D111/><U80/><E110/><V4/><F39/><W88/><G43/><T93/><D106/><U46/><E107/><V78/><F7/><W95/><G37/><T133/><D133/><U121/><E121/><V118/><F118/><W115/><G115/><T114/><D114/><U59/><E73/><V99/><F99/><W134/><G134/><T71/><D3/><U125/><E125/><N who="3" m="48234" /><G95/><T63/><D8/><AGARI ba="2,0" hai="6,8,13,14,17,20,41,45,51,88,90" m="48234" machi="8" ten="30,3900,0" yaku="18,1,52,1,54,1" doraHai="12" who="3" fromWho="0" sc="361,-45,335,0,225,0,79,45" /><INIT seed="3,0,0,3,2,73" ten="316,335,225,124" oya="3" hai0="86,27,84,14,92,45,69,114,31,95,128,40,66" hai1="34,103,61,52,85,33,44,94,82,32,16,100,55" hai2="42,127,20,13,72,112,131,26,3,108,116,18,21" hai3="54,123,59,117,77,110,10,87,102,126,90,89,39"/><W74/><G117/><T19/><D128/><U30/><E30/><V106/><F42/><W24/><G123/><T81/><D66/><U36/><E36/><V64/><F64/><W38/><G126/><T50/><D69/><U121/><E121/><V1/><F106/><W80/><G102/><T135/><D135/><U2/><E2/><V63/><F72/><W23/><G10/><T130/><D114/><U29/><E29/><V11/><F63/><W67/><G67/><T98/><D98/><U37/><E37/><V35/><F116/><W8/><G8/><T129/><D86/><U47/><E94/><V109/><F112/><W124/><G124/><T48/><D48/><U97/><E97/><V6/><F131/><N who="0" m="50186" /><D19/><U9/><E55/><V60/><F60/><W125/><G125/><T22/><D14/><N who="1" m="7247" /><E44/><V133/><F133/><W88/><G74/><T43/><D43/><U113/><E61/><V76/><F127/><W4/><G4/><T5/><D5/><U83/><E113/><V0/><F76/><AGARI ba="0,0" hai="22,27,31,40,45,50,76,81,84,92,95" m="50186" machi="76" ten="30,2000,0" yaku="19,1,52,1" doraHai="73" who="0" fromWho="2" sc="316,20,335,0,225,-20,124,0" /><INIT seed="4,0,0,5,4,74" ten="336,335,205,124" oya="0" hai0="42,108,16,73,120,47,41,101,110,64,126,100,105" hai1="115,129,48,43,80,51,86,107,66,11,97,127,53" hai2="104,57,128,102,56,77,59,13,119,84,123,4,114" hai3="34,109,20,18,134,81,106,30,63,3,72,69,26"/><T79/><D120/><U76/><E129/><V6/><F123/><W24/><G109/><N who="0" m="42091" /><D126/><U132/><E127/><V37/><F37/><W35/><G134/><T113/><D113/><U38/><E132/><V133/><F133/><W83/><G3/><T65/><D42/><U117/><E117/><V36/><F36/><W95/><G106/><T70/><D70/><U19/><E115/><V78/><F114/><W44/><G44/><T14/><D79/><U10/><E66/><N who="0" m="25705" /><D73/><U9/><E38/><V99/><F119/><W28/><G69/><T124/><D105/><U60/><E43/><V131/><F84/><W62/><G95/><T29/><D29/><U27/><E107/><V7/><REACH who="2" step="1"/><F13/><REACH who="2" ten="336,335,195,124" step="2"/><W92/><G72/><T0/><D0/><U91/><E86/><V61/><F61/><W49/><G49/><N who="0" m="26863" /><D124/><U87/><E60/><V31/><F31/><W40/><G63/><T125/><D125/><U111/><E111/><V98/><F98/><W116/><G62/><T1/><D1/><U45/><E48/><V58/><N who="2" m="14336" /><DORA hai="103" /><V118/><F118/><W50/><G116/><T85/><D85/><U71/><E71/><V121/><F121/><W15/><G50/><T55/><D55/><U135/><E135/><V88/><F88/><W33/><G40/><T94/><D101/><U22/><REACH who="1" step="1"/><E97/><REACH who="1" ten="336,325,195,124" step="2"/><V93/><F93/><W21/><REACH who="3" step="1"/><G92/><REACH who="3" ten="336,325,195,114" step="2"/><T90/><D94/><U122/><E122/><V5/><N who="2" m="1024" /><DORA hai="130" /><V67/><F67/><W25/><G25/><T46/><D100/><U8/><N who="1" m="2048" /><DORA hai="96" /><U2/><E2/><V12/><F12/><W82/><AGARI ba="0,3" hai="15,18,20,21,24,26,28,30,33,34,35,81,82,83" machi="82" ten="30,4000,0" yaku="1,1,5,1,0,1,53,0" doraHai="74,103,130,96" doraHaiUra="68,39,54,112" who="3" fromWho="3" sc="336,-20,325,-10,195,-10,114,70" /><INIT seed="5,0,0,5,1,53" ten="316,315,185,184" oya="1" hai0="79,57,130,112,48,90,16,30,34,10,18,15,129" hai1="37,60,33,75,131,31,17,5,45,82,51,65,81" hai2="107,101,119,76,78,92,44,12,87,117,27,68,80" hai3="135,89,49,42,73,40,104,14,86,85,132,25,4"/><U64/><E131/><N who="0" m="50185" /><D112/><U69/><E37/><V108/><F68/><W95/><G73/><T41/><D79/><U97/><E75/><V23/><F108/><W66/><G104/><T91/><D18/><U126/><E126/><V11/><F107/><W111/><G111/><T109/><D109/><U110/><E110/><V38/><F78/><W88/><G66/><T93/><D93/><U2/><E65/><V9/><F9/><W20/><G4/><T6/><D6/><U29/><E17/><V32/><F32/><W22/><G14/><T67/><D41/><U84/><E33/><V123/><F123/><W94/><REACH who="3" step="1"/><G49/><REACH who="3" ten="316,315,185,174" step="2"/><T21/><D34/><U72/><E72/><V19/><F38/><W106/><G106/><T105/><D105/><U0/><E5/><V122/><F122/><W133/><G133/><T56/><D48/><U118/><E51/><V125/><F125/><W124/><G124/><T115/><D67/><U3/><E64/><V128/><F128/><W102/><G102/><T24/><D115/><U35/><E0/><V1/><F1/><W50/><G50/><T62/><D62/><U28/><E2/><V59/><F44/><W7/><G7/><T99/><D99/><U52/><E97/><N who="2" m="59559" /><F119/><W77/><G77/><T100/><D100/><U55/><E45/><V47/><F47/><W70/><G70/><T63/><D63/><U13/><E118/><V58/><F117/><W43/><G43/><T54/><D54/><U39/><E69/><V134/><F134/><W98/><G98/><T121/><D121/><U61/><E3/><V96/><F96/><RYUUKYOKU ba="0,1" sc="316,10,315,-30,185,10,174,10" hai0="10,15,16,21,24,30,56,57,90,91" hai2="11,12,19,23,27,58,59,76,80,87" hai3="20,22,25,40,42,85,86,88,89,94,95,132,135" /><INIT seed="6,1,1,2,4,79" ten="326,285,195,184" oya="2" hai0="17,15,117,9,46,118,115,89,50,112,76,107,24" hai1="97,30,53,45,129,22,128,26,106,33,104,27,11" hai2="31,58,19,114,130,113,77,96,98,110,6,43,83" hai3="16,48,18,7,66,63,92,64,72,13,78,88,100"/><V111/><F31/><W8/><G100/><T5/><D107/><U52/><E11/><V132/><F132/><W1/><G72/><T70/><D70/><U90/><E45/><V36/><F130/><N who="1" m="50281" /><E90/><V49/><F6/><W126/><G78/><T54/><D76/><U34/><E33/><V12/><F36/><W123/><G123/><T62/><D62/><U105/><E97/><V85/><F43/><W121/><G121/><T39/><D39/><U55/><E53/><N who="2" m="32047" /><F96/><W69/><G66/><T124/><D89/><U59/><E59/><V56/><F56/><W102/><G102/><T93/><D93/><U14/><E14/><V95/><F95/><W82/><G82/><T3/><D24/><U84/><E84/><V125/><F98/><W103/><G103/><T35/><D35/><U67/><E67/><V65/><F65/><W81/><G81/><T51/><D51/><U127/><E127/><V86/><F86/><W101/><G101/><T109/><D124/><U74/><E74/><V32/><F32/><W4/><G126/><T10/><D109/><N who="2" m="41482" /><F125/><W23/><G48/><T87/><D87/><U68/><E68/><V134/><F134/><W116/><G1/><T42/><D42/><U38/><E38/><V108/><N who="2" m="41490" /><V135/><DORA hai="71" /><F135/><W29/><G4/><T28/><D5/><U47/><E47/><V37/><F37/><W75/><G75/><T61/><D3/><U131/><N who="1" m="50289" /><U2/><DORA hai="21" /><E2/><V40/><F40/><W25/><G116/><T20/><D117/><U44/><E44/><V73/><F73/><W91/><G91/><RYUUKYOKU ba="1,1" sc="326,-30,285,10,195,10,184,10" hai1="22,26,27,30,34,52,55,104,105,106" hai2="12,19,77,83,85,113,114" hai3="7,8,13,16,18,23,25,29,63,64,69,88,92" /><INIT seed="6,2,1,4,3,66" ten="296,295,205,194" oya="2" hai0="123,30,108,101,71,48,105,107,25,54,5,13,102" hai1="65,99,64,39,88,34,15,74,98,120,131,70,122" hai2="2,45,3,96,26,67,24,111,60,112,36,16,58" hai3="6,35,82,41,128,68,12,19,62,7,113,8,127"/><V77/><F112/><W52/><G113/><T129/><D108/><U51/><E39/><V83/><F111/><W81/><G35/><T69/><D123/><N who="1" m="47147" /><E34/><V46/><F96/><W11/><G127/><T53/><D129/><U4/><E74/><V97/><F97/><W126/><G126/><T119/><D54/><U76/><E76/><V116/><F116/><W44/><G128/><T85/><D85/><U95/><E131/><V50/><F36/><W117/><G117/><T103/><D119/><U93/><E51/><V78/><F3/><W17/><G82/><T47/><D13/><U29/><E29/><V55/><F45/><W121/><G81/><T73/><D5/><U115/><E115/><V106/><F106/><W124/><G121/><T92/><D92/><U21/><E70/><V100/><F100/><W80/><G80/><T125/><D73/><U87/><E87/><N who="2" m="48623" /><F2/><W20/><G124/><T114/><D114/><U27/><E27/><V104/><F104/><N who="0" m="40010" /><D125/><U43/><E43/><V61/><F61/><W110/><G110/><T33/><D69/><U37/><E37/><V91/><F78/><W31/><G31/><T94/><D71/><U57/><E57/><V14/><F91/><W132/><G68/><T135/><D94/><U118/><E118/><V109/><F109/><W86/><G86/><T23/><D33/><U89/><E21/><AGARI ba="2,1" hai="14,16,21,24,26,46,50,55,58,60,67" m="48623" machi="21" ten="30,2900,0" yaku="8,1,54,1" doraHai="66" who="2" fromWho="1" sc="296,0,295,-35,205,45,194,0" /><INIT seed="6,3,0,5,4,45" ten="296,260,250,194" oya="2" hai0="123,11,108,9,60,49,133,66,70,101,87,115,102" hai1="76,72,116,134,88,121,20,94,26,2,40,17,122" hai2="43,124,37,111,74,86,41,135,119,28,100,75,1" hai3="112,8,105,114,12,4,31,32,56,16,132,71,7"/><V95/><F119/><W89/><G71/><T82/><D108/><U65/><E116/><V57/><F1/><W29/><G105/><T106/><D123/><N who="1" m="47115" /><E2/><V61/><F111/><W78/><G78/><T125/><D115/><N who="3" m="44073" /><G132/><T10/><D125/><U84/><E134/><V99/><F124/><W67/><G89/><T33/><D33/><U81/><E40/><V46/><F135/><W53/><G67/><AGARI ba="3,0" hai="17,20,26,65,67,72,76,81,84,88,94" m="47115" machi="67" ten="30,2000,0" yaku="13,1,54,1" doraHai="45" who="1" fromWho="3" sc="296,0,260,29,250,0,194,-29" /><INIT seed="7,0,0,4,3,67" ten="296,289,250,165" oya="3" hai0="96,122,44,112,116,113,52,76,34,131,25,92,29" hai1="2,121,106,36,17,3,125,88,109,46,24,103,97" hai2="86,27,7,11,64,108,132,83,114,84,60,37,78" hai3="59,12,45,107,49,94,65,69,8,99,115,110,40"/><W20/><G115/><N who="0" m="44107" /><D116/><U22/><E121/><V39/><F114/><W128/><G128/><T90/><D122/><U70/><E109/><V133/><F108/><W23/><G110/><T124/><D124/><U18/><E125/><V16/><F86/><W89/><G107/><T35/><D76/><U135/><E70/><V42/><F42/><W126/><G69/><T31/><D131/><U130/><E130/><V4/><F4/><W51/><G126/><T82/><D82/><U81/><E135/><V66/><F66/><W53/><REACH who="3" step="1"/><G65/><REACH who="3" ten="296,289,250,155" step="2"/><T95/><D95/><U74/><E106/><V14/><F133/><W87/><G87/><T104/><D104/><U127/><E127/><V13/><F132/><W61/><G61/><T102/><D92/><U9/><E74/><V54/><F64/><W1/><G1/><T100/><D96/><U134/><E134/><V129/><F129/><W119/><G119/><T50/><D34/><U55/><E2/><V111/><F111/><W5/><AGARI ba="0,1" hai="5,8,12,20,23,40,45,49,51,53,59,89,94,99" machi="5" ten="20,7800,0" yaku="1,1,0,1,7,1,8,1,53,0" doraHai="67" doraHaiUra="98" who="3" fromWho="3" sc="296,-26,289,-26,250,-26,155,88" /><INIT seed="7,1,0,1,1,105" ten="270,263,224,243" oya="3" hai0="115,130,47,29,20,89,91,127,110,58,121,27,76" hai1="15,23,33,94,97,96,87,90,135,13,45,38,55" hai2="88,81,101,109,126,6,99,19,54,46,37,113,93" hai3="39,111,64,124,114,118,102,100,49,83,67,16,12"/><W24/><G118/><T70/><D110/><U65/><E33/><V8/><F113/><W119/><G119/><T51/><D70/><U80/><E135/><V78/><F126/><W74/><G39/><T7/><D127/><U50/><E38/><V106/><F109/><W44/><G124/><T26/><D115/><U107/><E65/><N who="3" m="25162" /><G74/><T112/><D112/><U131/><E131/><V21/><F37/><W4/><G111/><T75/><D130/><U77/><E107/><V122/><F122/><W72/><G72/><T63/><D7/><U98/><REACH who="1" step="1"/><E23/><REACH who="1" ten="270,253,224,243" step="2"/><V132/><F132/><W128/><G114/><T11/><D11/><U104/><E104/><V52/><F46/><W30/><G128/><T79/><D27/><U73/><AGARI ba="1,1" hai="13,15,45,50,55,73,77,80,87,90,94,96,97,98" machi="73" ten="30,8000,1" yaku="1,1,0,1,52,1,53,2" doraHai="105" doraHaiUra="10" who="1" fromWho="1" sc="270,-21,253,93,224,-21,243,-41" owari="249,4.9,346,44.6,203,-19.7,202,-29.8" /></mjloggm>