<mjloggm ver="2.3"><GO type="169" lobby="0"/><UN n0="%4B%4F%52%41%49%40%40%40" n1="%58%E7%8C%AB" n2="%41%72%69%61" n3="%E5%8F%B3%E8%84%B3%E8%A9%B0%E3%82%81" dan="16,16,16,17" rate="2142.93,2062.39,2154.29,2220.51" sx="M,M,F,M"/><TAIKYOKU oya="0"/><INIT seed="0,0,0,1,2,13" ten="250,250,250,250" oya="0" hai0="127,16,4,87,62,64,128,6,70,11,67,103,101" hai1="36,53,49,81,119,74,58,38,86,89,129,44,46" hai2="130,72,102,48,37,40,98,99,106,65,60,109,80" hai3="47,33,19,124,15,45,57,30,82,125,88,2,55"/><T133/><D133/><U52/><E119/><V9/><F130/><W111/><G2/><T71/><D128/><U121/><E121/><V42/><F109/><W23/><G111/><T112/><D112/><U35/><E129/><V113/><F113/><W77/><G30/><T8/><D87/><U12/><E35/><V126/><F126/><N who="3" m="48747" /><G33/><T117/><D127/><U94/><E74/><V29/><F29/><W134/><G134/><T90/><D90/><U34/><E34/><V79/><F37/><W114/><G114/><T110/><D110/><U105/><E105/><V24/><F24/><W107/><G107/><T135/><D135/><U59/><E12/><V22/><F22/><W20/><G20/><T131/><D131/><U17/><E17/><V75/><F75/><N who="3" m="43327" /><G88/><T123/><D123/><U5/><E5/><V108/><F108/><W31/><G31/><T21/><D117/><U66/><E66/><V54/><F99/><W118/><G118/><T83/><D83/><U91/><E36/><V69/><REACH who="2" step="1"/><F9/><REACH who="2" ten="250,250,240,250" step="2"/><W56/><G56/><AGARI ba="0,1" hai="40,42,48,54,56,60,65,69,72,79,80,98,102,106" machi="56" ten="30,3900,0" yaku="1,1,2,1,7,1,53,0" doraHai="13" doraHaiUra="68" who="2" fromWho="3" sc="250,0,250,0,240,49,250,-39" /><INIT seed="1,0,0,5,0,78" ten="250,250,289,211" oya="1" hai0="68,85,107,80,97,131,15,108,19,122,118,111,17" hai1="64,115,67,52,29,104,21,42,123,11,81,100,106" hai2="129,90,102,128,35,66,116,45,117,5,98,10,39" hai3="41,13,109,57,87,127,89,132,69,135,8,28,26"/><U121/><E115/><V27/><F66/><W61/><G69/><T30/><D118/><U119/><E42/><V130/><F90/><W93/><G41/><T134/><D68/><U112/><E119/><N who="2" m="45643" /><F45/><W103/><G109/><T34/><D131/><U113/><E112/><V31/><F39/><W101/><G127/><T43/><D134/><U58/><E113/><V1/><F98/><W94/><G94/><T77/><D122/><U71/><E71/><V32/><F102/><W99/><G132/><T79/><D30/><U0/><E67/><V44/><F44/><W82/><G103/><T59/><D34/><AGARI ba="0,0" hai="1,5,10,27,31,32,34,35,128,129,130" m="45643" machi="34" ten="40,8000,1" yaku="19,1,23,1,34,2" doraHai="78" who="2" fromWho="0" sc="250,-80,250,0,289,80,211,0" /><INIT seed="2,0,0,4,4,130" ten="170,250,369,211" oya="2" hai0="51,50,22,45,7,74,97,19,67,16,99,100,36" hai1="112,34,98,126,123,43,96,1,104,105,5,40,49" hai2="115,103,48,124,14,81,84,75,28,4,46,95,59" hai3="86,55,12,33,38,82,116,30,31,72,117,56,58"/><V108/><F115/><W78/><G38/><T114/><D74/><U21/><E34/><V113/><F113/><W93/><G56/><T47/><D114/><U3/><E112/><V107/><F124/><W73/><G73/><T111/><D111/><U37/><E126/><V127/><F127/><W85/><G85/><T87/><D36/><U17/><E37/><V92/><F75/><W121/><G121/><T61/><D7/><U24/><E123/><V23/><F107/><W70/><G70/><T15/><D87/><U0/><E5/><V120/><F108/><W35/><G35/><T18/><D97/><U132/><E49/><V13/><F59/><W60/><G33/><T128/><D128/><U27/><E132/><V109/><F109/><W29/><G12/><T77/><D77/><U131/><E131/><V32/><F32/><W9/><G9/><T80/><D80/><U41/><REACH who="1" step="1"/><E27/><REACH who="1" ten="170,240,369,211" step="2"/><N who="2" m="16511" /><F4/><W129/><G129/><T83/><D50/><U89/><E89/><V54/><F120/><W2/><G2/><T20/><D51/><U64/><E64/><V125/><F125/><W10/><G116/><T8/><D67/><U133/><E133/><V26/><F26/><W44/><G117/><T62/><D47/><U68/><E68/><V39/><F39/><W88/><G44/><T110/><D45/><U102/><E102/><V135/><F135/><W63/><G60/><T101/><D62/><U94/><E94/><N who="2" m="35883" /><F103/><W122/><G122/><T91/><D100/><U134/><E134/><V66/><F66/><W71/><G71/><T76/><D101/><U65/><E65/><RYUUKYOKU ba="0,1" sc="170,-30,240,10,369,10,211,10" hai1="0,1,3,17,21,24,40,41,43,96,98,104,105" hai2="13,14,46,48,54,81,84" hai3="10,29,30,31,55,58,63,72,78,82,86,88,93" /><INIT seed="2,1,1,5,3,71" ten="140,250,379,221" oya="2" hai0="100,3,56,43,105,92,29,118,23,15,133,39,106" hai1="34,22,66,19,68,9,10,119,32,54,84,114,20" hai2="74,53,104,27,67,63,73,37,102,57,117,96,132" hai3="134,16,11,4,70,88,36,7,101,21,116,79,129"/><V98/><F117/><W62/><G116/><T0/><D118/><U90/><E119/><RYUUKYOKU type="kaze4" ba="1,1" sc="140,0,250,0,379,0,221,0" /><INIT seed="2,2,1,4,4,83" ten="140,250,379,221" oya="2" hai0="72,117,131,59,119,27,32,86,2,79,19,52,114" hai1="38,39,133,116,74,57,49,65,115,13,47,78,106" hai2="99,69,25,96,75,125,7,121,110,101,134,6,85" hai3="20,76,91,123,120,95,109,122,22,80,28,68,46"/><V5/><F75/><W1/><G68/><T10/><D114/><U24/><E116/><N who="0" m="44617" /><D72/><U67/><E115/><V124/><F69/><W16/><G1/><T8/><D2/><U4/><E106/><V132/><F121/><W71/><G71/><T44/><D44/><U130/><E24/><V53/><F110/><W90/><G109/><T36/><D36/><U113/><E113/><V58/><F25/><W29/><G46/><T108/><D108/><U61/><E67/><V77/><F77/><W51/><G51/><N who="0" m="31135" /><D131/><U54/><E130/><V94/><F96/><W89/><G95/><T118/><N who="0" m="44625" /><T18/><DORA hai="34" /><D32/><U31/><E133/><N who="2" m="51307" /><F85/><W97/><G97/><T70/><D70/><U42/><E74/><V129/><F129/><W81/><G120/><T60/><D60/><AGARI ba="2,1" hai="5,6,7,53,58,60,94,99,101,124,125" m="51307" machi="60" ten="30,1500,0" yaku="20,1" doraHai="83,34" who="2" fromWho="0" sc="140,-21,250,0,379,31,221,0" /><INIT seed="2,3,0,5,1,99" ten="119,250,410,221" oya="2" hai0="104,91,66,26,81,13,60,75,122,30,56,79,94" hai1="47,43,9,83,40,112,10,131,118,101,16,124,121" hai2="127,24,35,113,18,132,58,21,3,64,110,71,133" hai3="74,80,88,28,86,45,39,29,70,103,0,23,89"/><V53/><F113/><W42/><G70/><T135/><D135/><U115/><E118/><V7/><F71/><W128/><G128/><T51/><D122/><U97/><E121/><V65/><F127/><W93/><G0/><T54/><D104/><U63/><E131/><V105/><F105/><W96/><G74/><T102/><D13/><U14/><E124/><V19/><F110/><W116/><G116/><T25/><D30/><U31/><E31/><V69/><F69/><W27/><REACH who="3" step="1"/><G29/><REACH who="3" ten="119,250,410,211" step="2"/><T61/><D61/><U6/><E63/><V73/><F73/><W4/><G4/><T20/><D75/><U106/><E83/><V82/><F7/><W34/><G34/><T92/><D81/><U134/><E134/><V37/><F3/><W38/><G38/><T62/><D62/><U108/><E108/><V46/><F35/><W72/><G72/><T78/><D60/><U32/><E32/><V129/><F129/><W68/><G68/><T85/><D66/><U84/><E115/><V114/><F82/><W117/><G117/><T48/><D48/><U52/><E112/><V109/><F114/><W41/><G41/><T77/><REACH who="0" step="1"/><D20/><REACH who="0" ten="109,250,410,211" step="2"/><U17/><E9/><V100/><F65/><W130/><G130/><T22/><D22/><U76/><E40/><V67/><F64/><W11/><G11/><T123/><D123/><U49/><E52/><V125/><F67/><W8/><G8/><T120/><D120/><U2/><E2/><V36/><F133/><W44/><G44/><T55/><D55/><U5/><E5/><V12/><F132/><W50/><G50/><RYUUKYOKU ba="3,2" sc="109,10,250,10,410,-30,211,10" hai0="25,26,51,54,56,77,78,79,85,91,92,94,102" hai1="6,10,14,16,17,43,47,49,76,84,97,101,106" hai3="23,27,28,39,42,45,80,86,88,89,93,96,103" /><INIT seed="3,4,2,5,3,70" ten="119,260,380,221" oya="3" hai0="31,60,101,34,54,103,82,100,83,16,53,90,21" hai1="1,77,66,7,111,109,58,26,37,62,20,32,135" hai2="79,94,22,44,134,88,102,96,43,52,86,120,27" hai3="131,85,68,110,97,129,64,124,112,108,19,63,36"/><W30/><G112/><T4/><D4/><U29/><E135/><V126/><F134/><W75/><G75/><T24/><D90/><U132/><E132/><V2/><F2/><W84/><G124/><T113/><D113/><U67/><E67/><V17/><F126/><W56/><G30/><T91/><D91/><U78/><E37/><V51/><F120/><W69/><G19/><T71/><D71/><N who="3" m="27209" /><G97/><T106/><D106/><U15/><E1/><V81/><F43/><W76/><G76/><AGARI ba="4,2" hai="17,22,27,44,51,52,76,79,81,86,88,94,96,102" machi="76" ten="40,5200,0" yaku="8,1,54,2" doraHai="70" who="2" fromWho="3" sc="119,0,260,0,380,84,221,-64" /><INIT seed="4,0,0,1,0,131" ten="119,260,464,157" oya="0" hai0="46,51,58,55,96,45,99,4,18,9,130,6,60" hai1="123,37,2,115,114,30,124,86,44,20,10,125,97" hai2="0,1,11,19,91,22,74,69,42,49,47,108,117" hai3="104,3,103,122,120,71,28,25,128,89,118,75,14"/><T7/><D130/><U8/><E123/><V112/><F69/><W105/><G3/><T107/><D107/><U15/><E97/><V98/><F108/><W93/><G71/><T17/><D45/><U82/><E2/><V36/><F74/><W94/><G118/><T64/><REACH who="0" step="1"/><D17/><REACH who="0" ten="109,260,464,157" step="2"/><N who="1" m="10303" /><E44/><V21/><F19/><W109/><G104/><T38/><D38/><U39/><E37/><V73/><F36/><W95/><G128/><T40/><D40/><U57/><E39/><V116/><F42/><W106/><G106/><T90/><D90/><N who="1" m="51543" /><E30/><V76/><F91/><W92/><G105/><T111/><D111/><U24/><E124/><V34/><F47/><W16/><G109/><T121/><D121/><U13/><E125/><V100/><F117/><W67/><G103/><T102/><D102/><U81/><E115/><V79/><F112/><W78/><G120/><T70/><D70/><U77/><E114/><V12/><F100/><W41/><G41/><T61/><D61/><U132/><E57/><V85/><F116/><W101/><G101/><T52/><D52/><U88/><E77/><V134/><F79/><W129/><G122/><T50/><D50/><U63/><E63/><V72/><F49/><W126/><G126/><T23/><D23/><U83/><E10/><V29/><F22/><N who="3" m="15415" /><G129/><T59/><D59/><U26/><E88/><V43/><F21/><N who="3" m="11415" /><G93/><T27/><D27/><U56/><E56/><V113/><F43/><W48/><G48/><T87/><D87/><U62/><E62/><V32/><F113/><W110/><G110/><T84/><D84/><U133/><E26/><RYUUKYOKU ba="0,1" sc="109,30,260,-10,464,-10,157,-10" hai0="4,6,7,9,18,46,51,55,58,60,64,96,99" /><INIT seed="4,1,1,0,5,103" ten="139,250,454,147" oya="0" hai0="97,74,21,133,27,87,33,118,132,128,24,122,28" hai1="62,120,19,101,119,114,31,107,59,84,38,123,22" hai2="49,37,63,82,81,44,30,12,17,39,51,89,125" hai3="1,60,100,35,7,53,77,5,71,102,134,8,93"/><T104/><D74/><U98/><E119/><V92/><F125/><W73/><G134/><N who="0" m="51819" /><D122/><U61/><E38/><V130/><F130/><W72/><G35/><T65/><D118/><U45/><E45/><V55/><F30/><W25/><G25/><T54/><D65/><U99/><E31/><V129/><F129/><W105/><G105/><T108/><D128/><U4/><E4/><V50/><F37/><W2/><G77/><T69/><D69/><U18/><E98/><N who="2" m="57615" /><F39/><W78/><G78/><T94/><D108/><U112/><E84/><V70/><F70/><W64/><G53/><T91/><D54/><N who="1" m="34039" /><E62/><V26/><F26/><W117/><G117/><T57/><D57/><U109/><E109/><V110/><F110/><W86/><G72/><T11/><D11/><U76/><E76/><V85/><F63/><W83/><G73/><T96/><D104/><U16/><E22/><N who="2" m="11559" /><F82/><W66/><G83/><T42/><D42/><U9/><E9/><V131/><F131/><W121/><G121/><T23/><D33/><U115/><AGARI ba="1,1" hai="16,18,19,99,101,107,112,114,115,120,123" m="34039" machi="115" ten="40,8000,1" yaku="15,1,11,1,52,1,54,1" doraHai="103" who="1" fromWho="1" sc="139,-41,250,93,454,-21,147,-21" /><INIT seed="5,0,0,2,1,20" ten="98,343,433,126" oya="1" hai0="98,15,80,51,119,93,0,60,70,3,89,33,27" hai1="22,82,25,12,23,115,99,53,76,91,4,41,10" hai2="62,42,71,90,17,102,14,77,75,129,39,127,133" hai3="24,122,2,81,131,68,11,110,118,63,107,135,43"/><U106/><E115/><V13/><F102/><W35/><RYUUKYOKU type="yao9" ba="0,0" sc="98,0,343,0,433,0,126,0" hai3="2,11,24,35,43,63,68,81,107,110,118,122,131,135" /><INIT seed="5,1,0,1,2,109" ten="98,343,433,126" oya="1" hai0="83,39,19,63,116,35,52,58,13,68,67,15,28" hai1="121,75,38,124,42,100,106,43,76,105,10,24,7" hai2="45,20,59,37,34,23,77,44,41,21,8,9,36" hai3="99,108,74,133,111,98,81,84,73,103,6,134,47"/><U80/><E121/><V79/><F34/><W131/><G6/><T69/><D116/><U82/><E43/><V40/><F59/><W91/><G47/><T125/><D125/><U129/><E124/><V33/><F33/><W89/><G131/><T88/><D39/><U51/><E51/><V66/><F66/><W120/><G120/><T119/><D119/><U127/><E127/><V117/><F117/><W87/><REACH who="3" step="1"/><G81/><REACH who="3" ten="98,343,433,116" step="2"/><T22/><D68/><U49/><E129/><V54/><F45/><W5/><G5/><T31/><D35/><U55/><E82/><V95/><F44/><W101/><AGARI ba="1,1" hai="73,74,84,87,89,91,98,99,101,103,108,111,133,134" machi="101" ten="25,16000,3" yaku="1,1,0,1,22,2,34,3,53,2" doraHai="109" doraHaiUra="123" who="3" fromWho="3" sc="98,-41,343,-81,433,-41,116,173" /><INIT seed="6,0,0,1,3,111" ten="57,262,392,289" oya="2" hai0="41,126,31,35,93,113,73,70,81,106,61,7,99" hai1="120,40,83,92,103,128,10,135,116,94,58,115,5" hai2="34,91,127,11,60,51,4,39,26,20,82,59,47" hai3="8,129,32,38,68,18,43,16,30,117,6,134,102"/><V110/><F110/><W133/><G117/><T19/><D126/><U76/><E116/><V62/><F34/><W49/><G68/><T56/><D7/><U131/><E103/><V15/><F39/><W36/><G102/><T104/><D41/><U37/><E58/><V45/><F127/><W63/><G63/><T66/><D19/><U28/><E28/><V105/><F105/><W98/><G98/><T119/><D119/><U96/><E96/><V109/><F109/><W3/><G49/><T132/><D132/><N who="3" m="50793" /><G129/><N who="1" m="49738" /><E135/><V54/><F62/><W21/><G43/><T72/><D70/><U33/><E33/><V74/><F74/><W80/><G80/><T44/><D44/><N who="1" m="23567" /><E120/><V130/><F130/><W46/><G46/><T71/><D71/><U9/><E9/><V24/><F47/><W2/><G2/><T50/><D50/><U23/><E23/><V88/><F82/><W100/><G100/><T1/><D1/><N who="1" m="303" /><E94/><V124/><F124/><W125/><G125/><T78/><D72/><N who="1" m="43399" /><E92/><V25/><F20/><W64/><G64/><AGARI ba="0,0" hai="4,11,15,24,25,26,45,51,54,59,60,64,88,91" machi="64" ten="40,3900,0" yaku="8,1,54,1" doraHai="111" who="2" fromWho="3" sc="57,0,262,0,392,39,289,-39" /><INIT seed="6,1,0,2,5,101" ten="57,262,431,250" oya="2" hai0="18,2,72,93,58,26,33,4,80,135,38,111,83" hai1="117,120,42,46,63,14,50,30,16,41,94,119,11" hai2="103,0,1,21,100,31,36,23,35,43,130,112,40" hai3="113,61,62,73,85,65,121,32,60,57,13,129,82"/><V74/><F31/><W75/><G121/><T81/><D38/><U89/><E120/><V76/><F35/><W37/><G32/><T106/><D106/><U59/><E30/><V133/><F76/><W24/><G37/><T104/><D104/><U64/><REACH who="1" step="1"/><E41/><REACH who="1" ten="57,252,431,250" step="2"/><V10/><F43/><W92/><G129/><T47/><D111/><U68/><E68/><V108/><F40/><W86/><G113/><T102/><D135/><U105/><E105/><V115/><F133/><W67/><G24/><T5/><D26/><U107/><E107/><V54/><F108/><W56/><G13/><T45/><D2/><U88/><E88/><V127/><F130/><W51/><G75/><T116/><D72/><U97/><AGARI ba="1,1" hai="11,14,16,42,46,50,59,63,64,89,94,97,117,119" machi="97" ten="20,8000,1" yaku="1,1,0,1,7,1,54,1,53,1" doraHai="101" doraHaiUra="8" who="1" fromWho="1" sc="57,-21,252,93,431,-41,250,-21" /><INIT seed="7,0,0,1,2,72" ten="36,345,390,229" oya="3" hai0="31,83,6,113,0,25,57,81,23,95,74,104,16" hai1="69,44,108,18,84,78,110,134,135,19,30,116,27" hai2="132,28,100,94,122,111,55,65,67,3,131,93,34" hai3="5,61,124,117,35,128,90,107,127,21,53,119,50"/><W20/><G107/><T29/><D104/><U17/><E69/><V76/><F111/><N who="1" m="42537" /><E44/><V73/><F3/><W33/><G61/><T64/><D113/><U118/><E84/><V121/><F28/><W22/><G90/><T87/><D0/><U89/><E89/><V45/><F34/><N who="3" m="12811" /><G53/><T59/><D6/><U39/><E39/><V91/><F100/><W40/><G40/><T106/><D106/><U70/><E70/><V41/><F55/><W9/><G50/><T125/><D125/><N who="3" m="48201" /><G128/><T4/><D4/><U52/><E52/><V102/><F131/><W36/><G36/><T56/><D64/><U60/><E60/><V62/><F102/><W10/><G5/><T42/><D42/><U37/><E37/><V38/><F94/><W97/><G97/><T96/><D74/><U32/><E78/><V66/><F76/><W92/><G92/><T43/><D43/><U120/><E120/><N who="2" m="46187" /><F73/><W71/><G71/><T105/><D105/><U98/><E98/><N who="2" m="57663" /><F62/><W103/><G103/><T51/><D51/><U114/><E114/><V82/><F82/><W88/><G88/><N who="0" m="55399" /><D83/><U2/><E2/><V86/><F86/><W14/><G14/><T99/><D99/><U77/><E77/><V1/><F1/><W54/><G54/><T15/><D15/><U11/><E11/><AGARI ba="0,0" hai="9,10,11,20,21,22,117,119" m="48201,12811" machi="11" ten="40,12000,1" yaku="28,2,18,1,34,2" doraHai="72" who="3" fromWho="1" sc="36,0,345,-120,390,0,229,120" /><INIT seed="7,1,0,5,2,67" ten="36,225,390,349" oya="3" hai0="83,73,120,129,107,95,19,57,74,84,65,81,75" hai1="53,9,116,40,17,10,114,109,37,103,101,69,108" hai2="133,27,31,4,28,123,61,47,0,126,122,115,89" hai3="117,18,11,38,23,102,39,36,26,72,41,98,6"/><W35/><G117/><T25/><D19/><U56/><E17/><V78/><F115/><W124/><G124/><T71/><D25/><U112/><E56/><V32/><F126/><W113/><G113/><T51/><D57/><U50/><E40/><V105/><F133/><W91/><G72/><T135/><D51/><U121/><E50/><V99/><F31/><W21/><G91/><T110/><D65/><U58/><E58/><V7/><F78/><W132/><G132/><T128/><D71/><U68/><E37/><V130/><F130/><W33/><G23/><T59/><D59/><U45/><E45/><V34/><F34/><W118/><G41/><T12/><D12/><U80/><E116/><V24/><F24/><W54/><G54/><T13/><D13/><U55/><REACH who="1" step="1"/><E80/><REACH who="1" ten="36,215,390,349" step="2"/><V5/><F47/><W76/><G118/><T63/><D135/><U134/><E134/><V127/><F127/><W82/><G36/><T77/><D63/><U64/><E64/><V16/><F61/><W48/><G48/><T70/><D70/><U52/><E52/><V3/><F16/><W87/><G38/><T79/><D120/><U106/><E106/><V44/><F105/><N who="3" m="63703" /><G39/><T43/><D107/><U97/><E97/><V111/><F44/><W85/><G85/><N who="0" m="48303" /><D43/><U90/><E90/><V119/><F119/><W66/><G66/><T14/><D110/><U20/><E20/><V15/><F111/><W93/><G93/><T49/><D49/><U86/><E86/><V30/><F123/><W29/><G18/><T46/><D95/><U42/><E42/><V62/><F122/><RYUUKYOKU ba="1,1" sc="36,-15,215,15,390,-15,349,15" hai1="9,10,53,55,68,69,101,103,108,109,112,114,121" hai3="6,11,21,26,29,33,35,76,82,87" /><INIT seed="7,2,1,0,2,77" ten="21,230,375,364" oya="3" hai0="128,112,130,62,126,60,95,23,65,32,26,78,134" hai1="50,61,124,39,1,119,94,97,98,15,34,24,102" hai2="66,5,7,93,69,135,85,37,31,109,10,86,79" hai3="105,76,82,46,113,117,70,131,118,51,55,80,6"/><W88/><G70/><T107/><D95/><U35/><E39/><V101/><F37/><W3/><G105/><T99/><D23/><U13/><E1/><V20/><F135/><W73/><G131/><T110/><D62/><U72/><E119/><V48/><F109/><W67/><G67/><T21/><D21/><U81/><E124/><V47/><F69/><W132/><G132/><T127/><D78/><U27/><E61/><V49/><F49/><W100/><G100/><T25/><D25/><U53/><E72/><V29/><F66/><W74/><G113/><T120/><D60/><U14/><E50/><V42/><F20/><W111/><G111/><T40/><D65/><U108/><E108/><V71/><F71/><W59/><G74/><T18/><D40/><U56/><E56/><V96/><F5/><W68/><G68/><T84/><D127/><U58/><E58/><V91/><F79/><W103/><G103/><T16/><D126/><U116/><E116/><V45/><F45/><W8/><G59/><T33/><D128/><U52/><E15/><N who="2" m="5599" /><F86/><W0/><REACH who="3" step="1"/><G3/><REACH who="3" ten="21,230,375,354" step="2"/><T22/><D130/><U63/><E102/><V4/><F4/><W125/><G125/><T121/><D134/><U28/><E63/><V89/><F101/><W122/><G122/><T30/><D120/><U17/><E28/><V114/><F114/><W106/><G106/><T123/><D121/><U43/><E17/><V90/><F85/><AGARI ba="2,2" hai="0,6,8,46,51,55,73,76,80,82,85,88,117,118" machi="85" ten="40,12000,1" yaku="1,1,52,2,54,1,53,0" doraHai="77" doraHaiUra="64" who="3" fromWho="2" sc="21,0,230,0,375,-126,354,146" owari="21,-47.9,230,-17.0,249,4.9,500,60.0" /></mjloggm>