<mjloggm ver="2.3"><GO type="225" lobby="0"/><UN n0="%E6%9C%88%E5%B3%B6%E5%9F%BA" n1="%E8%81%B7%E6%A5%AD%E3%80%81%E9%A2%A8%32" n2="%E9%A6%AC%E5%BC%95%E7%81%AB%33" n3="%E3%81%8B%E3%82%8F%E3%81%A1%E3%82%83%E3%82%93%35%38" dan="17,16,16,16" rate="2214.28,2179.64,2142.02,2144.13" sx="M,M,M,M"/><TAIKYOKU oya="0"/><INIT seed="0,0,0,0,5,12" ten="250,250,250,250" oya="0" hai0="128,75,19,135,82,30,129,40,103,105,56,55,131" hai1="69,88,53,123,96,45,33,27,25,54,47,7,106" hai2="10,21,115,122,134,126,83,78,26,111,38,98,49" hai3="14,73,95,18,62,113,109,74,114,22,85,71,91"/><T57/><D135/><U6/><E123/><V9/><F122/><W59/><G71/><T8/><D30/><U116/><E69/><V48/><F115/><W63/><G109/><T130/><N who="0" m="32768" /><DORA hai="124" /><T92/><D40/><U41/><E116/><V64/><F64/><W34/><G34/><T29/><D29/><U90/><E106/><V44/><F98/><W43/><G62/><N who="0" m="36127" /><D105/><U4/><E96/><V24/><F38/><W89/><G43/><T60/><D103/><U36/><E33/><V31/><F31/><W112/><REACH who="3" step="1"/><G89/><REACH who="3" ten="250,250,250,240" step="2"/><T3/><D92/><U46/><E41/><V5/><F134/><W58/><G58/><T117/><D117/><U0/><E36/><V108/><F108/><W2/><G2/><T84/><D75/><U99/><E0/><V120/><F111/><W28/><G28/><T101/><D101/><U23/><E90/><V32/><F32/><W86/><G86/><T132/><D132/><U1/><E88/><V15/><F120/><W70/><G70/><T66/><D3/><U87/><E1/><V13/><F44/><W107/><G107/><T77/><D8/><U72/><E72/><V102/><F9/><W51/><G51/><T11/><D11/><U104/><E104/><V110/><F49/><W133/><G133/><T76/><D19/><U67/><E47/><V93/><F102/><W100/><G100/><T94/><D94/><U118/><E46/><V42/><F93/><W68/><G68/><T65/><D65/><AGARI ba="0,1" hai="14,18,22,59,63,65,73,74,85,91,95,112,113,114" machi="65" ten="40,5200,0" yaku="1,1,52,1,53,1" doraHai="12,124" doraHaiUra="80,50" who="3" fromWho="0" sc="250,-52,250,0,250,0,240,62" /><INIT seed="1,0,0,2,4,63" ten="198,250,250,302" oya="1" hai0="6,83,89,47,43,5,44,108,18,100,134,64,60" hai1="115,77,131,17,25,79,71,95,69,30,11,87,109" hai2="39,106,72,116,19,126,41,20,40,74,37,96,112" hai3="127,16,29,133,121,13,2,22,21,86,80,123,78"/><U70/><E115/><V76/><F116/><W103/><G2/><T33/><D33/><U84/><E131/><V101/><F112/><W132/><G103/><T111/><D134/><N who="3" m="51817" /><G127/><T107/><D107/><U8/><E109/><N who="0" m="42057" /><D100/><U4/><E17/><V35/><F35/><W49/><G49/><N who="0" m="26783" /><D47/><U104/><E104/><V119/><F119/><W36/><G36/><T129/><D129/><U48/><E48/><V52/><F126/><W26/><AGARI ba="0,0" hai="13,16,21,22,26,29,78,80,86,121,123" m="51817" machi="26" ten="30,2000,0" yaku="20,1,54,1" doraHai="63" who="3" fromWho="3" sc="198,-5,250,-10,250,-5,302,20" /><INIT seed="2,0,0,3,2,41" ten="193,240,245,322" oya="2" hai0="50,3,118,109,87,52,25,89,35,77,93,129,46" hai1="16,23,105,22,20,8,92,0,108,9,61,78,49" hai2="125,90,64,101,97,2,100,74,47,11,95,6,32" hai3="26,133,21,14,28,69,128,113,94,126,24,131,85"/><V68/><F125/><W38/><G69/><T99/><D3/><U13/><E108/><V98/><F32/><W1/><G1/><T67/><D109/><U96/><E105/><V30/><F30/><W79/><G38/><T107/><D129/><N who="3" m="49737" /><G126/><T5/><D118/><U116/><E116/><V31/><F31/><W4/><G133/><T121/><D121/><U127/><E127/><V54/><F74/><W60/><G113/><T65/><D35/><U115/><E115/><V29/><F29/><W130/><G130/><T63/><D5/><U88/><E61/><V84/><F64/><N who="0" m="24650" /><D107/><U71/><E71/><V117/><F117/><W81/><G24/><T17/><D63/><U42/><E78/><V134/><F134/><W36/><G60/><T12/><D25/><U76/><E76/><V48/><REACH who="2" step="1"/><F68/><REACH who="2" ten="193,240,235,322" step="2"/><W59/><G28/><T104/><D104/><U34/><E34/><V123/><F123/><W112/><G112/><T45/><D77/><U122/><E122/><V19/><F19/><W120/><G120/><T55/><D87/><U102/><E0/><V33/><F33/><W53/><G85/><T132/><D132/><U15/><E102/><AGARI ba="0,1" hai="2,6,11,47,48,54,84,90,95,97,98,100,101,102" machi="102" ten="40,7700,0" yaku="1,1,52,1,53,1" doraHai="41" doraHaiUra="91" who="2" fromWho="1" sc="193,0,240,-77,235,87,322,0" /><INIT seed="2,1,0,3,1,71" ten="193,163,322,322" oya="2" hai0="73,29,113,0,80,75,28,72,27,45,56,60,115" hai1="88,44,18,92,101,106,37,59,74,6,55,130,100" hai2="53,10,51,30,99,20,109,24,22,134,117,123,96" hai3="21,67,16,83,114,133,126,131,65,124,103,94,1"/><V32/><F117/><W78/><G1/><T129/><D0/><U50/><E130/><V52/><F123/><W79/><G131/><T3/><D3/><U112/><E112/><V85/><F134/><W121/><G121/><T70/><D129/><U48/><E74/><V9/><F109/><W66/><G133/><T107/><D107/><U84/><E37/><V122/><F122/><W7/><G7/><T25/><D70/><U87/><E106/><V39/><F39/><W13/><G114/><T132/><D132/><U108/><E108/><V116/><F116/><W62/><G62/><T111/><D111/><U42/><E6/><V63/><F85/><W43/><G43/><T127/><D127/><N who="3" m="48681" /><G83/><T19/><D80/><U5/><E5/><V95/><F63/><W97/><AGARI ba="1,0" hai="13,16,21,65,66,67,78,79,94,97,103" m="48681" machi="97" ten="40,2700,0" yaku="18,1,54,1" doraHai="71" who="3" fromWho="3" sc="193,-8,163,-8,322,-14,322,30" /><INIT seed="3,0,0,2,0,49" ten="185,155,308,352" oya="3" hai0="12,108,87,13,25,117,18,79,6,129,65,64,71" hai1="24,69,27,94,109,47,5,84,26,85,63,73,35" hai2="40,76,113,77,58,66,124,92,17,103,62,89,21" hai3="60,0,39,130,100,59,74,28,115,34,29,2,52"/><W10/><G74/><T91/><D117/><U102/><E73/><V83/><F124/><W53/><G39/><T36/><D36/><U95/><E109/><V81/><F113/><W134/><G100/><T116/><D116/><U75/><E75/><V133/><F133/><W57/><G34/><T107/><D107/><U19/><E35/><V50/><F103/><W70/><G70/><T78/><D71/><U14/><E5/><V68/><F40/><W126/><G115/><T7/><D129/><U101/><E69/><V104/><F104/><W41/><G41/><T11/><D25/><U112/><E112/><V61/><F50/><W131/><G126/><T38/><D38/><U96/><E63/><V98/><F77/><N who="0" m="29194" /><D108/><U33/><E33/><V72/><F76/><W1/><G10/><N who="0" m="6423" /><D7/><U9/><REACH who="1" step="1"/><E47/><REACH who="1" ten="185,145,308,352" step="2"/><V106/><F72/><W125/><G125/><T132/><D132/><U20/><E20/><V16/><F106/><W45/><G45/><T127/><D127/><U114/><E114/><V37/><F37/><W80/><G134/><T31/><D31/><U30/><E30/><V119/><F119/><W23/><G23/><T82/><AGARI ba="0,1" hai="6,11,13,64,65,82,87,91" m="6423,29194" machi="82" ten="30,1100,0" yaku="8,1" doraHai="49" who="0" fromWho="0" sc="185,21,145,-3,308,-3,352,-5" owari="206,-19.4,142,-35.8,305,10.5,347,44.7" /></mjloggm>