<mjloggm ver="2.3"><GO type="169" lobby="0"/><UN n0="%E3%81%99%E3%83%BC%5F%E9%88%B4%E6%9C%A8%E6%B5%A9%E5%B9%B3" n1="%E2%97%8E%E3%82%88%E3%81%97%E2%97%8E" n2="%E9%B3%B4%E8%8C%B6" n3="%63%6C%75%74%63%68%37%33" dan="16,17,16,17" rate="2096.43,2179.91,2167.96,2282.24" sx="M,M,M,M"/><TAIKYOKU oya="0"/><INIT seed="0,0,0,0,3,110" ten="250,250,250,250" oya="0" hai0="11,55,84,99,96,5,64,116,105,75,118,90,62" hai1="4,61,19,76,97,119,100,67,103,111,25,38,126" hai2="41,72,48,0,24,16,101,113,79,78,1,29,88" hai3="44,114,7,128,127,133,12,30,121,49,33,36,27"/><T23/><D75/><U87/><E119/><V73/><F101/><W117/><G117/><T125/><D125/><U106/><E38/><V83/><F41/><W34/><G121/><T8/><D55/><U22/><E111/><V46/><F113/><W59/><G114/><T66/><D23/><U52/><E103/><V82/><F88/><W70/><G70/><T57/><D66/><U134/><E4/><V112/><F112/><W42/><G128/><T50/><D50/><U2/><E2/><V13/><F46/><W51/><G133/><T56/><D56/><U6/><E6/><V91/><F91/><W89/><G34/><T31/><D31/><U92/><E126/><V26/><F48/><W123/><G123/><T14/><D11/><U58/><E134/><V77/><F77/><W43/><G43/><T28/><D28/><U20/><E20/><V129/><F129/><W69/><G69/><T95/><REACH who="0" step="1"/><D96/><REACH who="0" ten="240,250,250,250" step="2"/><U102/><E67/><V104/><F104/><W85/><G127/><T81/><D81/><N who="1" m="47527" /><E106/><V93/><F93/><W39/><G59/><T120/><D120/><U54/><E54/><V60/><F60/><W21/><G39/><T108/><D108/><U47/><E47/><V131/><F131/><W98/><G98/><T32/><D32/><U107/><E107/><V122/><F122/><W65/><G65/><T68/><D68/><U132/><E132/><V94/><F94/><N who="3" m="54575" /><G33/><T37/><D37/><U40/><E40/><V80/><F80/><W35/><G35/><T18/><D18/><U115/><E115/><V53/><F29/><W86/><G36/><RYUUKYOKU ba="0,1" sc="240,15,250,15,250,-15,250,-15" hai0="5,8,14,57,62,64,84,90,95,99,105,116,118" hai1="19,22,25,52,58,61,92,97,100,102" /><INIT seed="0,1,1,3,5,10" ten="255,265,235,235" oya="0" hai0="32,79,69,59,25,97,22,132,64,2,103,77,27" hai1="113,85,94,99,39,18,71,84,129,43,109,36,45" hai2="115,95,76,63,108,57,29,66,73,80,81,134,31" hai3="13,17,121,60,49,89,123,16,135,105,133,6,56"/><T40/><D2/><U38/><E71/><V87/><F115/><W100/><G49/><T23/><D132/><N who="3" m="50761" /><G89/><T50/><D69/><U1/><E1/><V68/><F134/><W128/><G128/><T126/><D32/><U44/><E129/><V83/><F108/><W118/><G100/><T120/><D120/><N who="3" m="46153" /><G105/><T8/><D126/><U92/><E109/><V110/><F110/><W104/><G104/><T15/><D50/><U54/><E94/><V12/><F68/><W58/><G58/><T26/><D40/><U90/><E113/><V14/><F95/><W114/><G118/><T47/><D47/><U9/><E45/><V82/><F73/><W24/><G24/><T116/><D116/><U33/><E38/><V67/><F66/><N who="3" m="39175" /><G114/><T20/><D59/><U124/><E36/><V74/><F74/><W51/><G51/><T72/><D64/><U52/><E54/><V28/><AGARI ba="1,1" hai="12,14,28,29,31,57,63,67,76,80,81,82,83,87" machi="28" ten="30,7900,0" yaku="0,1,8,1,52,2" doraHai="10" who="2" fromWho="2" sc="255,-40,265,-21,235,92,235,-21" /><INIT seed="1,0,0,2,3,5" ten="215,244,327,214" oya="1" hai0="36,2,70,103,28,69,42,12,20,112,62,127,66" hai1="91,65,75,99,18,6,48,50,95,64,30,57,123" hai2="87,53,125,111,93,29,129,90,16,118,11,7,32" hai3="108,23,135,19,106,126,82,40,35,26,128,134,80"/><U68/><E123/><V97/><F118/><W60/><G108/><T4/><D112/><U86/><E75/><V21/><F111/><W13/><G128/><T47/><D127/><U116/><E116/><V81/><F129/><W56/><G106/><T41/><D2/><U72/><E72/><V131/><F131/><W107/><G107/><T84/><D41/><U88/><E68/><V94/><F125/><W45/><G126/><T121/><D121/><U8/><E30/><V114/><F114/><W33/><G82/><T77/><D103/><U43/><E18/><V14/><F53/><W122/><G80/><T120/><D120/><U105/><E105/><V52/><F52/><N who="3" m="33799" /><G26/><T63/><D77/><U74/><E74/><V49/><F49/><N who="1" m="19049" /><E43/><V1/><F97/><W133/><G122/><T78/><D78/><U46/><E46/><V39/><F39/><AGARI ba="0,0" hai="13,19,23,33,35,39,40,45,133,134,135" m="33799" machi="39" ten="30,2000,0" yaku="20,1,54,1" doraHai="5" who="3" fromWho="2" sc="215,0,244,0,327,-20,214,20" /><INIT seed="2,0,0,3,0,61" ten="215,244,307,234" oya="2" hai0="92,96,120,93,34,0,79,101,56,21,117,114,25" hai1="108,15,49,112,107,4,103,40,83,86,98,59,1" hai2="124,57,110,106,130,89,35,12,122,51,65,64,46" hai3="43,129,123,6,94,127,134,14,62,29,41,3,63"/><V119/><F122/><W87/><G123/><T24/><D114/><U58/><E112/><V55/><F119/><W11/><G127/><T10/><D120/><U121/><E121/><V109/><F124/><W22/><G129/><T16/><D117/><U68/><E68/><V53/><F130/><W84/><G134/><T13/><D79/><U17/><E1/><V42/><F35/><W67/><G63/><T135/><D135/><U95/><E107/><V52/><F106/><W30/><G30/><T70/><D70/><U69/><E69/><V90/><F12/><W18/><G29/><N who="0" m="19751" /><D56/><U37/><E37/><V2/><F2/><W31/><G31/><T80/><D80/><U99/><E99/><V102/><F102/><W74/><G74/><T32/><D32/><U97/><E97/><V113/><F113/><W5/><G5/><N who="0" m="1319" /><D25/><U104/><E4/><V45/><F45/><W33/><G33/><T118/><D118/><U88/><E104/><AGARI ba="0,0" hai="13,16,21,92,93,96,101,104" m="1319,19751" machi="104" ten="30,2000,0" yaku="24,1,54,1" doraHai="61" who="0" fromWho="1" sc="215,20,244,-20,307,0,234,0" /><INIT seed="3,0,0,3,5,106" ten="235,224,307,234" oya="3" hai0="85,75,60,112,3,131,123,48,10,116,98,66,79" hai1="74,40,36,83,45,135,72,87,47,127,29,70,42" hai2="0,93,55,125,111,15,64,128,20,5,84,30,9" hai3="34,129,63,121,96,130,133,120,92,90,68,57,52"/><W71/><G34/><T119/><D123/><N who="3" m="47177" /><G133/><T99/><D131/><AGARI ba="0,0" hai="52,57,63,68,71,90,92,96,129,130,131" m="47177" machi="131" ten="30,2900,0" yaku="19,1,54,1" doraHai="106" who="3" fromWho="0" sc="235,-29,224,0,307,0,234,29" /><INIT seed="3,1,0,0,5,55" ten="206,224,307,263" oya="3" hai0="79,65,69,132,53,26,36,80,84,11,83,3,10" hai1="42,23,1,102,130,93,101,110,29,41,119,16,120" hai2="54,52,38,126,39,25,103,100,57,131,62,51,88" hai3="19,133,74,12,82,2,50,24,34,5,43,70,106"/><W111/><G106/><T94/><D132/><U91/><E120/><V108/><F108/><W112/><G112/><T122/><D122/><U22/><E1/><V118/><F118/><W109/><G133/><T8/><D36/><U72/><E72/><V40/><F39/><W90/><G70/><T81/><D3/><U33/><E33/><V92/><F126/><W116/><G116/><T31/><D94/><U63/><E110/><N who="3" m="41994" /><G2/><T7/><D7/><U125/><E130/><V117/><F131/><W61/><G61/><T30/><D69/><U128/><E125/><V58/><F117/><W134/><G5/><T95/><D65/><U114/><E114/><V48/><F38/><W86/><G74/><T104/><D104/><U75/><E75/><V4/><F4/><W85/><G85/><T124/><D124/><U87/><E63/><V78/><F78/><W68/><G68/><T71/><D71/><U77/><E77/><V127/><F127/><W47/><G134/><T28/><D26/><N who="1" m="16599" /><E128/><V89/><F25/><W60/><G60/><T15/><D15/><N who="1" m="9631" /><E119/><V121/><F121/><W115/><G115/><T105/><D105/><U0/><E0/><V6/><F6/><W73/><G73/><T135/><D135/><U67/><E67/><V64/><F40/><AGARI ba="1,0" hai="40,41,42,87,91,93,101,102" m="9631,16599" machi="40" ten="30,2000,0" yaku="8,1,54,1" doraHai="55" who="1" fromWho="2" sc="206,0,224,23,307,-23,263,0" /><INIT seed="4,0,0,0,3,99" ten="206,247,284,263" oya="0" hai0="1,92,4,132,65,128,123,117,45,50,43,57,134" hai1="5,118,6,12,66,69,80,109,40,83,111,7,74" hai2="77,39,133,78,11,72,30,37,22,31,90,2,68" hai3="64,94,14,85,135,32,130,122,93,29,16,0,125"/><T23/><D117/><U15/><E118/><V36/><F68/><W49/><G0/><T110/><D123/><U46/><E66/><V71/><F71/><W88/><G122/><T73/><D73/><U33/><E33/><V3/><F90/><W18/><G130/><T13/><D128/><U126/><E69/><V95/><F95/><W27/><G135/><N who="0" m="51755" /><D110/><U79/><E83/><V76/><F133/><W113/><G113/><T98/><D1/><U19/><E12/><V103/><F72/><W129/><G129/><T105/><D105/><U75/><E75/><V81/><F81/><W124/><G64/><T84/><D84/><U26/><E26/><V53/><F53/><W62/><G62/><N who="0" m="38095" /><D23/><U116/><E116/><V114/><F2/><W28/><G28/><T102/><D13/><U112/><E112/><V87/><F22/><W119/><G119/><T24/><D24/><U34/><E34/><V89/><F3/><W42/><G94/><T120/><D120/><U127/><E111/><V56/><F87/><W67/><G67/><T107/><D107/><U17/><E109/><V8/><F31/><W106/><G106/><T44/><D44/><U104/><E15/><V61/><F30/><W60/><G60/><T20/><D20/><U52/><E104/><V131/><F61/><W21/><G18/><N who="1" m="6666" /><E52/><V63/><F63/><W101/><G101/><T86/><D86/><U82/><E82/><V97/><F103/><W10/><G32/><T38/><D4/><U91/><E91/><V100/><F131/><W48/><G42/><T9/><D9/><U55/><E40/><RYUUKYOKU ba="0,0" sc="206,10,247,10,284,-30,263,10" hai0="38,43,45,50,92,98,102" hai1="5,6,7,46,55,74,79,80,126,127" hai3="10,14,16,21,27,29,48,49,85,88,93,124,125" /><INIT seed="4,1,0,4,0,64" ten="216,257,254,273" oya="0" hai0="20,67,49,46,135,36,112,54,106,68,47,52,113" hai1="79,14,66,44,63,34,41,132,1,92,95,105,109" hai2="84,130,77,62,45,6,114,89,16,81,102,118,27" hai3="23,91,82,126,80,134,30,101,131,73,26,70,103"/><T60/><D106/><U69/><E105/><V116/><F114/><N who="0" m="44138" /><D20/><U90/><E1/><V25/><F130/><W3/><G3/><T93/><D93/><U17/><E34/><V59/><F102/><W38/><G38/><T12/><D12/><U8/><E109/><V65/><F6/><W110/><G110/><T76/><D76/><U48/><E132/><V18/><F45/><W15/><G134/><T99/><D99/><U83/><REACH who="1" step="1"/><E90/><REACH who="1" ten="216,247,254,273" step="2"/><V124/><F89/><W61/><G91/><T127/><D135/><U53/><E53/><N who="0" m="20585" /><D127/><U125/><E125/><V22/><F124/><W129/><G126/><T29/><D29/><U88/><E88/><V19/><REACH who="2" step="1"/><F27/><REACH who="2" ten="216,247,244,273" step="2"/><W117/><G26/><T56/><D36/><U72/><AGARI ba="1,2" hai="8,14,17,41,44,48,63,66,69,72,79,83,92,95" machi="72" ten="20,5200,0" yaku="1,1,0,1,7,1,52,1,53,0" doraHai="64" doraHaiUra="115" who="1" fromWho="1" sc="216,-27,247,75,244,-14,273,-14" /><INIT seed="5,0,0,0,1,7" ten="189,322,230,259" oya="1" hai0="38,111,2,50,85,41,104,40,55,63,71,8,125" hai1="65,43,101,11,6,98,79,5,27,26,62,76,1" hai2="39,64,106,134,118,135,18,13,42,69,97,16,120" hai3="70,29,130,124,58,48,67,47,96,123,122,68,105"/><U132/><E132/><N who="2" m="50731" /><F120/><N who="3" m="46123" /><G96/><T56/><D111/><U133/><E133/><V54/><F118/><W60/><G105/><T57/><D104/><U77/><E43/><V114/><F114/><W117/><G29/><T31/><D71/><N who="3" m="27177" /><G117/><T3/><D125/><U83/><E83/><V90/><F54/><N who="3" m="29983" /><G130/><T30/><D38/><U110/><E110/><V53/><F53/><W49/><G49/><T107/><D107/><U17/><E98/><V52/><F52/><W14/><G14/><T129/><D129/><U22/><E101/><N who="2" m="62767" /><F90/><W51/><G51/><T121/><D121/><U88/><E88/><V37/><F42/><N who="0" m="16490" /><D2/><U9/><E27/><V80/><F80/><W102/><G102/><T109/><D109/><U119/><E119/><V113/><F113/><W87/><G87/><T0/><D0/><U34/><E1/><V108/><F108/><W127/><AGARI ba="0,0" hai="58,60,67,124,127" m="29983,27177,46123" machi="127" ten="40,2700,0" yaku="34,2" doraHai="7" who="3" fromWho="3" sc="189,-7,322,-13,230,-7,259,27" /><INIT seed="6,0,0,3,0,91" ten="182,309,223,286" oya="2" hai0="36,92,77,135,86,0,27,108,4,3,104,49,53" hai1="61,34,60,64,70,31,7,110,20,2,10,95,57" hai2="126,97,123,127,102,125,46,78,115,41,120,99,32" hai3="58,103,37,83,69,56,79,54,129,51,67,42,124"/><V80/><F32/><W75/><G129/><T5/><D108/><U12/><E110/><V6/><F6/><W24/><G124/><T74/><D36/><U48/><E48/><V81/><F115/><W116/><G116/><T28/><D104/><U96/><E34/><V40/><F46/><W15/><G58/><T38/><D38/><U65/><E31/><V55/><F55/><W33/><G15/><T85/><D74/><U134/><E20/><V44/><F44/><W107/><G103/><T105/><D105/><U66/><E134/><V111/><F111/><W47/><G107/><T101/><D135/><U52/><E2/><V63/><F63/><N who="3" m="40191" /><G33/><T122/><D122/><N who="2" m="46634" /><F102/><AGARI ba="0,0" hai="7,10,12,52,57,60,61,64,65,66,70,95,96,102" machi="102" ten="30,3900,0" yaku="7,1,52,1,54,1" doraHai="91" who="1" fromWho="2" sc="182,0,309,39,223,-39,286,0" /><INIT seed="7,0,0,2,4,97" ten="182,348,184,286" oya="3" hai0="84,92,96,24,125,14,122,13,2,117,17,119,46" hai1="109,20,59,134,56,108,62,110,107,26,19,114,127" hai2="49,1,16,57,81,105,5,106,118,124,135,95,11" hai3="120,8,82,67,65,68,18,100,101,78,29,113,130"/><W60/><G120/><T43/><D122/><U115/><E127/><V63/><F118/><W36/><G113/><N who="1" m="43018" /><E134/><V4/><F124/><W31/><G130/><T103/><D125/><U10/><E107/><V35/><F35/><W85/><G36/><T126/><D126/><U91/><E91/><V112/><F106/><W15/><REACH who="3" step="1"/><G67/><REACH who="3" ten="182,348,184,276" step="2"/><T3/><D117/><U70/><E10/><V39/><F11/><W116/><G116/><T7/><D119/><U48/><E48/><V69/><F49/><W44/><G44/><T93/><D24/><U86/><E86/><V74/><F39/><W32/><G32/><T55/><D55/><U47/><E47/><V77/><F112/><W34/><G34/><T6/><D2/><U79/><E79/><V80/><F77/><W40/><G40/><T50/><D3/><U42/><E42/><V104/><F1/><W87/><G87/><T128/><D128/><U76/><E76/><V71/><F135/><W21/><G21/><N who="0" m="11439" /><D14/><U129/><E129/><V52/><F52/><W121/><G121/><T131/><D131/><U33/><E33/><V61/><F74/><W90/><G90/><AGARI ba="0,1" hai="6,7,43,46,50,84,90,92,93,96,103" m="11439" machi="90" ten="30,2000,0" yaku="8,1,52,1" doraHai="97" who="0" fromWho="3" sc="182,30,348,0,184,0,276,-20" owari="212,-18.8,348,44.8,184,-31.6,256,5.6" /></mjloggm>