<mjloggm ver="2.3"><GO type="169" lobby="0"/><UN n0="%E6%B7%B3%E5%AD%90%E3%81%A7%E3%81%99" n1="%45%7A%61%6B%69" n2="%4D%73%75%7A%75%74%6F" n3="%E8%B5%A4%E6%AF%9B%E3%81%AE%E3%82%AD%E3%83%A7%E3%83%B3" dan="17,16,16,18" rate="2168.22,2111.78,2186.46,2312.22" sx="M,M,M,M"/><TAIKYOKU oya="0"/><INIT seed="0,0,0,2,5,26" ten="250,250,250,250" oya="0" hai0="90,9,125,114,76,112,104,5,46,129,36,60,39" hai1="62,57,11,22,105,66,12,135,89,6,8,94,121" hai2="103,81,47,134,34,108,67,25,113,74,18,1,87" hai3="95,49,29,73,116,61,33,72,17,24,41,65,37"/><T48/><D104/><U30/><E121/><V97/><F113/><W27/><G116/><T75/><D129/><U80/><E105/><V14/><F1/><W78/><G37/><T99/><D125/><U100/><E135/><V98/><F134/><W93/><G41/><T43/><D36/><U119/><E119/><V109/><F74/><W102/><G49/><T54/><D60/><U28/><E22/><V131/><F67/><W68/><G78/><T130/><D130/><U71/><E71/><V107/><F98/><W118/><G118/><T123/><D123/><U91/><E100/><V40/><F131/><W31/><G17/><T7/><D7/><U63/><E63/><V88/><F25/><W19/><G19/><T69/><D69/><U117/><E117/><V20/><REACH who="2" step="1"/><F34/><REACH who="2" ten="250,250,240,250" step="2"/><W132/><G132/><T83/><D99/><N who="1" m="57807" /><E11/><V21/><F21/><W35/><G102/><T42/><D112/><U38/><E38/><AGARI ba="0,1" hai="14,18,20,38,40,47,81,87,88,97,103,107,108,109" machi="38" ten="40,5200,0" yaku="1,1,54,1,53,1" doraHai="26" doraHaiUra="16" who="2" fromWho="1" sc="250,0,250,-52,240,62,250,0" /><INIT seed="1,0,0,1,4,23" ten="250,198,302,250" oya="1" hai0="27,107,45,54,20,31,74,41,32,99,8,62,128" hai1="96,30,93,37,108,18,2,86,51,129,102,95,57" hai2="56,13,114,17,134,61,58,89,5,77,130,104,83" hai3="109,131,63,90,19,113,76,25,3,11,125,69,66"/><U67/><E37/><V53/><F130/><W106/><G113/><T35/><D74/><U121/><E121/><V22/><F134/><W26/><G106/><T55/><D128/><U46/><E129/><V60/><F104/><W6/><G131/><T50/><D8/><U101/><E108/><V103/><F103/><W85/><G109/><T52/><REACH who="0" step="1"/><D62/><REACH who="0" ten="240,198,302,250" step="2"/><U111/><E111/><V71/><F114/><W43/><G11/><T64/><D64/><U88/><E2/><V87/><F71/><W15/><G3/><T81/><D81/><U92/><E30/><V42/><F5/><W112/><G6/><T1/><D1/><U72/><E72/><V59/><F42/><W47/><G112/><T119/><D119/><U12/><E67/><V120/><F120/><W133/><G133/><T100/><AGARI ba="0,1" hai="20,27,31,32,35,41,45,50,52,54,55,99,100,107" machi="100" ten="30,7900,0" yaku="1,1,0,1,52,1,54,1,53,0" doraHai="23" doraHaiUra="105" who="0" fromWho="0" sc="240,89,198,-39,302,-20,250,-20" /><INIT seed="2,0,0,2,4,107" ten="329,159,282,230" oya="2" hai0="15,113,121,125,12,95,76,34,65,28,41,68,88" hai1="103,29,128,55,22,8,91,73,38,42,36,97,96" hai2="111,127,129,17,53,27,61,106,90,57,112,54,130" hai3="104,80,133,85,66,64,83,5,101,123,93,25,40"/><V109/><F112/><W52/><G123/><T72/><D113/><U60/><E128/><N who="2" m="49259" /><F106/><W102/><G104/><T79/><D121/><U33/><E33/><V18/><F127/><W48/><G133/><T135/><D41/><U16/><E38/><V100/><F100/><W0/><G40/><T126/><D135/><U114/><E114/><V134/><F134/><W35/><G0/><T117/><D117/><U9/><E73/><V82/><F27/><W70/><G5/><T131/><D76/><U39/><E29/><V118/><F118/><W14/><G70/><T99/><D28/><U24/><E39/><V122/><F122/><W119/><G119/><T63/><D34/><U62/><E42/><V3/><F3/><W44/><G35/><T2/><D2/><U58/><E62/><V11/><F11/><W69/><G69/><T1/><D1/><U20/><E20/><V23/><F23/><W45/><G25/><T59/><D68/><U31/><E31/><V78/><F90/><W21/><G21/><T19/><D19/><N who="2" m="7178" /><F53/><W75/><G14/><T116/><D116/><U46/><E46/><BYE who="1" /><V6/><F6/><W86/><G52/><T115/><D115/><U108/><E108/><V94/><F94/><W43/><G43/><T51/><D131/><U89/><E89/><V92/><F92/><W77/><G93/><T32/><D32/><U98/><E98/><V105/><F105/><W67/><G101/><UN n1="%45%7A%61%6B%69" /><T26/><D26/><U4/><E36/><V84/><AGARI ba="0,0" hai="54,57,61,78,82,84,109,111" m="7178,49259" machi="84" ten="40,2100,0" yaku="19,1" doraHai="107" who="2" fromWho="2" sc="329,-7,159,-7,282,21,230,-7" /><INIT seed="2,1,0,1,0,106" ten="322,152,303,223" oya="2" hai0="115,81,56,27,15,84,101,1,83,110,87,124,113" hai1="6,102,72,91,5,10,52,13,104,48,57,103,32" hai2="59,80,35,11,33,69,127,49,60,37,70,109,85" hai3="29,122,89,68,105,2,26,58,3,73,9,130,90"/><V34/><F37/><W23/><G122/><T8/><D1/><U74/><E32/><V53/><F127/><W100/><G68/><T132/><D110/><U39/><E39/><V22/><F109/><W42/><G130/><T65/><D132/><U25/><E5/><V98/><F98/><W135/><G135/><T62/><D124/><U121/><E121/><V30/><F11/><W129/><G129/><T45/><D101/><U108/><E108/><V123/><F123/><W61/><G105/><T66/><D27/><U36/><E36/><V117/><F117/><W12/><G100/><T24/><D24/><U28/><E91/><V119/><F119/><W0/><G42/><T41/><D65/><U50/><E102/><V16/><F30/><W77/><G77/><T7/><D81/><U114/><E114/><V78/><REACH who="2" step="1"/><F60/><REACH who="2" ten="322,152,293,223" step="2"/><W120/><G120/><T4/><D113/><U88/><E88/><BYE who="1" /><V71/><F71/><W20/><G89/><T118/><D115/><U67/><E67/><V14/><AGARI ba="1,1" hai="14,16,22,33,34,35,49,53,59,69,70,78,80,85" machi="14" ten="30,11700,0" yaku="1,1,0,1,54,1,53,1" doraHai="106" doraHaiUra="76" who="2" fromWho="2" sc="322,-40,152,-40,293,130,223,-40" /><INIT seed="2,2,0,0,1,38" ten="282,112,423,183" oya="2" hai0="3,12,30,44,52,1,70,80,109,29,69,74,86" hai1="14,125,105,13,81,106,19,6,130,111,62,91,133" hai2="72,11,59,100,97,10,58,66,75,17,56,82,85" hai3="50,112,99,129,98,49,34,33,20,132,53,21,83"/><V32/><F32/><W88/><G129/><T46/><D109/><U131/><E131/><V128/><F128/><W7/><G132/><T61/><D74/><U78/><E78/><V120/><F120/><UN n1="%45%7A%61%6B%69" /><W5/><G83/><T9/><D44/><U26/><E111/><V16/><F66/><W76/><G76/><T64/><D69/><U24/><E130/><V103/><F97/><W51/><G51/><T39/><D29/><U116/><E116/><V121/><F82/><W27/><G27/><T41/><D30/><U8/><E133/><V57/><F85/><W35/><G35/><T94/><D94/><U119/><E119/><V31/><F31/><W45/><G45/><T110/><D52/><U134/><E134/><V102/><N who="2" m="14336" /><DORA hai="135" /><V43/><F43/><W115/><G53/><T65/><D65/><U118/><E118/><V124/><F124/><W25/><G25/><T101/><D101/><U22/><E62/><V23/><F23/><W47/><REACH who="3" step="1"/><G47/><REACH who="3" ten="282,112,423,173" step="2"/><T2/><D110/><U107/><REACH who="1" step="1"/><E125/><REACH who="1" ten="282,102,423,173" step="2"/><V77/><F121/><W114/><G114/><T126/><D126/><U0/><E0/><V15/><F77/><W67/><G67/><T28/><D2/><U87/><AGARI ba="2,2" hai="6,8,13,14,19,22,24,26,81,87,91,105,106,107" machi="87" ten="40,5200,0" yaku="1,1,0,1,53,1" doraHai="38,135" doraHaiUra="84,42" who="1" fromWho="1" sc="282,-15,102,78,423,-28,173,-15" /><INIT seed="3,0,0,1,4,133" ten="267,180,395,158" oya="3" hai0="47,129,48,49,53,82,91,78,42,77,80,87,72" hai1="90,59,40,26,127,35,60,118,21,126,105,0,69" hai2="10,81,106,115,84,79,5,23,111,130,104,55,52" hai3="65,89,11,24,36,110,29,13,46,92,66,25,8"/><W16/><G110/><T119/><D129/><U100/><E118/><V30/><F115/><W58/><G8/><T14/><D119/><U38/><E0/><V86/><F111/><W114/><G114/><T44/><D72/><U99/><E69/><V7/><F130/><W56/><G36/><T124/><D124/><N who="1" m="47659" /><E90/><V63/><F30/><W15/><G46/><T4/><D80/><U128/><E128/><V116/><F23/><W121/><G121/><T37/><D37/><U123/><E123/><V135/><F81/><W57/><G15/><T117/><D117/><U109/><E109/><V98/><F116/><W67/><REACH who="3" step="1"/><G29/><REACH who="3" ten="267,180,395,148" step="2"/><T113/><D113/><U64/><E38/><V17/><F10/><AGARI ba="0,1" hai="4,10,14,42,44,47,48,49,53,77,78,82,87,91" machi="10" ten="40,1300,0" yaku="8,1" doraHai="133" who="0" fromWho="2" sc="267,23,180,0,395,-13,148,0" /><INIT seed="4,0,0,0,5,88" ten="290,180,382,148" oya="0" hai0="49,38,124,126,24,62,68,96,39,42,16,90,114" hai1="41,73,106,100,105,50,48,53,8,33,14,83,20" hai2="131,58,127,70,85,26,84,91,22,132,43,74,107" hai3="51,77,29,123,82,133,37,69,2,113,130,94,45"/><T72/><D72/><U103/><E33/><V102/><F74/><W81/><G69/><T79/><D79/><U118/><E118/><V122/><F70/><W125/><G2/><T31/><D114/><U110/><E110/><V60/><F122/><W52/><G113/><T65/><D49/><U66/><E66/><V1/><F1/><W54/><G125/><N who="0" m="48235" /><D42/><U78/><E20/><V95/><F131/><W5/><G133/><T67/><D65/><U28/><E28/><V18/><F132/><W128/><G123/><T56/><D68/><U76/><E76/><V64/><F127/><W89/><G5/><T35/><D16/><U30/><E30/><V27/><F43/><W108/><G108/><T61/><D61/><U55/><E41/><V7/><F7/><W21/><G37/><T93/><AGARI ba="0,0" hai="24,31,35,38,39,56,62,67,90,93,96" m="48235" machi="93" ten="30,3000,0" yaku="18,1,52,1" doraHai="88" who="0" fromWho="0" sc="290,30,180,-10,382,-10,148,-10" /><INIT seed="4,1,0,5,2,92" ten="320,170,372,138" oya="0" hai0="29,12,93,14,122,38,30,63,86,132,48,68,123" hai1="65,98,59,94,7,117,10,67,71,112,35,39,103" hai2="81,134,50,47,0,66,8,79,129,54,75,51,105" hai3="31,80,24,62,124,84,4,131,3,43,44,45,41"/><T113/><D38/><U110/><E117/><V1/><F105/><W57/><G124/><T111/><D113/><U99/><E110/><V16/><F129/><W118/><G118/><T26/><D132/><U37/><E112/><V130/><F130/><W91/><G131/><T56/><D68/><U97/><E35/><V42/><F134/><W27/><G4/><T87/><D48/><U108/><E108/><V83/><F66/><W100/><G3/><T5/><D111/><U13/><E71/><V109/><F109/><W2/><G2/><T73/><D73/><U64/><E59/><V78/><F16/><W33/><G24/><T6/><D93/><U128/><REACH who="1" step="1"/><E128/><REACH who="1" ten="320,160,372,138" step="2"/><V60/><F0/><W49/><G100/><T25/><D56/><U55/><E55/><V36/><F1/><W126/><G126/><T106/><D63/><U9/><E9/><V23/><F8/><W76/><G62/><T102/><D106/><U77/><E77/><V28/><F60/><W15/><G57/><T135/><D135/><U46/><E46/><V34/><F34/><W22/><G33/><T133/><D133/><U58/><E58/><V125/><F125/><W72/><G15/><T120/><D122/><U61/><E61/><V21/><F54/><W114/><G114/><T32/><D32/><U52/><E52/><V127/><F127/><W119/><G119/><T89/><D120/><U90/><E90/><V69/><F69/><W107/><G107/><T115/><D123/><U70/><E70/><V74/><F21/><W104/><G104/><T95/><D115/><U116/><E116/><RYUUKYOKU ba="1,1" sc="320,-15,160,15,372,15,138,-15" hai1="7,10,13,37,39,64,65,67,94,97,98,99,103" hai2="23,28,36,42,47,50,51,74,75,78,79,81,83" /><INIT seed="5,2,1,1,0,13" ten="305,175,387,123" oya="1" hai0="64,103,112,115,46,70,52,123,41,59,39,126,76" hai1="31,116,91,83,33,35,32,69,107,49,108,72,67" hai2="92,15,110,133,18,12,62,134,87,97,22,129,14" hai3="60,109,0,6,89,127,56,48,61,93,94,36,96"/><U65/><E116/><V122/><F110/><W47/><G109/><T117/><D76/><U34/><E108/><V25/><F122/><W53/><G127/><T21/><D103/><U130/><E130/><V106/><F129/><W1/><G36/><T68/><D21/><U38/><E38/><V120/><F120/><W125/><G125/><T24/><D126/><U54/><E107/><V9/><F106/><W71/><G6/><T3/><D24/><U78/><E69/><V4/><F87/><W55/><G71/><T20/><D20/><U63/><E63/><V17/><F62/><W28/><G28/><T58/><D3/><U82/><E82/><V16/><F92/><W119/><G119/><T19/><D19/><N who="2" m="7242" /><F97/><W8/><G8/><T29/><D29/><U43/><E91/><V95/><F95/><W118/><G118/><T113/><D117/><U121/><E121/><V44/><F44/><W26/><G26/><T102/><D102/><U105/><E105/><V104/><F104/><W10/><G10/><T80/><D80/><U74/><E74/><V124/><F124/><W40/><G94/><T45/><D45/><U111/><E111/><V98/><F98/><W73/><G73/><T50/><D123/><U88/><E88/><V11/><F11/><W86/><G96/><T75/><D75/><U30/><E35/><V81/><F81/><W23/><G23/><T101/><D101/><U7/><E34/><V132/><AGARI ba="2,1" hai="4,9,12,14,15,18,22,25,132,133,134" m="7242" machi="132" ten="40,16000,3" yaku="20,1,34,2,52,4,54,1" doraHai="13" who="2" fromWho="2" sc="305,-42,175,-82,387,176,123,-42" /><INIT seed="6,0,0,3,4,34" ten="263,93,563,81" oya="2" hai0="64,90,116,103,35,89,110,134,42,100,92,112,9" hai1="95,94,108,80,4,87,3,125,52,18,109,0,127" hai2="74,6,71,111,50,126,72,40,97,77,99,96,76" hai3="47,21,25,78,45,8,32,5,11,36,63,85,33"/><V133/><F71/><W62/><G33/><T106/><D35/><U19/><E52/><V86/><F50/><W51/><G32/><T14/><D42/><U13/><E4/><V84/><F40/><W102/><G36/><T37/><D106/><U113/><E113/><V120/><F6/><W58/><G102/><T57/><D37/><U20/><E80/><V114/><F120/><W66/><G63/><T124/><D89/><U1/><E87/><N who="2" m="33323" /><F114/><W27/><G11/><T121/><D100/><U46/><E46/><V12/><F12/><W59/><G59/><T2/><D103/><U29/><E29/><V91/><F126/><N who="1" m="48137" /><E95/><V82/><F133/><W61/><G61/><T117/><D134/><U131/><E94/><N who="2" m="56415" /><F111/><N who="1" m="42569" /><E19/><V39/><F39/><W55/><G45/><T104/><D112/><U24/><E131/><V28/><F28/><W105/><G105/><T7/><D104/><U107/><E107/><V93/><F93/><W65/><G65/><T38/><D92/><U83/><E83/><AGARI ba="0,0" hai="72,74,76,77,82,83,97,99" m="56415,33323" machi="83" ten="30,12000,1" yaku="35,5" doraHai="34" who="2" fromWho="1" sc="263,0,93,-120,563,120,81,0" owari="263,6.3,-27,-52.7,683,78.3,81,-31.9" /></mjloggm>