<mjloggm ver="2.3"><GO type="169" lobby="0"/><UN n0="%E7%8C%AA%E7%8B%A9%E5%AE%88" n1="%E8%B5%A4%E4%BA%94%E7%AB%8B%E7%9B%B4" n2="%E7%9C%9F%E4%B8%80" n3="%41%52%44%45%4E" dan="17,16,17,16" rate="2189.06,2166.22,2252.09,2086.52" sx="M,F,M,F"/><TAIKYOKU oya="0"/><INIT seed="0,0,0,0,5,89" ten="250,250,250,250" oya="0" hai0="118,111,66,84,16,62,108,20,58,47,30,123,59" hai1="94,125,114,72,6,41,38,98,24,53,10,21,124" hai2="93,5,96,95,90,1,69,52,132,8,34,107,113" hai3="120,39,122,4,99,134,80,71,129,57,76,87,78"/><T44/><D118/><U110/><E110/><N who="0" m="42025" /><D123/><U28/><E72/><V102/><F113/><W26/><G71/><T32/><D32/><U75/><E75/><V3/><F69/><W112/><G39/><T60/><D30/><U19/><E114/><V97/><F132/><W83/><G134/><T27/><D84/><U46/><E53/><AGARI ba="0,0" hai="16,20,27,44,47,53,58,59,60,62,66" m="42025" machi="53" ten="30,5800,0" yaku="14,1,10,1,54,1" doraHai="89" who="0" fromWho="1" sc="250,58,250,-58,250,0,250,0" /><INIT seed="0,1,0,3,2,17" ten="308,192,250,250" oya="0" hai0="79,117,118,62,73,35,115,114,124,45,77,55,12" hai1="120,63,49,78,92,95,1,113,130,15,108,54,2" hai2="36,52,41,93,100,84,101,110,70,48,24,104,20" hai3="119,128,31,81,61,5,3,99,21,6,64,50,111"/><T34/><D62/><U26/><E120/><V53/><F104/><W19/><G111/><T56/><D56/><U16/><E108/><V98/><F70/><W25/><G119/><N who="0" m="45579" /><D55/><N who="2" m="21066" /><F36/><W23/><G128/><T112/><D45/><U59/><E130/><V88/><F110/><W116/><G116/><T68/><D68/><U51/><E113/><V10/><F10/><W42/><G3/><T22/><D12/><U105/><E105/><V32/><F32/><N who="0" m="12330" /><D22/><N who="1" m="13639" /><E2/><V129/><F129/><W38/><G38/><T106/><D106/><U13/><E1/><V109/><F109/><W8/><G99/><T126/><D73/><U67/><E78/><AGARI ba="1,0" hai="77,78,79,112,114,115,124,126" m="12330,45579" machi="78" ten="40,3900,0" yaku="28,2" doraHai="17" who="0" fromWho="1" sc="308,42,192,-42,250,0,250,0" /><INIT seed="0,2,0,3,3,6" ten="350,150,250,250" oya="0" hai0="11,62,12,0,88,86,40,77,123,70,117,84,59" hai1="42,116,85,37,55,119,95,120,132,60,82,91,48" hai2="73,13,87,106,100,83,122,45,105,25,19,63,74" hai3="3,128,28,27,135,15,80,89,114,66,17,43,67"/><T130/><D117/><U2/><E120/><V129/><F122/><W76/><G114/><T56/><D123/><U101/><E132/><V134/><F134/><W112/><G112/><T121/><D0/><U98/><E2/><V20/><F129/><W41/><G3/><T107/><D107/><U124/><E124/><V51/><F63/><W72/><G128/><T14/><D130/><U5/><E5/><V133/><F133/><W50/><G135/><T68/><D40/><U1/><E1/><V71/><F71/><W61/><G50/><T108/><D121/><U46/><REACH who="1" step="1"/><E60/><REACH who="1" ten="350,140,250,250" step="2"/><V96/><F106/><W53/><G61/><T31/><D62/><U92/><E92/><V24/><F74/><W16/><G72/><T127/><D127/><U99/><E99/><V54/><REACH who="2" step="1"/><F73/><REACH who="2" ten="350,140,240,250" step="2"/><W104/><G104/><T44/><D68/><U111/><E111/><V36/><F36/><W23/><G66/><T34/><D70/><U9/><E9/><V10/><F10/><W39/><G67/><T8/><D108/><U30/><E30/><V131/><F131/><W65/><G65/><T126/><D31/><U22/><E22/><V32/><F32/><W75/><G39/><T29/><D29/><U21/><E21/><V58/><F58/><AGARI ba="2,2" hai="37,42,46,48,55,58,82,85,91,95,98,101,116,119" machi="58" ten="30,3900,0" yaku="1,1,7,1,53,1" doraHai="6" doraHaiUra="38" who="1" fromWho="2" sc="350,0,140,65,240,-45,250,0" /><INIT seed="1,0,0,2,4,101" ten="350,205,195,250" oya="1" hai0="49,55,93,135,104,106,119,12,68,60,52,122,58" hai1="41,35,80,92,64,17,89,77,127,24,8,2,71" hai2="117,90,129,62,66,61,75,105,3,120,73,36,124" hai3="132,134,96,23,48,25,6,97,21,4,109,69,29"/><U79/><E127/><V19/><F120/><W38/><G38/><T112/><D112/><U123/><E123/><V33/><F117/><W133/><G69/><T10/><D119/><U13/><E41/><V0/><F36/><W86/><G109/><T63/><D122/><U91/><E64/><V102/><F33/><W110/><G110/><T114/><D114/><U22/><E71/><V88/><F19/><W67/><G67/><T46/><D135/><U121/><E121/><V99/><F124/><W27/><G48/><T14/><D14/><U18/><E2/><V95/><F129/><W43/><G43/><T37/><D37/><U44/><E44/><V50/><F50/><W57/><G86/><T5/><D93/><U113/><E113/><V130/><F130/><W42/><G57/><T81/><D81/><U7/><E35/><V15/><F15/><W40/><G132/><T20/><D20/><U100/><E100/><V32/><F32/><W51/><G51/><T108/><D108/><U31/><E89/><V47/><F47/><W107/><REACH who="3" step="1"/><G29/><REACH who="3" ten="350,205,195,240" step="2"/><T78/><D68/><U85/><REACH who="1" step="1"/><E79/><REACH who="1" ten="350,195,195,240" step="2"/><V16/><F66/><W9/><G9/><T74/><D78/><U72/><AGARI ba="0,2" hai="7,8,13,17,18,22,24,31,72,77,80,85,91,92" machi="72" ten="20,12000,1" yaku="1,1,2,1,0,1,7,1,53,1" doraHai="101" doraHaiUra="87" who="1" fromWho="1" sc="350,-40,195,140,195,-40,240,-40" /><INIT seed="1,1,0,0,5,105" ten="310,335,155,200" oya="1" hai0="55,77,34,53,57,92,20,96,67,116,18,129,38" hai1="59,132,6,31,11,133,115,91,119,39,61,83,120" hai2="19,26,75,65,22,32,41,90,123,128,118,35,94" hai3="88,40,21,27,37,50,114,99,125,110,73,82,62"/><U113/><E120/><V89/><F123/><W107/><G114/><T54/><D116/><U109/><E119/><V17/><F118/><W135/><G125/><T14/><D34/><U106/><E39/><V70/><F128/><W98/><G37/><T24/><D129/><U29/><E106/><V16/><F41/><W25/><G135/><N who="1" m="51786" /><E109/><V74/><F65/><W134/><G134/><T0/><D0/><N who="1" m="455" /><E113/><V78/><F70/><W117/><G117/><T131/><D131/><U64/><E115/><V58/><F58/><W36/><G36/><T51/><D38/><U4/><E4/><V121/><F121/><W2/><G2/><T60/><D77/><U13/><E13/><V15/><F78/><W95/><G27/><T7/><D7/><U76/><E91/><V122/><F122/><W80/><G107/><T86/><D24/><U30/><E30/><V56/><F56/><W48/><G110/><T42/><D42/><U46/><E46/><V87/><F90/><W45/><G45/><T124/><D124/><U79/><E79/><V85/><F87/><AGARI ba="1,0" hai="29,31,59,61,64,76,83,87" m="455,51786" machi="87" ten="30,1500,0" yaku="20,1" doraHai="105" who="1" fromWho="2" sc="310,0,335,18,155,-18,200,0" /><INIT seed="1,2,0,5,2,22" ten="310,353,137,200" oya="1" hai0="48,72,24,5,105,99,131,12,106,70,97,9,18" hai1="79,84,11,101,132,88,87,107,4,115,121,57,65" hai2="27,41,60,122,120,95,85,114,36,96,129,111,13" hai3="7,102,89,32,38,63,116,8,39,74,112,125,80"/><U100/><E121/><V62/><F111/><W23/><G112/><T123/><D72/><U19/><E115/><V56/><F114/><W93/><G125/><T81/><D70/><U25/><E132/><V40/><F85/><W26/><G32/><T15/><D131/><U51/><E107/><V135/><F129/><W49/><G116/><T134/><D134/><U50/><E79/><V16/><F135/><W68/><G102/><N who="1" m="39530" /><E84/><V90/><F120/><W47/><G80/><T14/><D106/><U78/><E78/><V128/><F128/><W67/><G74/><T44/><D105/><U28/><E28/><V77/><F77/><W76/><G76/><T75/><D123/><U31/><E31/><V54/><F122/><W91/><G93/><T73/><D81/><N who="1" m="49263" /><E4/><V82/><F82/><W21/><G38/><T30/><D75/><U6/><E6/><V126/><F126/><W3/><G39/><T113/><D73/><U124/><E124/><V92/><F92/><W83/><G83/><T1/><D113/><U46/><E46/><V33/><F36/><W117/><G117/><T109/><D18/><U0/><E0/><V66/><F33/><W29/><REACH who="3" step="1"/><G21/><REACH who="3" ten="310,353,137,190" step="2"/><T94/><D94/><U45/><E11/><V37/><F37/><W2/><G2/><T110/><D109/><U130/><E130/><V86/><F86/><W133/><G133/><T43/><REACH who="0" step="1"/><D110/><REACH who="0" ten="300,353,137,190" step="2"/><U52/><E19/><V20/><REACH who="2" step="1"/><F13/><REACH who="2" ten="300,353,127,190" step="2"/><W71/><G71/><AGARI ba="2,3" hai="16,20,27,40,41,54,56,60,62,66,71,90,95,96" machi="71" ten="30,16000,3" yaku="1,1,2,1,7,1,25,2,52,1,54,1,53,1" doraHai="22" doraHaiUra="61" who="2" fromWho="3" sc="300,0,353,0,127,196,190,-166" /><INIT seed="2,0,0,3,3,105" ten="300,353,323,24" oya="2" hai0="104,80,12,5,0,17,93,102,68,119,61,58,31" hai1="112,125,41,19,1,124,84,86,57,14,77,40,44" hai2="98,49,53,91,113,9,130,81,37,76,111,52,38" hai3="100,69,96,73,39,101,24,16,36,8,123,26,115"/><V131/><F113/><W135/><G123/><T87/><D68/><U70/><E1/><V75/><F111/><W29/><G69/><T64/><D104/><U22/><E70/><V15/><F91/><W21/><G115/><T134/><D134/><U129/><E129/><N who="2" m="49163" /><F98/><W78/><G135/><T89/><D0/><U106/><E106/><V34/><F34/><W72/><G78/><T133/><D133/><U35/><E35/><V108/><F108/><W99/><G8/><T107/><D119/><U63/><E112/><V2/><F2/><W128/><G128/><T54/><D31/><U74/><E74/><V43/><F43/><W51/><G51/><T30/><D30/><U56/><E56/><N who="2" m="32783" /><F53/><W118/><G29/><T11/><D107/><U27/><E77/><V45/><F45/><W55/><G55/><T110/><D54/><N who="1" m="34231" /><E41/><V3/><F3/><W66/><G118/><T97/><REACH who="0" step="1"/><D110/><REACH who="0" ten="290,353,323,24" step="2"/><U85/><E40/><V132/><F132/><W82/><G66/><T25/><D25/><U122/><E27/><V83/><F83/><W60/><G60/><T95/><D95/><U18/><E122/><V6/><AGARI ba="0,1" hai="6,9,15,37,38,75,76,81" m="32783,49163" machi="6" ten="30,6000,0" yaku="19,1,52,1,54,1" doraHai="105" who="2" fromWho="2" sc="290,-20,353,-20,323,70,24,-20" /><INIT seed="2,1,0,3,1,127" ten="270,333,393,4" oya="2" hai0="31,33,61,5,9,16,121,89,42,111,17,56,65" hai1="80,74,68,49,54,133,101,69,70,36,79,50,40" hai2="116,117,53,29,2,122,55,119,115,57,84,93,47" hai3="87,104,37,90,130,118,95,66,1,72,22,41,3"/><V78/><F122/><W60/><G118/><T19/><D121/><U124/><E124/><V105/><F105/><W110/><G104/><T35/><D111/><U46/><E133/><V102/><F115/><W13/><G72/><T100/><D100/><U58/><E101/><V97/><F2/><W125/><G110/><T96/><D42/><U86/><E74/><V18/><F29/><W114/><G125/><T6/><D6/><U0/><E0/><V135/><F135/><W62/><G114/><T51/><D51/><U103/><E103/><V12/><F47/><W23/><G3/><T8/><D8/><U67/><REACH who="1" step="1"/><E49/><REACH who="1" ten="270,323,393,4" step="2"/><V106/><F102/><W112/><G1/><T77/><D77/><U94/><E94/><V15/><F78/><W38/><G112/><T27/><D33/><U113/><E113/><V75/><F75/><W107/><G107/><T108/><D108/><U99/><E99/><V48/><F106/><W59/><G130/><T123/><D123/><U52/><E52/><V64/><F97/><W92/><G92/><T82/><D96/><U132/><E132/><V28/><F55/><W25/><G41/><T81/><REACH who="0" step="1"/><D89/><REACH who="0" ten="260,323,393,4" step="2"/><U26/><E26/><V7/><F117/><W20/><G25/><T39/><D39/><U98/><E98/><V21/><F119/><W134/><G134/><T10/><D10/><U85/><E85/><V120/><F116/><W76/><G76/><T32/><D32/><U129/><E129/><V43/><F43/><W34/><G34/><T45/><D45/><U131/><E131/><V109/><F120/><W63/><G13/><AGARI ba="1,2" hai="5,9,13,16,17,19,27,31,35,56,61,65,81,82" machi="13" ten="40,5200,0" yaku="1,1,6,1,54,1,53,0" doraHai="127" doraHaiUra="83" who="0" fromWho="3" sc="260,75,323,0,393,0,4,-55" owari="335,13.5,323,-7.7,393,49.3,-51,-55.1" /></mjloggm>