<mjloggm ver="2.3"><GO type="169" lobby="0"/><UN n0="%E7%8C%AA%E7%8B%A9%E5%AE%88" n1="%E3%82%84%E3%82%89%E3%82%8C%E5%BD%B9" n2="%E6%89%8B%E6%8A%BC%E3%81%97%E8%BB%8A" n3="%E6%8C%91%E6%88%A6%E8%80%85%EF%BC%81" dan="17,17,16,17" rate="2184.72,2158.89,2081.87,2186.27" sx="M,M,M,M"/><TAIKYOKU oya="0"/><INIT seed="0,0,0,4,1,75" ten="250,250,250,250" oya="0" hai0="56,130,26,89,10,33,52,77,133,12,92,14,4" hai1="57,43,100,2,55,48,17,47,119,69,11,27,123" hai2="16,87,45,105,83,76,78,9,20,22,71,95,126" hai3="35,36,38,74,98,61,102,82,41,53,25,124,54"/><T44/><D130/><U99/><E119/><V103/><F71/><W114/><G114/><T29/><D133/><U15/><E69/><V118/><F105/><W111/><G111/><T96/><D44/><U42/><E123/><V116/><F9/><W101/><G124/><T62/><REACH who="0" step="1"/><D77/><REACH who="0" ten="240,250,250,250" step="2"/><U121/><E121/><V79/><F126/><W7/><G38/><T109/><D109/><U108/><E108/><V32/><F45/><W49/><G36/><T107/><D107/><U64/><E47/><V19/><F32/><W24/><G41/><T132/><D132/><U72/><E42/><V88/><F116/><W110/><G110/><T50/><D50/><U46/><E43/><V39/><F39/><W112/><G49/><T128/><D128/><U60/><E48/><V84/><F118/><W73/><G112/><T30/><D30/><U37/><E46/><V122/><F122/><W125/><G125/><T104/><D104/><U5/><E37/><V63/><F63/><W134/><G61/><T85/><D85/><U66/><E60/><V70/><F70/><W65/><G134/><T135/><D135/><U93/><E72/><V51/><F51/><W0/><G73/><T106/><D106/><U28/><E28/><V91/><F103/><W94/><G102/><T59/><D59/><U21/><E57/><V58/><F58/><W3/><G101/><T86/><D86/><U68/><E68/><V6/><F6/><W90/><G7/><T80/><D80/><U13/><E100/><V34/><F34/><W113/><G74/><T8/><D8/><U81/><E11/><RYUUKYOKU ba="0,1" sc="240,15,250,-15,250,15,250,-15" hai0="4,10,12,14,26,29,33,52,56,62,89,92,96" hai2="16,19,20,22,76,78,79,83,84,87,88,91,95" /><INIT seed="0,1,1,4,0,110" ten="255,235,265,235" oya="0" hai0="74,90,101,131,47,76,82,44,67,81,1,113,134" hai1="63,86,58,84,128,89,68,41,7,56,70,3,61" hai2="105,87,96,104,126,6,4,5,69,8,93,16,15" hai3="18,77,55,39,83,123,124,108,42,24,40,10,54"/><T17/><D1/><U27/><E128/><V109/><F109/><W130/><G108/><T125/><D131/><U135/><E135/><V65/><F126/><W94/><G130/><T52/><D125/><U49/><E27/><V111/><F111/><W29/><G124/><T66/><D134/><U75/><E75/><V57/><F69/><W14/><G123/><T36/><D101/><U117/><E117/><V106/><F87/><W2/><G2/><T71/><D113/><U19/><E19/><V80/><F80/><W115/><G115/><T97/><D44/><U31/><E49/><V114/><F114/><W78/><G94/><T60/><D66/><U62/><E41/><V59/><REACH who="2" step="1"/><F65/><REACH who="2" ten="255,235,255,235" step="2"/><W92/><G83/><T132/><D132/><U88/><E84/><V129/><F129/><W26/><G78/><T64/><D64/><U46/><E86/><V119/><F119/><W43/><G77/><T35/><D76/><U91/><E70/><V95/><F95/><W98/><G39/><T127/><D127/><U20/><E68/><V122/><F122/><W12/><G12/><T73/><D74/><U72/><E72/><V21/><F21/><N who="3" m="15503" /><G26/><T38/><D73/><U79/><E79/><V13/><F13/><W22/><G22/><T112/><D112/><U107/><E20/><V28/><F28/><W102/><AGARI ba="1,2" hai="10,14,18,40,42,43,54,55,92,98,102" m="15503" machi="102" ten="30,1100,0" yaku="8,1" doraHai="110" who="3" fromWho="3" sc="255,-6,235,-4,255,-4,235,34" /><INIT seed="1,0,0,4,3,17" ten="249,231,251,269" oya="1" hai0="119,96,102,76,85,79,28,92,58,78,64,89,52" hai1="21,41,108,105,15,66,107,29,23,90,25,120,99" hai2="115,6,60,68,103,121,123,50,128,2,7,113,80" hai3="125,59,63,16,86,88,4,117,127,69,91,94,98"/><U56/><E120/><V39/><F39/><W9/><G69/><T112/><D112/><U100/><E41/><V74/><F103/><W47/><G47/><T73/><D119/><U51/><E90/><V49/><F68/><W62/><G117/><T1/><D1/><U44/><E44/><V54/><F2/><W124/><G59/><T24/><D64/><U111/><E107/><V48/><F80/><N who="3" m="49223" /><G16/><T81/><D73/><U118/><E118/><V10/><F74/><W8/><G8/><T65/><D65/><U34/><E15/><AGARI ba="0,0" hai="4,9,15,62,63,91,94,98,124,125,127" m="49223" machi="15" ten="30,2000,0" yaku="18,1,54,1" doraHai="17" who="3" fromWho="1" sc="249,0,231,-20,251,0,269,20" /><INIT seed="2,0,0,1,0,51" ten="249,211,251,289" oya="2" hai0="110,60,59,10,73,16,101,133,94,102,81,41,3" hai1="93,18,6,116,89,31,65,20,84,121,11,62,17" hai2="34,126,97,21,46,7,111,49,74,68,44,52,85" hai3="127,122,128,75,106,78,91,0,114,125,8,135,88"/><V98/><F74/><W123/><G106/><T36/><D110/><U120/><E31/><V132/><F34/><W70/><G70/><T26/><D133/><U13/><E116/><V105/><F132/><W134/><G114/><T22/><D36/><U107/><E107/><V12/><F68/><W103/><G103/><T43/><D3/><U56/><REACH who="1" step="1"/><E20/><REACH who="1" ten="249,201,251,289" step="2"/><V104/><F104/><W25/><G135/><T58/><D10/><U32/><E32/><V47/><F111/><W66/><G134/><T109/><D109/><U82/><E82/><V71/><F105/><W99/><G123/><AGARI ba="0,1" hai="6,11,13,17,18,56,62,65,84,89,93,120,121,123" machi="123" ten="40,2600,0" yaku="1,1,13,1,53,0" doraHai="51" doraHaiUra="23" who="1" fromWho="3" sc="249,0,201,36,251,0,289,-26" /><INIT seed="3,0,0,3,5,91" ten="249,237,251,263" oya="3" hai0="64,107,20,29,10,15,6,47,90,25,42,135,78" hai1="111,87,123,72,38,114,62,68,95,103,17,39,52" hai2="97,100,3,88,116,36,110,63,57,126,108,1,11" hai3="71,122,31,120,82,49,73,51,113,106,124,16,81"/><W32/><G113/><T14/><D135/><U50/><E123/><V104/><F36/><W129/><G124/><T93/><D107/><U45/><E72/><V53/><F126/><W105/><G129/><T46/><D78/><U22/><E114/><V54/><F116/><W77/><G71/><T121/><D121/><U5/><E5/><V48/><F11/><W86/><G106/><T9/><D64/><U75/><E75/><V101/><F101/><W0/><G0/><T67/><D67/><U24/><E111/><V8/><F8/><W134/><G105/><T74/><D42/><U131/><E131/><V79/><F79/><W27/><G134/><T13/><D74/><U7/><E7/><V130/><F130/><W133/><G133/><T26/><D26/><U28/><E62/><V55/><F55/><W35/><G35/><T96/><REACH who="0" step="1"/><D13/><REACH who="0" ten="239,237,251,263" step="2"/><U125/><E125/><V112/><F112/><W33/><G122/><T19/><AGARI ba="0,1" hai="6,9,10,14,15,19,20,25,29,46,47,90,93,96" machi="19" ten="20,12000,2" yaku="1,1,2,1,0,1,7,1,8,1,52,1,53,0" doraHai="91" doraHaiUra="58" who="0" fromWho="0" sc="239,130,237,-30,251,-30,263,-60" /><INIT seed="4,0,0,2,5,74" ten="369,207,221,203" oya="0" hai0="104,28,119,47,110,94,70,24,100,14,103,131,42" hai1="113,13,120,84,51,5,133,37,121,41,39,27,114" hai2="7,124,35,64,130,62,73,97,60,127,9,78,80" hai3="19,58,26,11,112,56,82,122,126,49,55,1,65"/><T117/><D70/><U31/><E51/><V16/><F35/><W125/><G112/><N who="1" m="43114" /><E84/><V123/><F123/><N who="1" m="47177" /><E41/><V75/><F62/><W132/><G122/><T135/><D104/><U95/><E95/><V59/><F130/><W43/><G132/><T86/><D135/><U116/><E133/><V108/><F108/><W33/><G33/><T10/><D110/><U36/><E116/><V111/><F111/><W102/><G102/><T21/><D131/><U44/><E44/><V89/><F73/><W52/><G43/><T50/><D117/><U63/><E63/><V15/><F89/><W99/><G99/><T128/><D119/><U105/><E105/><V0/><REACH who="2" step="1"/><F97/><REACH who="2" ten="369,207,211,203" step="2"/><W38/><G65/><T96/><D128/><U79/><E79/><V71/><F71/><W29/><G49/><T107/><D86/><U25/><E31/><V91/><F91/><W40/><G29/><T69/><D69/><U20/><E39/><V115/><F115/><W76/><G38/><T45/><D103/><U34/><E34/><V77/><F77/><W30/><G76/><T66/><D66/><U92/><E37/><V88/><F88/><W101/><G101/><T3/><D107/><U12/><E36/><V57/><F57/><W53/><G58/><T18/><D47/><U54/><E92/><V48/><F48/><W22/><G56/><T67/><D67/><U46/><E46/><V134/><F134/><W109/><G30/><T118/><D118/><U2/><E54/><V90/><F90/><W72/><G109/><T93/><D94/><U32/><E32/><V85/><F85/><RYUUKYOKU ba="0,1" sc="369,15,207,-15,211,15,203,-15" hai0="3,10,14,18,21,24,28,42,45,50,93,96,100" hai2="0,7,9,15,16,59,60,64,75,78,80,124,127" /><INIT seed="4,1,1,2,3,0" ten="384,192,226,188" oya="0" hai0="103,115,28,99,31,101,113,15,33,24,1,30,17" hai1="21,129,86,87,83,96,98,68,131,71,128,72,42" hai2="55,26,82,123,53,100,78,74,46,34,126,16,130" hai3="119,2,73,57,10,93,25,48,23,95,22,40,102"/><T37/><D37/><U79/><E42/><V70/><F123/><W14/><G119/><T106/><D101/><U27/><E87/><V85/><F70/><W44/><G73/><T47/><D47/><U92/><E98/><V35/><F100/><W94/><G2/><T19/><D1/><U63/><E63/><V32/><F130/><W111/><G111/><T59/><D59/><U13/><E13/><V109/><F109/><W50/><G102/><T104/><D104/><U89/><REACH who="1" step="1"/><E72/><REACH who="1" ten="384,182,226,188" step="2"/><V20/><F126/><W7/><G25/><T76/><D15/><U133/><E133/><V75/><F75/><W81/><G81/><T88/><D24/><U45/><E45/><V97/><F97/><W62/><REACH who="3" step="1"/><G50/><REACH who="3" ten="384,182,226,178" step="2"/><T18/><D113/><U118/><E118/><V84/><F74/><W105/><G105/><T11/><D115/><U127/><E127/><V60/><F82/><W4/><G4/><T64/><D106/><U3/><E3/><V52/><F78/><W67/><AGARI ba="1,3" hai="7,10,14,22,23,40,44,48,57,62,67,93,94,95" machi="67" ten="30,7900,0" yaku="1,1,0,1,8,1,52,1,53,0" doraHai="0" doraHaiUra="116" who="3" fromWho="3" sc="384,-40,182,-21,226,-21,178,112" /><INIT seed="5,0,0,4,5,36" ten="344,161,205,290" oya="1" hai0="121,18,97,25,88,14,94,4,12,55,64,6,129" hai1="109,9,132,3,65,43,104,130,16,113,50,135,34" hai2="69,8,95,49,76,62,59,20,26,19,51,110,125" hai3="29,86,91,23,52,84,89,108,124,45,70,38,10"/><U78/><E104/><V128/><F110/><W66/><G108/><T79/><D129/><U74/><E109/><V67/><F128/><W58/><G124/><T107/><D107/><U105/><E130/><V71/><F71/><W116/><G116/><T77/><D121/><U48/><E105/><V44/><F125/><W127/><G127/><T21/><D64/><U30/><E65/><V56/><F51/><W92/><G10/><N who="0" m="4167" /><D55/><U47/><E113/><V122/><F122/><W17/><G29/><N who="0" m="17583" /><D6/><U99/><E3/><V35/><F35/><W54/><G70/><T68/><D68/><U72/><E30/><V1/><F76/><W33/><G33/><T85/><D97/><U133/><E34/><V11/><F11/><AGARI ba="0,0" hai="11,14,18,77,79,85,88,94" m="17583,4167" machi="11" ten="30,2000,0" yaku="8,1,54,1" doraHai="36" who="0" fromWho="2" sc="344,20,161,0,205,-20,290,0" /><INIT seed="6,0,0,5,2,103" ten="364,161,185,290" oya="2" hai0="21,119,68,66,131,34,73,87,56,130,22,23,45" hai1="99,101,104,89,31,59,76,39,58,133,41,71,40" hai2="86,4,1,46,93,128,18,30,111,33,20,55,29" hai3="3,64,112,135,7,102,95,80,134,94,83,125,84"/><V114/><F111/><W75/><G64/><T25/><D73/><U105/><E71/><V19/><F33/><W127/><G7/><T8/><D68/><U74/><E31/><V96/><F86/><W85/><G3/><T52/><D119/><U2/><E89/><V122/><F122/><W79/><G112/><T43/><D66/><U38/><E2/><V69/><F69/><W126/><G102/><T129/><D8/><U27/><E27/><V5/><F114/><W0/><G0/><T6/><D6/><N who="2" m="2666" /><F1/><W36/><G36/><N who="0" m="21735" /><D87/><N who="3" m="33353" /><G83/><T9/><D9/><U57/><E133/><AGARI ba="0,0" hai="75,79,80,94,95,125,126,127,133,134,135" m="33353" machi="133" ten="40,8000,1" yaku="18,1,20,1,34,2" doraHai="103" who="3" fromWho="1" sc="364,0,161,-80,185,0,290,80" /><INIT seed="7,0,0,4,5,75" ten="364,81,185,370" oya="3" hai0="124,131,133,101,69,89,29,20,123,103,120,117,127" hai1="37,27,73,93,0,53,119,115,105,23,111,59,92" hai2="9,80,79,10,54,43,6,44,25,4,126,106,113" hai3="83,112,108,63,26,104,31,8,33,99,62,15,49"/><W68/><G112/><T86/><D117/><U36/><E111/><V121/><F106/><W57/><G108/><T100/><D69/><U61/><E105/><V41/><F121/><W78/><G68/><T98/><D131/><U58/><E0/><V107/><F107/><W46/><G57/><T134/><D98/><U132/><E115/><V67/><F67/><W40/><G99/><T116/><D20/><U12/><E119/><V14/><F25/><W35/><G35/><T51/><D51/><U85/><E73/><V65/><F65/><W130/><G104/><T125/><D29/><U77/><E132/><N who="0" m="50793" /><D116/><U55/><E12/><V129/><F126/><W90/><G90/><T5/><D5/><U3/><E3/><V34/><F34/><W74/><G130/><T17/><D17/><AGARI ba="0,0" hai="8,15,17,26,31,33,40,46,49,62,63,74,78,83" machi="17" ten="30,2900,0" yaku="7,1,52,1" doraHai="75" who="3" fromWho="0" sc="364,-29,81,0,185,0,370,29" owari="335,13.5,81,-41.9,185,-21.5,399,49.9" /></mjloggm>