<mjloggm ver="2.3"><GO type="169" lobby="0"/><UN n0="%E3%81%9B%E3%81%A9%E3%81%AA%E3%82%8A%E3%81%82%E3%82%93" n1="%E5%90%83%E8%B2%A8%E5%B0%8F%E5%8C%97%E5%8C%97" n2="%68%61%79%61%74%6F%E2%98%86" n3="%72%65%62%65%65%72" dan="17,18,16,16" rate="2158.03,2285.57,2054.49,2168.37" sx="F,M,M,M"/><TAIKYOKU oya="0"/><INIT seed="0,0,0,0,5,9" ten="250,250,250,250" oya="0" hai0="90,115,110,23,122,82,69,55,36,107,68,118,133" hai1="120,50,88,53,39,101,95,62,19,38,6,71,3" hai2="25,1,11,114,128,12,15,78,51,86,80,60,73" hai3="0,31,67,70,111,14,91,66,54,32,63,2,30"/><T34/><RYUUKYOKU type="yao9" ba="0,0" sc="250,0,250,0,250,0,250,0" hai0="23,34,36,55,68,69,82,90,107,110,115,118,122,133" /><INIT seed="0,1,0,0,3,70" ten="250,250,250,250" oya="0" hai0="84,13,111,96,46,99,42,25,108,10,56,52,128" hai1="7,79,4,36,135,133,118,85,74,68,50,44,6" hai2="5,87,23,61,33,34,117,122,101,38,89,31,65" hai3="17,67,129,49,82,20,92,98,112,39,66,59,102"/><T29/><D128/><U110/><E118/><V63/><F122/><W15/><G112/><T73/><D73/><U1/><E68/><V51/><F117/><W75/><G129/><T40/><D84/><U21/><E74/><V77/><F77/><W107/><G107/><T57/><D57/><U115/><E1/><V76/><F76/><W116/><G116/><T130/><D130/><U88/><E79/><V81/><F101/><W121/><G121/><T55/><D40/><U32/><E32/><V62/><F65/><W27/><G75/><T54/><D56/><U11/><E110/><N who="0" m="42025" /><D13/><U119/><E119/><V93/><F81/><W28/><G82/><T24/><D10/><U134/><E21/><V37/><F51/><W86/><G86/><T8/><D8/><U18/><E115/><V71/><F5/><W106/><G106/><T91/><D91/><U83/><E18/><V124/><F124/><W105/><G105/><T103/><D103/><U58/><E58/><V100/><F100/><W80/><G80/><T16/><D16/><U30/><E30/><V48/><F48/><W97/><G97/><N who="0" m="37451" /><D29/><U14/><E14/><V47/><F71/><W125/><G125/><T131/><D131/><U72/><E72/><V95/><F95/><W22/><G67/><T45/><D45/><U60/><E11/><V43/><F31/><W104/><G104/><T9/><D9/><U41/><E60/><V90/><F90/><W19/><G28/><T120/><D120/><U109/><E109/><V78/><F78/><W123/><G123/><T26/><D26/><U3/><E3/><RYUUKYOKU ba="1,0" sc="250,15,250,15,250,-15,250,-15" hai0="24,25,42,46,52,54,55" hai1="4,6,7,36,41,44,50,83,85,88,133,134,135" /><INIT seed="0,2,0,3,3,88" ten="265,265,235,235" oya="0" hai0="134,71,39,1,6,48,120,90,44,85,104,82,84" hai1="8,92,16,17,14,72,31,23,29,111,52,112,33" hai2="12,133,117,78,116,103,24,127,108,25,69,119,63" hai3="65,126,128,80,61,28,106,15,40,109,46,27,114"/><T91/><D120/><U99/><E72/><V54/><F108/><W35/><G114/><T131/><D134/><U55/><E111/><V93/><F133/><W13/><G109/><T68/><D131/><U132/><E132/><V50/><F78/><W118/><G118/><T102/><D39/><U34/><E112/><V43/><F43/><W101/><G126/><T38/><D38/><U125/><E125/><V74/><F74/><W86/><G128/><T62/><D62/><U123/><E123/><V66/><F12/><W70/><G46/><T26/><D26/><N who="1" m="14695" /><E34/><V22/><F127/><W51/><G51/><T130/><D130/><U18/><E17/><V4/><F4/><W0/><G40/><T3/><D102/><N who="1" m="60775" /><E33/><V37/><F37/><W100/><G100/><T7/><D104/><U105/><E105/><V67/><F22/><W73/><G73/><T19/><D19/><U124/><E124/><V87/><F103/><W59/><G0/><T56/><D6/><U98/><E98/><V53/><F25/><W10/><G101/><T57/><D7/><U135/><E135/><V95/><F24/><W81/><G70/><T58/><D68/><U121/><E121/><V47/><F87/><W96/><G96/><T2/><D71/><U110/><E110/><V75/><F75/><W41/><G106/><T20/><D20/><U21/><E21/><V64/><F69/><W113/><G113/><T115/><D115/><U9/><E9/><V36/><F36/><W83/><G86/><N who="0" m="33387" /><D82/><U129/><E129/><V42/><F63/><W49/><G10/><T60/><D60/><RYUUKYOKU ba="2,0" sc="265,0,265,0,235,0,235,0" hai0="1,2,3,44,48,56,57,58,90,91" hai1="8,14,18,29,31,52,55" hai2="42,47,50,53,54,64,66,67,93,95,116,117,119" hai3="13,15,27,28,35,41,49,59,61,65,80,81,83" /><INIT seed="0,3,0,3,1,55" ten="265,265,235,235" oya="0" hai0="96,121,59,52,7,76,99,18,25,9,15,4,125" hai1="12,24,23,114,79,75,5,107,35,13,19,98,83" hai2="95,134,6,135,92,129,124,94,66,127,0,90,126" hai3="84,120,1,47,16,77,2,132,53,93,60,38,41"/><T28/><D121/><U97/><E114/><V33/><F33/><W78/><G120/><T26/><D125/><U122/><E122/><V108/><F108/><W65/><G132/><N who="2" m="50729" /><F66/><W73/><G73/><T72/><D76/><U80/><E107/><V61/><F61/><W113/><G113/><T50/><D72/><U85/><E12/><V64/><F64/><W119/><G119/><T117/><D117/><U110/><E110/><V39/><F39/><W81/><G93/><N who="2" m="35945" /><F6/><N who="0" m="2090" /><D28/><U37/><E37/><V34/><F34/><W36/><G78/><T106/><D106/><U70/><E70/><V48/><F48/><W82/><G82/><T49/><D49/><U27/><E35/><V30/><F30/><W58/><G36/><T86/><D86/><U91/><REACH who="1" step="1"/><E5/><REACH who="1" ten="265,255,235,235" step="2"/><V54/><F127/><W115/><G115/><T29/><D29/><U56/><E56/><V45/><F126/><W116/><G116/><T57/><D57/><U118/><E118/><V46/><F124/><W101/><G1/><T63/><D50/><U109/><E109/><V11/><F0/><W133/><G2/><T69/><D69/><U104/><E104/><V67/><F46/><W123/><G133/><T128/><D128/><U21/><E21/><V51/><F11/><W130/><G130/><T42/><D42/><U89/><E89/><V71/><F71/><W103/><G123/><T3/><D3/><U74/><E74/><V105/><F105/><W22/><G65/><T112/><D112/><U8/><E8/><V102/><F67/><W10/><G10/><T14/><D14/><AGARI ba="3,1" hai="14,16,22,38,41,47,53,58,60,77,81,84,101,103" machi="14" ten="30,3900,0" yaku="7,1,52,1,54,1" doraHai="55" who="3" fromWho="0" sc="265,-48,255,0,235,0,235,58" /><INIT seed="1,0,0,3,5,122" ten="217,255,235,293" oya="1" hai0="59,23,119,75,66,31,55,40,46,79,21,116,121" hai1="133,73,8,64,51,82,106,88,68,101,4,105,9" hai2="113,47,130,10,42,107,33,111,56,126,109,96,3" hai3="118,45,44,123,100,128,22,32,27,41,103,94,35"/><U14/><E133/><V25/><F130/><W98/><G123/><T50/><D121/><U65/><E101/><N who="2" m="62887" /><F56/><W61/><G128/><T134/><D134/><U6/><E51/><V18/><F126/><W78/><G78/><T60/><D79/><U91/><E68/><V52/><F52/><W74/><G74/><T24/><D75/><U16/><E73/><V112/><F18/><W20/><G118/><T26/><REACH who="0" step="1"/><D55/><REACH who="0" ten="207,255,235,293" step="2"/><U95/><E105/><V87/><F113/><W70/><G70/><T71/><D71/><U34/><E106/><V63/><F112/><W2/><G103/><T29/><AGARI ba="0,1" hai="21,23,24,26,29,31,40,46,50,59,60,66,116,119" machi="29" ten="20,5200,0" yaku="1,1,0,1,7,1,9,1,53,0" doraHai="122" doraHaiUra="0" who="0" fromWho="0" sc="207,62,255,-26,235,-13,293,-13" /><INIT seed="2,0,0,5,3,65" ten="269,229,222,280" oya="2" hai0="96,135,68,117,69,9,35,130,128,129,81,95,32" hai1="62,1,56,107,53,63,52,82,57,26,124,7,64" hai2="91,14,6,85,8,60,90,112,59,33,28,79,115" hai3="22,123,13,127,111,83,34,17,18,132,10,87,131"/><V45/><F33/><N who="0" m="12874" /><D135/><U114/><E114/><V58/><F28/><W36/><G36/><T4/><D81/><U104/><E124/><V101/><F101/><W39/><G39/><T38/><D38/><U27/><E82/><V94/><F79/><W77/><G123/><T67/><D67/><U93/><E64/><V133/><F133/><W42/><G42/><T108/><D108/><U84/><E7/><V55/><F45/><W43/><G43/><T116/><D95/><U66/><E66/><V74/><F74/><W75/><G127/><T80/><D80/><U61/><E1/><V21/><F21/><W24/><G111/><T11/><D96/><U5/><E5/><V103/><F103/><W40/><G40/><T37/><D37/><U126/><E62/><V70/><F59/><W30/><G132/><T49/><D49/><U105/><E126/><V88/><REACH who="2" step="1"/><F70/><REACH who="2" ten="269,229,212,280" step="2"/><N who="0" m="27242" /><D9/><U48/><E48/><V73/><F73/><W98/><G75/><T120/><D120/><U12/><E57/><V99/><F99/><W44/><G98/><T2/><AGARI ba="0,1" hai="2,4,11,116,117,128,129,130" m="27242,12874" machi="2" ten="40,8000,1" yaku="19,1,23,1,52,3" doraHai="65" who="0" fromWho="0" sc="269,90,229,-20,212,-40,280,-20" /><INIT seed="3,0,0,3,4,87" ten="359,209,172,260" oya="3" hai0="92,85,18,134,26,74,9,32,54,21,52,88,127" hai1="99,111,89,29,106,82,51,119,15,5,45,131,67" hai2="128,83,72,135,58,59,1,70,81,0,42,37,4" hai3="101,64,132,30,56,103,47,112,126,11,115,17,33"/><W8/><G132/><T98/><D74/><U27/><E111/><V110/><F70/><W38/><G126/><T130/><D32/><U73/><E131/><V14/><F110/><W96/><G101/><N who="0" m="60615" /><D127/><U124/><E124/><V60/><F128/><W97/><G97/><T122/><D122/><U31/><E67/><V23/><F135/><W63/><G115/><T116/><D116/><U108/><E108/><V19/><F58/><W24/><G112/><T78/><D78/><U34/><E29/><V105/><F105/><W95/><REACH who="3" step="1"/><G17/><REACH who="3" ten="359,209,172,250" step="2"/><N who="0" m="12591" /><D134/><U20/><E99/><V62/><F19/><W22/><G22/><T77/><D130/><U57/><E20/><V28/><F23/><W114/><G114/><T10/><D77/><U40/><E119/><V13/><F28/><W129/><G129/><T107/><D107/><U43/><E106/><V48/><F4/><W50/><G50/><T118/><D118/><U39/><E51/><V68/><F48/><W69/><G69/><T133/><D133/><U121/><E31/><V86/><F68/><W76/><G76/><T100/><D100/><U7/><E5/><V36/><F36/><W25/><G25/><T90/><D90/><U66/><E89/><V12/><F37/><W46/><G46/><T94/><D18/><U35/><E35/><V117/><F117/><W79/><G79/><T65/><D9/><U41/><E34/><V113/><F113/><W71/><G71/><T2/><D10/><U93/><E7/><V61/><F72/><W16/><G16/><T55/><D88/><U49/><E73/><V44/><F44/><RYUUKYOKU ba="0,1" sc="359,-10,209,-10,172,-10,250,30" hai3="8,11,24,30,33,38,47,56,63,64,95,96,103" /><INIT seed="3,1,1,4,1,94" ten="349,199,162,280" oya="3" hai0="61,118,112,26,24,114,90,56,83,59,14,12,92" hai1="27,71,9,5,113,4,126,78,45,7,81,116,84" hai2="51,117,30,2,55,128,69,121,105,53,72,115,25" hai3="20,66,98,13,63,29,62,87,109,134,107,43,50"/><W54/><G134/><T8/><D118/><U41/><E113/><N who="0" m="43625" /><D83/><U52/><E126/><V100/><F115/><W133/><G133/><T102/><D102/><U120/><E120/><V17/><F72/><W91/><G109/><T22/><D24/><U48/><E71/><V57/><F69/><W0/><G0/><T73/><D73/><U3/><E116/><V110/><F2/><W37/><G37/><T93/><D93/><U34/><E34/><V64/><F110/><W127/><G127/><T77/><D77/><U65/><E65/><V129/><F121/><W82/><G43/><T111/><D111/><U86/><E27/><V10/><F117/><W76/><G29/><N who="0" m="17623" /><D61/><U15/><E3/><V36/><F100/><W21/><G107/><T75/><D75/><U11/><E11/><V60/><F105/><W124/><G124/><T89/><D89/><U33/><E33/><V70/><F10/><W68/><G62/><T74/><D74/><U99/><E84/><V122/><F122/><W46/><REACH who="3" step="1"/><G13/><REACH who="3" ten="349,199,162,270" step="2"/><N who="0" m="5227" /><D8/><U38/><E38/><V23/><F36/><W80/><G80/><T1/><D1/><U44/><E41/><V130/><F55/><W31/><G31/><AGARI ba="1,2" hai="17,23,25,30,31,51,53,57,60,64,70,128,129,130" machi="31" ten="40,1300,0" yaku="19,1" doraHai="94" who="2" fromWho="3" sc="349,0,199,0,162,36,270,-16" /><INIT seed="4,0,0,5,5,91" ten="349,199,198,254" oya="0" hai0="25,46,92,93,21,90,114,28,30,72,15,61,132" hai1="116,47,58,0,5,125,39,99,70,48,111,2,38" hai2="81,109,123,128,19,51,22,10,80,84,71,83,117" hai3="27,129,42,115,54,103,77,52,118,4,16,23,31"/><T104/><D104/><U110/><E116/><V75/><F109/><W34/><G118/><T131/><D72/><U107/><E70/><V73/><F117/><W124/><G115/><T134/><D114/><U17/><E125/><V66/><F123/><W95/><G124/><T135/><D131/><U76/><E76/><V24/><F128/><W108/><G108/><T50/><D30/><U102/><E110/><V41/><F75/><W112/><G112/><T57/><D15/><U74/><E74/><V78/><F66/><W88/><G129/><T120/><D90/><U1/><E5/><V126/><F71/><W79/><G42/><N who="0" m="24919" /><D120/><U60/><E17/><V12/><F73/><W133/><G103/><T97/><D97/><U37/><E111/><V32/><F32/><W18/><G4/><T43/><D43/><U9/><E9/><V130/><F126/><W89/><G89/><T85/><D85/><U100/><E100/><V20/><F20/><N who="3" m="15847" /><G133/><T35/><D35/><U63/><REACH who="1" step="1"/><E58/><REACH who="1" ten="349,189,198,254" step="2"/><V62/><F130/><W40/><G40/><AGARI ba="0,1" hai="0,1,2,37,38,39,40,47,48,60,63,99,102,107" machi="40" ten="50,3200,0" yaku="1,1,2,1,53,0" doraHai="91" doraHaiUra="49" who="1" fromWho="3" sc="349,0,189,42,198,0,254,-32" /><INIT seed="5,0,0,4,2,50" ten="349,231,198,222" oya="1" hai0="27,53,3,75,108,33,58,88,47,73,35,4,72" hai1="104,24,44,28,119,17,89,95,37,30,117,7,34" hai2="107,63,79,57,64,61,15,132,23,9,84,55,6" hai3="32,54,124,109,116,77,127,112,62,98,51,45,101"/><U93/><E104/><V69/><F107/><W11/><G109/><T25/><D108/><U13/><E30/><V125/><F125/><N who="3" m="48203" /><G32/><T40/><D4/><U43/><E7/><V83/><REACH who="2" step="1"/><F23/><REACH who="2" ten="349,231,188,222" step="2"/><W21/><G21/><T59/><D33/><U74/><E74/><V14/><F14/><W65/><G116/><T49/><D35/><U131/><E131/><V123/><F123/><W52/><G112/><T70/><D72/><U12/><E12/><V134/><AGARI ba="0,1" hai="6,9,15,55,57,61,63,64,69,79,83,84,132,134" machi="134" ten="30,4000,0" yaku="1,1,0,1,52,1,53,0" doraHai="50" doraHaiUra="110" who="2" fromWho="2" sc="349,-10,231,-20,188,50,222,-10" /><INIT seed="6,0,0,3,0,57" ten="339,211,238,212" oya="2" hai0="45,98,37,65,117,66,19,135,46,74,38,112,128" hai1="110,72,122,4,27,121,95,31,97,88,13,68,30" hai2="78,124,36,105,52,133,7,14,28,101,49,60,119" hai3="120,81,26,134,108,103,116,130,80,29,129,64,41"/><V107/><F119/><W99/><G116/><T11/><D117/><U93/><E110/><V109/><F36/><W77/><G108/><T0/><D74/><U131/><E72/><V5/><F109/><W71/><G120/><N who="1" m="46186" /><E131/><N who="3" m="50186" /><G134/><T106/><D128/><U69/><E31/><V17/><F133/><W91/><G41/><T9/><D46/><U114/><E114/><V84/><F28/><W82/><G91/><T35/><D11/><N who="1" m="4327" /><E95/><V83/><F124/><W33/><G64/><T62/><D66/><U70/><E69/><V21/><F105/><N who="3" m="63743" /><G71/><T22/><D65/><U55/><E55/><V100/><F107/><W51/><G51/><T96/><D38/><U50/><E50/><V67/><F67/><W56/><G56/><T59/><D59/><U8/><E8/><V87/><F49/><W10/><G10/><T89/><D9/><U39/><E39/><V2/><F7/><W1/><G1/><T86/><D0/><U25/><E25/><V90/><F5/><W118/><G118/><T6/><D6/><U18/><E18/><V20/><F2/><W115/><G115/><T111/><D106/><U34/><AGARI ba="0,0" hai="27,30,34,68,70,88,93,97" m="4327,46186" machi="34" ten="30,2000,0" yaku="13,1,54,1" doraHai="57" who="1" fromWho="1" sc="339,-5,211,20,238,-10,212,-5" /><INIT seed="7,0,0,3,3,16" ten="334,231,228,207" oya="3" hai0="102,95,133,89,69,41,128,129,13,28,51,18,78" hai1="101,96,82,121,47,75,72,117,103,118,61,46,26" hai2="79,115,73,44,6,27,124,15,32,119,135,30,14" hai3="63,126,36,68,33,130,94,0,110,104,42,5,99"/><W100/><G130/><N who="0" m="50283" /><D69/><U92/><E121/><V35/><F35/><W39/><G126/><T74/><D28/><U109/><E109/><V123/><F119/><N who="1" m="45577" /><E103/><V10/><F135/><W111/><G33/><T34/><D34/><U17/><E61/><V25/><F124/><W112/><G112/><T64/><D18/><U131/><E131/><V108/><F108/><N who="3" m="41515" /><G94/><T54/><D13/><U66/><E66/><V53/><F25/><W45/><G39/><T8/><D8/><U55/><E55/><V97/><F123/><W76/><G76/><T21/><D89/><U105/><E105/><V59/><F79/><W57/><G68/><T12/><D78/><N who="1" m="44359" /><E75/><V62/><F73/><W52/><G5/><T4/><D4/><U31/><E17/><V67/><F115/><W116/><G116/><T127/><D133/><U120/><E120/><V77/><F77/><W43/><G42/><T85/><D41/><U84/><E84/><V48/><F97/><W23/><G0/><AGARI ba="0,0" hai="0,6,10,14,15,27,30,32,44,48,53,59,62,67" machi="0" ten="30,1000,0" yaku="7,1" doraHai="16" who="2" fromWho="3" sc="334,0,231,0,228,10,207,-10" owari="334,43.4,231,-16.9,238,3.8,197,-30.3" /></mjloggm>