<mjloggm ver="2.3"><GO type="169" lobby="0"/><UN n0="%75%79%61%6D%61" n1="%E3%81%82%E3%81%95%E3%81%B4%E3%82%93%EF%BC%A0%EF%BD%8D%EF%BD%8A" n2="%31%74%61" n3="%E3%81%9D%E3%82%93%E3%81%97%E6%A7%98" dan="17,18,17,17" rate="2110.33,2277.52,2227.75,2230.27" sx="M,M,M,M"/><TAIKYOKU oya="0"/><INIT seed="0,0,0,1,1,23" ten="250,250,250,250" oya="0" hai0="29,4,125,47,10,96,35,3,0,91,88,53,115" hai1="11,55,36,30,99,26,16,8,22,65,28,18,24" hai2="34,106,41,132,73,15,64,81,124,110,54,31,104" hai3="78,12,9,72,76,32,2,71,130,25,111,49,50"/><T122/><D115/><U105/><E36/><V5/><F41/><W59/><G71/><T128/><D122/><U117/><E117/><V113/><F113/><W89/><G2/><T118/><D118/><U43/><E43/><V69/><F110/><W86/><G130/><T27/><D128/><U21/><E65/><V63/><F124/><W62/><G111/><T60/><D125/><U127/><E127/><V70/><F70/><W112/><G72/><T131/><D131/><U67/><E67/><V66/><F66/><N who="3" m="39263" /><G32/><T52/><D0/><U95/><E105/><V6/><F54/><W90/><G90/><T120/><D120/><U134/><E134/><V101/><F101/><W40/><G25/><T42/><D96/><U37/><E37/><V46/><F34/><W103/><G103/><T75/><D75/><U119/><E55/><V33/><F33/><W98/><G98/><T123/><D123/><U133/><E133/><V44/><F106/><W7/><G112/><T85/><D60/><U102/><E119/><V13/><F104/><W68/><G68/><T38/><D91/><U92/><E92/><AGARI ba="0,0" hai="3,4,10,27,29,35,38,42,47,52,53,85,88,92" machi="92" ten="30,11600,0" yaku="7,1,52,1,54,2" doraHai="23" who="0" fromWho="1" sc="250,116,250,-116,250,0,250,0" /><INIT seed="0,1,0,0,0,62" ten="366,134,250,250" oya="0" hai0="98,31,103,105,113,51,46,6,59,42,60,23,22" hai1="79,50,125,13,34,120,110,112,75,61,67,126,78" hai2="123,17,127,16,49,81,4,63,41,0,68,32,101" hai3="19,44,27,7,43,10,45,89,106,84,94,132,80"/><T86/><D113/><U21/><E120/><V128/><F123/><W122/><G132/><T48/><D6/><U88/><E34/><V39/><F39/><W12/><G106/><T1/><D1/><U111/><E50/><V92/><F32/><W90/><G122/><T38/><D86/><U37/><E37/><V25/><F81/><W29/><G43/><T26/><REACH who="0" step="1"/><D23/><REACH who="0" ten="356,134,250,250" step="2"/><U135/><E112/><V35/><F4/><W134/><G7/><T109/><D109/><U119/><E111/><V102/><F0/><W18/><G134/><T47/><D47/><U8/><E21/><V124/><F35/><W73/><G73/><T54/><AGARI ba="1,1" hai="22,26,31,38,42,46,48,51,54,59,60,98,103,105" machi="54" ten="20,3900,0" yaku="1,1,0,1,7,1,53,0" doraHai="62" doraHaiUra="104" who="0" fromWho="0" sc="356,52,134,-14,250,-14,250,-14" /><INIT seed="0,2,0,3,3,86" ten="408,120,236,236" oya="0" hai0="73,9,25,40,66,35,84,32,77,130,1,119,50" hai1="100,122,43,22,107,91,124,105,101,6,99,20,42" hai2="127,67,31,61,26,34,58,33,109,90,97,13,30" hai3="7,60,85,98,23,63,110,29,126,129,36,118,81"/><T76/><D73/><U88/><E6/><V52/><F109/><W106/><G110/><T87/><D119/><U115/><E122/><V51/><F127/><W37/><G118/><T44/><D66/><U132/><E124/><V47/><F13/><W93/><G106/><T4/><D130/><U111/><E111/><V120/><F120/><W14/><G126/><T39/><D39/><U2/><E2/><V79/><F79/><W46/><G37/><T38/><D38/><U10/><E10/><V72/><F72/><W113/><G113/><T121/><D121/><U24/><E99/><V108/><F108/><W19/><G129/><T59/><D59/><U112/><REACH who="1" step="1"/><E24/><REACH who="1" ten="408,110,236,236" step="2"/><V28/><REACH who="2" step="1"/><F26/><REACH who="2" ten="408,110,226,236" step="2"/><W18/><G7/><T69/><D25/><U64/><E64/><V70/><F70/><W71/><G71/><T0/><D69/><U65/><E65/><V17/><F17/><W95/><G19/><T12/><D0/><U16/><E16/><V103/><F103/><W55/><G18/><T80/><D1/><U96/><E96/><V45/><F45/><W104/><G46/><T123/><D123/><U41/><E41/><V94/><AGARI ba="2,2" hai="28,30,31,33,34,47,51,52,58,61,67,90,94,97" machi="94" ten="30,8000,1" yaku="1,1,0,1,52,1,54,1,53,1" doraHai="86" doraHaiUra="92" who="2" fromWho="2" sc="408,-42,110,-22,226,106,236,-22" /><INIT seed="1,0,0,1,4,8" ten="366,88,332,214" oya="1" hai0="95,68,113,111,92,74,2,51,30,70,119,84,90" hai1="39,121,27,45,52,112,65,124,67,5,125,64,60" hai2="0,94,9,109,129,118,103,43,98,62,71,55,101" hai3="6,4,46,126,24,72,117,57,15,131,48,102,42"/><U127/><E5/><V87/><F118/><W61/><G72/><T40/><D113/><U93/><E93/><V79/><F109/><W18/><G131/><T34/><D74/><U106/><E27/><V50/><F129/><W58/><G126/><T99/><D2/><U116/><E106/><V80/><F43/><W19/><G102/><T59/><D119/><U132/><E116/><V133/><F133/><W77/><G77/><T17/><D111/><U135/><E112/><V54/><F103/><W110/><G110/><T22/><D30/><U31/><E31/><V25/><F25/><W86/><G86/><T91/><D34/><U32/><E32/><V11/><F0/><W49/><G117/><T36/><D36/><U20/><E20/><V56/><REACH who="2" step="1"/><F71/><REACH who="2" ten="366,88,322,214" step="2"/><W26/><G24/><T63/><D70/><U114/><E114/><V14/><F14/><W82/><G15/><T97/><D68/><U76/><E121/><V107/><F107/><W73/><G42/><T96/><D40/><N who="1" m="22687" /><E76/><V10/><F10/><W23/><G26/><T37/><D37/><U115/><E115/><V47/><AGARI ba="0,1" hai="9,11,47,50,54,55,56,62,79,80,87,94,98,101" machi="47" ten="20,5200,0" yaku="1,1,0,1,7,1,8,1,53,0" doraHai="8" doraHaiUra="16" who="2" fromWho="2" sc="366,-13,88,-26,322,62,214,-13" /><INIT seed="2,0,0,2,4,81" ten="353,62,384,201" oya="2" hai0="107,11,60,42,73,111,17,13,86,16,84,125,58" hai1="0,34,117,112,106,98,9,135,91,56,116,110,105" hai2="28,55,128,69,71,36,120,49,12,74,118,94,30" hai3="100,90,27,134,59,39,43,89,5,115,93,50,97"/><V122/><F118/><W40/><G134/><T123/><D73/><U3/><E34/><V46/><F74/><W124/><G124/><T57/><D107/><U52/><E112/><V22/><F36/><W130/><G130/><T7/><D123/><U70/><E70/><V47/><F128/><W45/><G115/><T32/><D32/><U61/><E135/><V24/><F30/><W15/><G40/><T68/><D68/><U109/><E105/><V41/><F71/><W65/><G39/><T2/><D111/><N who="1" m="42507" /><E9/><V19/><F69/><W26/><G15/><N who="0" m="5631" /><D125/><U87/><E98/><V62/><F94/><W108/><G5/><T83/><D2/><N who="1" m="555" /><E106/><V63/><F122/><W75/><G75/><T8/><D42/><U88/><E91/><N who="3" m="34826" /><G108/><T99/><D99/><U113/><E113/><V14/><F120/><W103/><G103/><T85/><D83/><AGARI ba="0,0" hai="52,56,61,83,87,88,116,117" m="555,42507" machi="83" ten="30,7700,0" yaku="14,1,52,1,54,2" doraHai="81" who="1" fromWho="0" sc="353,-77,62,77,384,0,201,0" /><INIT seed="3,0,0,1,2,24" ten="276,139,384,201" oya="3" hai0="12,98,8,72,101,75,23,86,106,122,33,97,42" hai1="10,130,36,126,7,112,73,116,61,28,69,22,114" hai2="47,48,124,0,108,89,30,96,123,56,76,25,5" hai3="127,46,91,100,121,77,52,51,3,132,110,4,19"/><W107/><G121/><T70/><D33/><U67/><E73/><V133/><F108/><W49/><G127/><T15/><D70/><U117/><E36/><V40/><F124/><W120/><G120/><T45/><D122/><U82/><E126/><V63/><F123/><W34/><G34/><T11/><D86/><U60/><E82/><V54/><F76/><W92/><G132/><T43/><D23/><U6/><E130/><V113/><F113/><W27/><G110/><T85/><D85/><U81/><E81/><V79/><F79/><W9/><G77/><T104/><REACH who="0" step="1"/><D45/><REACH who="0" ten="266,139,384,201" step="2"/><U118/><E112/><V32/><F32/><W119/><G119/><T57/><D57/><U88/><E114/><V58/><F58/><W31/><G46/><T65/><D65/><U83/><E69/><V53/><F56/><W50/><G9/><T111/><D111/><U62/><E67/><V17/><F47/><W41/><G107/><T134/><D134/><U90/><E83/><V55/><F133/><W38/><G92/><T37/><D37/><U35/><E35/><V105/><F105/><W103/><G38/><T20/><D20/><U1/><E7/><V39/><F5/><W135/><G135/><T129/><D129/><U18/><REACH who="1" step="1"/><E28/><REACH who="1" ten="266,129,384,201" step="2"/><V99/><F30/><W68/><G31/><T14/><D14/><AGARI ba="0,2" hai="1,6,10,14,18,22,60,61,62,88,90,116,117,118" machi="14" ten="50,12000,2" yaku="1,1,2,1,12,1,54,1,53,3" doraHai="24" doraHaiUra="59" who="1" fromWho="0" sc="266,-120,129,140,384,0,201,0" /><INIT seed="4,0,0,4,3,73" ten="146,269,384,201" oya="0" hai0="78,90,121,106,132,128,56,96,112,81,35,46,10" hai1="4,72,115,11,64,21,120,40,97,117,60,114,29" hai2="104,24,93,52,102,0,26,101,19,76,8,75,49" hai3="58,99,33,122,129,84,103,94,38,3,51,50,28"/><T92/><D35/><U79/><E117/><V69/><F69/><W68/><G68/><T83/><D56/><U25/><E120/><V74/><F104/><W61/><G38/><T45/><D121/><U23/><E40/><V71/><F71/><W118/><G118/><T80/><D112/><N who="1" m="43051" /><E97/><V42/><F42/><W107/><G3/><T55/><D132/><U110/><E110/><V125/><F125/><W20/><G129/><T131/><D10/><U67/><E23/><V126/><F126/><W48/><G33/><T14/><D14/><N who="1" m="5479" /><E60/><V43/><F43/><W17/><G28/><T39/><D106/><U98/><E98/><V1/><F8/><W88/><G122/><T119/><D119/><U105/><E105/><V34/><F34/><W22/><REACH who="3" step="1"/><G17/><REACH who="3" ten="146,269,384,191" step="2"/><T15/><D39/><U86/><E72/><V100/><F19/><W57/><G57/><T77/><D131/><U65/><E86/><V127/><F75/><W5/><G5/><T66/><D128/><U123/><E123/><V53/><F74/><W37/><G37/><T89/><D45/><U135/><E135/><V9/><F127/><W130/><G130/><T44/><D44/><U47/><E47/><V27/><F0/><W31/><G31/><T108/><D108/><U13/><E13/><V36/><F1/><W41/><G41/><T30/><D15/><U87/><E87/><V59/><F36/><W16/><G16/><T85/><D30/><U63/><E63/><V82/><F59/><W95/><G95/><N who="0" m="56431" /><D66/><AGARI ba="0,1" hai="20,22,48,50,51,58,61,66,84,88,94,99,103,107" machi="66" ten="40,2600,0" yaku="1,1,54,1,53,0" doraHai="73" doraHaiUra="134" who="3" fromWho="0" sc="146,-26,269,0,384,0,191,36" /><INIT seed="5,0,0,1,1,52" ten="120,269,384,227" oya="1" hai0="60,5,87,39,22,10,59,73,61,105,130,91,36" hai1="78,99,45,55,9,18,83,110,49,122,103,93,38" hai2="69,129,12,95,68,65,11,0,104,8,106,51,86" hai3="109,14,116,2,97,92,66,107,85,132,79,21,131"/><U48/><E122/><V80/><F129/><W71/><G109/><T108/><D73/><U119/><E119/><V29/><F29/><W102/><G2/><T26/><D130/><U64/><E110/><V57/><F95/><W40/><G40/><T43/><D105/><U124/><E124/><V31/><F31/><W120/><G120/><T24/><D61/><U6/><E64/><V4/><F104/><W135/><G131/><T16/><D26/><U100/><E18/><V47/><F106/><W125/><G125/><T32/><D32/><U111/><E111/><V113/><F113/><W70/><G116/><T46/><D108/><U25/><E25/><V75/><F75/><W13/><G66/><T94/><D46/><U115/><E115/><V1/><F1/><W121/><G121/><T19/><D19/><U63/><E38/><V123/><F123/><W112/><G112/><T96/><D87/><N who="1" m="48631" /><E63/><N who="2" m="38127" /><F0/><W53/><G71/><T126/><D43/><N who="1" m="24639" /><E9/><N who="2" m="4135" /><F69/><W17/><G70/><T101/><D101/><N who="1" m="60655" /><E6/><V27/><F68/><W128/><G128/><T114/><D114/><U23/><E23/><V90/><F27/><W37/><G107/><T72/><D72/><U34/><E34/><V44/><F44/><AGARI ba="0,0" hai="44,49,55,100,103" m="60655,24639,48631" machi="44" ten="30,1500,0" yaku="8,1" doraHai="52" who="1" fromWho="2" sc="120,0,269,15,384,-15,227,0" /><INIT seed="5,1,0,3,2,87" ten="120,284,369,227" oya="1" hai0="128,67,119,24,54,90,88,129,51,127,55,91,102" hai1="105,94,58,37,76,130,93,101,68,19,132,33,72" hai2="16,69,56,2,6,60,34,39,14,70,41,114,23" hai3="64,109,44,79,92,22,99,62,18,61,38,104,121"/><U108/><E68/><V40/><F34/><W48/><G121/><T110/><D110/><U32/><E37/><V53/><F114/><W112/><G112/><T82/><D119/><U107/><E76/><V1/><F1/><W42/><G104/><T81/><D127/><U10/><E72/><V134/><F134/><W52/><G79/><T4/><D67/><U21/><E10/><V50/><F2/><W66/><G109/><T84/><D102/><U80/><E80/><N who="0" m="30825" /><D84/><U77/><E77/><V8/><F39/><W63/><G38/><T13/><D24/><U73/><E73/><V35/><F35/><W20/><G42/><N who="2" m="16489" /><F70/><W96/><G96/><T95/><D95/><U89/><E108/><V133/><F69/><W11/><G11/><N who="0" m="4327" /><D51/><U131/><E132/><V46/><F133/><W47/><G22/><T12/><D12/><N who="1" m="9447" /><E94/><V123/><F123/><W83/><G83/><T15/><D15/><U98/><E32/><V86/><F86/><W135/><G135/><T9/><D9/><U78/><E78/><V75/><F75/><W25/><G66/><T57/><D57/><U45/><E33/><V116/><F116/><W3/><G3/><T65/><D65/><U120/><E58/><V122/><F122/><W103/><G64/><T7/><D7/><U29/><E120/><V36/><F36/><W26/><G26/><T100/><D100/><U59/><E107/><V97/><F56/><AGARI ba="1,0" hai="18,20,25,44,47,48,52,56,61,62,63,92,99,103" machi="56" ten="40,2600,0" yaku="8,1,54,1" doraHai="87" who="3" fromWho="2" sc="120,0,284,0,369,-29,227,29" /><INIT seed="6,0,0,2,3,127" ten="120,284,340,256" oya="2" hai0="114,113,57,0,59,129,35,78,97,1,70,8,23" hai1="71,11,47,2,84,83,112,116,80,125,115,79,20" hai2="91,89,102,25,117,103,40,96,6,37,106,122,58" hai3="48,9,108,82,51,104,72,42,93,36,118,69,98"/><V88/><F6/><W99/><G118/><T64/><D35/><U90/><E71/><V32/><F117/><W7/><G69/><T30/><D70/><U62/><E116/><V14/><F122/><W66/><G66/><T81/><D97/><U43/><E62/><V10/><F103/><W76/><G104/><T119/><D119/><U17/><E125/><V22/><F32/><W121/><G108/><T85/><D8/><U56/><E56/><V128/><F128/><W55/><G55/><T63/><D59/><U131/><E131/><V31/><F58/><W38/><G99/><T109/><D109/><U100/><E100/><V24/><F24/><W19/><G19/><T16/><D30/><U21/><E2/><V126/><F126/><W5/><G5/><T86/><D86/><U61/><E61/><V4/><F40/><W50/><G42/><T54/><D64/><U49/><E11/><V130/><F130/><W92/><G92/><T13/><REACH who="0" step="1"/><D129/><REACH who="0" ten="110,284,340,256" step="2"/><U60/><E21/><V94/><F106/><W3/><REACH who="3" step="1"/><G121/><REACH who="3" ten="110,284,340,246" step="2"/><T34/><D34/><U41/><E17/><V12/><F10/><W77/><G77/><T105/><D105/><U18/><E18/><V45/><F4/><W110/><G110/><T135/><D135/><U74/><E20/><V132/><F132/><W67/><G67/><T33/><D33/><U65/><E65/><V101/><F101/><AGARI ba="0,2" hai="3,7,9,36,38,48,50,51,72,76,82,93,98,101" machi="101" ten="40,8000,1" yaku="1,1,53,3" doraHai="127" doraHaiUra="44" who="3" fromWho="2" sc="110,0,284,0,340,-80,246,100" /><INIT seed="7,0,0,4,2,89" ten="110,284,260,346" oya="3" hai0="8,13,11,56,16,116,44,38,12,27,67,96,19" hai1="48,74,7,1,3,40,77,81,26,53,88,97,37" hai2="120,124,30,72,15,55,61,57,20,47,102,58,131" hai3="5,79,117,63,42,132,49,71,94,60,46,128,18"/><W2/><G94/><T21/><D38/><U135/><E135/><V115/><F72/><W39/><G18/><T104/><D104/><U107/><E7/><V85/><F115/><W122/><G46/><T82/><D116/><U68/><E68/><V51/><F124/><W43/><G49/><T86/><D44/><U112/><E112/><V83/><F131/><W29/><G60/><T91/><D96/><U41/><E37/><V123/><F102/><W66/><G79/><T76/><D67/><U45/><E26/><V9/><F20/><W98/><G63/><T0/><D0/><U90/><E90/><N who="2" m="51519" /><F30/><W111/><G29/><T31/><D56/><U113/><E113/><V130/><F130/><W84/><G71/><T54/><D76/><U125/><E125/><V35/><F35/><W36/><G39/><T6/><D6/><U78/><E78/><V33/><F33/><W114/><G5/><T73/><D73/><U118/><E118/><V25/><F25/><W93/><G2/><T106/><REACH who="0" step="1"/><D106/><REACH who="0" ten="100,284,260,346" step="2"/><U14/><E1/><V64/><F58/><W32/><G36/><T133/><D133/><U127/><E3/><V23/><F123/><W50/><G122/><T70/><D70/><U100/><E127/><V24/><F120/><W22/><G132/><T10/><D10/><U65/><E74/><V59/><F59/><W126/><G126/><T134/><D134/><U103/><E107/><V28/><F9/><W95/><G114/><T101/><D101/><U87/><E65/><V17/><F64/><W75/><G66/><T105/><D105/><U92/><E100/><RYUUKYOKU ba="0,1" sc="100,30,284,-10,260,-10,346,-10" hai0="8,11,12,13,16,19,21,27,31,54,82,86,91" owari="130,-37.0,274,7.4,250,-15.0,346,44.6" /></mjloggm>