<mjloggm ver="2.3"><GO type="169" lobby="0"/><UN n0="%E3%83%97%E3%83%AC%E3%82%B9%E3%83%97" n1="%E7%91%9E%E5%8E%9F%E3%83%B4%E3%82%A1%E3%82%AE%E3%83%8A" n2="%48%61%6C%66%73" n3="%E4%B9%9D%E7%B4%8B%E9%BE%8D%E5%8F%B2%E9%80%B2" dan="16,16,17,19" rate="2198.13,2063.02,2151.74,2304.37" sx="M,M,M,M"/><TAIKYOKU oya="0"/><INIT seed="0,0,0,1,5,50" ten="250,250,250,250" oya="0" hai0="6,25,56,10,0,8,89,53,73,72,132,66,34" hai1="31,21,45,19,135,77,111,1,102,101,23,36,18" hai2="52,17,63,86,105,80,121,60,37,30,3,118,106" hai3="40,120,93,122,42,35,62,94,55,110,20,41,27"/><T115/><D115/><U107/><E1/><V24/><F121/><N who="3" m="46699" /><G35/><T99/><D132/><U76/><E135/><V43/><F3/><W81/><G81/><T114/><D114/><U38/><E45/><V112/><F37/><W70/><G110/><T108/><D108/><U104/><REACH who="1" step="1"/><E31/><REACH who="1" ten="250,240,250,250" step="2"/><V123/><F123/><W92/><G70/><T116/><D116/><U16/><E16/><V91/><F17/><N who="3" m="12687" /><G41/><T87/><D10/><U127/><E127/><V68/><F43/><W47/><G47/><T5/><D5/><U109/><AGARI ba="0,1" hai="18,19,21,23,36,38,76,77,101,102,104,107,109,111" machi="109" ten="25,6400,0" yaku="1,1,0,1,22,2,53,0" doraHai="50" doraHaiUra="90" who="1" fromWho="1" sc="250,-32,240,74,250,-16,250,-16" /><INIT seed="1,0,0,1,4,45" ten="218,314,234,234" oya="1" hai0="32,122,67,1,133,39,107,43,27,79,55,54,31" hai1="18,90,20,119,97,105,6,115,26,13,112,92,50" hai2="124,113,68,35,116,114,62,118,38,69,127,82,8" hai3="75,104,126,46,93,74,129,23,96,37,22,58,59"/><U73/><E119/><N who="2" m="45611" /><F8/><W28/><G104/><T102/><D133/><U89/><E73/><V77/><F35/><W40/><G126/><N who="2" m="48169" /><F38/><W3/><G3/><T109/><D109/><U0/><E0/><V47/><F47/><W10/><G10/><T61/><D122/><U85/><E105/><V19/><F19/><W29/><G129/><T65/><D1/><U94/><E6/><V42/><F42/><W111/><G111/><T49/><D79/><U80/><E80/><V36/><F36/><W56/><G23/><T63/><D39/><U108/><E108/><V66/><F69/><W123/><G123/><T131/><D131/><U53/><REACH who="1" step="1"/><E26/><REACH who="1" ten="218,304,234,234" step="2"/><V60/><F60/><W14/><G75/><AGARI ba="0,1" hai="62,66,68,75,77,82,113,114" m="48169,45611" machi="75" ten="30,2000,0" yaku="18,1,23,1" doraHai="45" who="2" fromWho="3" sc="218,0,304,0,234,30,234,-20" /><INIT seed="2,0,0,2,1,134" ten="218,304,264,214" oya="2" hai0="47,125,23,84,72,58,34,101,99,63,44,33,78" hai1="7,15,30,65,123,86,66,106,50,127,94,35,21" hai2="111,85,8,70,117,135,56,121,22,87,79,124,73" hai3="107,97,36,122,80,26,61,77,81,89,6,113,92"/><V41/><F70/><W131/><G122/><T126/><D72/><U76/><E106/><V38/><F117/><W91/><G36/><T11/><D11/><U109/><E35/><V55/><F135/><W83/><G6/><T59/><D23/><U115/><E115/><V128/><F128/><W14/><G14/><T4/><D4/><U75/><E75/><V25/><F111/><W18/><G131/><T48/><D84/><U42/><E109/><V28/><F8/><W27/><G107/><T110/><D78/><U129/><E129/><V133/><F121/><W62/><G77/><T53/><D110/><U0/><E0/><V90/><F90/><N who="3" m="34315" /><G18/><T60/><D48/><U108/><E94/><V13/><F133/><W3/><G3/><T118/><D118/><U67/><E108/><V116/><F13/><W37/><G37/><T119/><D119/><U39/><E39/><V40/><F38/><W71/><G71/><T32/><D47/><N who="1" m="25975" /><E123/><V16/><F116/><W64/><G64/><T132/><D44/><U51/><E30/><V98/><F28/><W24/><G113/><T103/><D132/><U104/><E104/><V68/><F68/><W49/><G49/><T17/><D17/><N who="1" m="10431" /><E51/><V31/><F31/><W88/><AGARI ba="0,0" hai="24,26,27,61,62,80,81,83,88,92,97" m="34315" machi="88" ten="40,2700,0" yaku="8,1,54,1" doraHai="134" who="3" fromWho="3" sc="218,-7,304,-7,264,-13,214,27" /><INIT seed="3,0,0,1,5,57" ten="211,297,251,241" oya="3" hai0="119,66,109,49,14,121,102,130,97,29,44,52,22" hai1="70,116,54,9,27,65,46,20,10,7,53,50,96" hai2="126,25,114,38,43,5,15,80,61,99,93,13,128" hai3="83,64,26,81,45,63,104,95,19,84,67,100,117"/><W107/><G117/><T11/><D119/><U90/><E116/><V3/><F114/><W129/><G129/><T105/><D121/><U41/><E10/><V131/><F126/><W85/><G45/><T68/><D130/><U8/><E8/><V56/><F3/><W98/><G67/><T88/><D109/><U91/><E70/><V58/><F80/><W0/><G0/><T124/><D124/><U108/><E65/><V47/><F25/><W112/><G112/><T135/><D135/><U73/><E73/><V71/><F58/><W60/><G64/><T62/><D29/><U51/><E96/><V120/><F71/><W134/><G134/><T111/><D22/><U110/><E41/><V39/><F39/><W18/><G26/><T2/><D111/><N who="1" m="42539" /><E51/><V118/><F120/><W78/><G107/><T40/><D2/><N who="1" m="247" /><E54/><V35/><F5/><W115/><G104/><T72/><D72/><U79/><E79/><V37/><F37/><W106/><G106/><T74/><D74/><U94/><E94/><V4/><F4/><W101/><G115/><T23/><D23/><U30/><AGARI ba="0,0" hai="20,27,30,46,50,53,90,91" m="247,42539" machi="30" ten="30,1100,0" yaku="14,1" doraHai="57" who="1" fromWho="1" sc="211,-3,297,11,251,-3,241,-5" /><INIT seed="4,0,0,3,3,27" ten="208,308,248,236" oya="0" hai0="62,93,38,79,12,44,32,98,90,87,20,131,58" hai1="100,73,5,7,15,4,65,109,89,112,127,71,74" hai2="83,67,111,21,95,9,30,81,130,56,55,43,86" hai3="14,91,37,31,126,17,68,39,40,110,72,28,88"/><T128/><D32/><U0/><E109/><V34/><F34/><W105/><G110/><T48/><D38/><U107/><E0/><V54/><F130/><W64/><G72/><T11/><D20/><U120/><E120/><V80/><F43/><W115/><G105/><T59/><D79/><U45/><E71/><V96/><F9/><W78/><G78/><T10/><D10/><U46/><E65/><V106/><F106/><W114/><G126/><T22/><D22/><U122/><E122/><V18/><F86/><W75/><G75/><T3/><D3/><U104/><E127/><V36/><F36/><N who="3" m="13899" /><G40/><T42/><D98/><U13/><E7/><V60/><F111/><W29/><G64/><T125/><D125/><U113/><E89/><N who="2" m="55407" /><F30/><W57/><G57/><T69/><D69/><U19/><E19/><V26/><AGARI ba="0,0" hai="18,21,26,54,55,56,60,67,80,81,83" m="55407" machi="26" ten="30,1100,0" yaku="8,1" doraHai="27" who="2" fromWho="2" sc="208,-5,308,-3,248,11,236,-3" /><INIT seed="5,0,0,3,5,28" ten="203,305,259,233" oya="1" hai0="112,23,76,88,117,100,98,74,45,27,77,99,62" hai1="22,93,13,91,95,107,116,15,58,65,126,17,44" hai2="31,67,2,80,92,0,90,109,59,104,119,132,47" hai3="113,16,5,14,81,32,38,121,97,110,55,25,83"/><U82/><E116/><V96/><F109/><W19/><G110/><T61/><D117/><U1/><E107/><V105/><F132/><W102/><G121/><T123/><D123/><U71/><E1/><V84/><F105/><W120/><G120/><T66/><D112/><U101/><E71/><V20/><F47/><W50/><G38/><T79/><D45/><U128/><E128/><V103/><F119/><W30/><G5/><T7/><D7/><U106/><E106/><V78/><F20/><W68/><G68/><T130/><D130/><U54/><E126/><V111/><F31/><W39/><G39/><T37/><D37/><U108/><E65/><V49/><F111/><W134/><G113/><T18/><D100/><U118/><E44/><V70/><F70/><W35/><G35/><T26/><D99/><N who="1" m="59631" /><E82/><V122/><F122/><W11/><G19/><T124/><D124/><U87/><E118/><V33/><F33/><W10/><G10/><T64/><D74/><U133/><E133/><V9/><F9/><W43/><G43/><T56/><D27/><N who="1" m="14799" /><E108/><V46/><F59/><W114/><G114/><T53/><D62/><AGARI ba="0,0" hai="13,15,54,58,62,87,91,95" m="14799,59631" machi="62" ten="30,1500,0" yaku="8,1" doraHai="28" who="1" fromWho="0" sc="203,-15,305,15,259,0,233,0" /><INIT seed="5,1,0,5,4,47" ten="188,320,259,233" oya="1" hai0="35,94,113,55,122,135,114,71,97,49,36,95,8" hai1="44,58,12,87,42,60,92,15,23,119,107,131,46" hai2="7,99,105,57,93,106,130,54,66,102,10,80,126" hai3="34,129,76,79,83,0,117,134,17,1,118,90,70"/><U4/><E107/><V28/><F126/><W20/><G34/><T40/><D35/><U25/><E131/><V110/><F110/><W33/><G33/><T50/><D71/><U48/><E119/><N who="3" m="45578" /><G70/><T109/><D109/><U88/><E46/><V21/><F130/><W64/><G64/><T91/><D135/><U67/><E4/><V127/><F66/><W53/><G134/><T51/><D122/><U62/><E62/><V31/><F127/><W81/><G90/><N who="0" m="55511" /><D36/><U59/><E59/><V56/><F56/><W18/><G53/><T128/><D40/><U125/><E125/><V72/><F54/><W123/><G123/><T13/><D128/><U37/><E37/><V121/><F121/><W69/><G69/><T73/><D73/><U116/><E116/><V26/><F72/><N who="3" m="43143" /><G129/><T68/><D68/><U19/><AGARI ba="1,0" hai="12,15,19,23,25,42,44,48,58,60,67,87,88,92" machi="19" ten="20,12000,1" yaku="0,1,7,1,8,1,52,1,54,1" doraHai="47" who="1" fromWho="1" sc="188,-41,320,123,259,-41,233,-41" /><INIT seed="5,2,0,5,5,1" ten="147,443,218,192" oya="1" hai0="62,38,105,66,126,19,92,121,35,23,44,18,73" hai1="93,42,94,41,39,30,5,110,91,7,104,74,2" hai2="12,57,27,16,129,118,65,72,58,10,88,84,117" hai3="24,53,46,83,107,82,96,55,29,36,103,52,69"/><U28/><E104/><V34/><F72/><W78/><G69/><T51/><D105/><U25/><E74/><V81/><F129/><W49/><G36/><T111/><D111/><U76/><E2/><V64/><F34/><W8/><G8/><T98/><D35/><U54/><E39/><V67/><REACH who="2" step="1"/><F27/><REACH who="2" ten="147,443,208,192" step="2"/><W132/><G132/><T87/><D121/><U32/><E25/><V0/><F0/><W80/><REACH who="3" step="1"/><G78/><REACH who="3" ten="147,443,208,182" step="2"/><T114/><D126/><U61/><E76/><V134/><F134/><W70/><G70/><T79/><D79/><U97/><E110/><V89/><F89/><W135/><G135/><T21/><D114/><U109/><E91/><V48/><F48/><W60/><G60/><T77/><D51/><U95/><E61/><V71/><F71/><W37/><G37/><T116/><D38/><U9/><E109/><V101/><F101/><W106/><G106/><T11/><D62/><U123/><E123/><V4/><F4/><W14/><G14/><T33/><D77/><U45/><E7/><V120/><F120/><W50/><G50/><T47/><D73/><U15/><E5/><V17/><F17/><W131/><G131/><T112/><D19/><U63/><E15/><V108/><F108/><W127/><G127/><T128/><D18/><U20/><E63/><V43/><F43/><W115/><G115/><T6/><D112/><U26/><E42/><V40/><F40/><W100/><G100/><T13/><D128/><U22/><E41/><V59/><AGARI ba="2,2" hai="10,12,16,57,58,59,64,65,67,81,84,88,117,118" machi="59" ten="30,7900,0" yaku="1,1,0,1,54,2,53,0" doraHai="1" doraHaiUra="75" who="2" fromWho="2" sc="147,-22,443,-41,208,105,182,-22" /><INIT seed="6,0,0,2,4,114" ten="125,402,313,160" oya="2" hai0="88,33,87,125,13,85,52,35,12,46,112,18,32" hai1="30,126,16,43,66,49,79,94,40,3,80,38,92" hai2="102,67,47,135,2,29,0,22,62,37,75,11,48" hai3="95,91,81,107,120,57,90,109,41,84,131,36,130"/><V7/><F135/><W113/><G36/><T4/><D112/><U58/><E38/><V15/><F75/><W115/><G41/><T96/><D125/><U104/><E104/><V28/><F102/><W132/><G109/><T73/><D73/><U103/><E3/><V124/><F124/><W93/><G57/><T133/><D133/><U17/><E30/><V34/><F37/><W14/><G14/><T72/><D72/><U86/><E126/><V53/><F34/><W23/><G23/><T55/><D4/><U25/><E25/><V42/><F42/><N who="1" m="15913" /><E92/><V20/><F20/><W69/><G69/><T21/><D13/><U8/><E8/><V118/><F118/><W89/><G107/><T50/><REACH who="0" step="1"/><D55/><REACH who="0" ten="115,402,313,160" step="2"/><N who="1" m="32111" /><E66/><V117/><F0/><W121/><G132/><T108/><D108/><U44/><E44/><V51/><F2/><W129/><G115/><T54/><D54/><U78/><E78/><V1/><F1/><W59/><G113/><T98/><D98/><AGARI ba="0,1" hai="16,17,79,80,86,94,98,103" m="32111,15913" machi="98" ten="30,2000,0" yaku="8,1,54,1" doraHai="114" who="1" fromWho="0" sc="115,-20,402,30,313,0,160,0" /><INIT seed="7,0,0,3,0,106" ten="95,432,313,160" oya="3" hai0="86,98,26,20,76,37,1,121,82,111,99,85,28" hai1="131,122,11,63,55,45,70,54,52,89,29,22,120" hai2="79,16,39,125,32,12,61,24,8,95,15,60,83" hai3="118,77,58,124,115,33,38,78,56,30,31,5,47"/><W134/><G5/><T19/><D37/><U101/><E11/><V49/><F39/><W116/><G38/><T13/><D111/><U75/><E22/><V71/><F125/><W74/><G33/><T25/><D121/><U117/><E29/><V2/><F2/><W94/><G94/><T53/><D26/><U97/><E89/><V128/><F128/><W62/><G62/><T43/><D43/><U44/><E75/><V87/><F71/><W102/><G102/><T17/><D1/><U57/><E97/><V46/><F24/><W113/><G134/><T3/><D3/><U69/><E101/><V104/><F104/><W7/><G7/><T41/><D41/><U42/><E131/><V129/><F129/><W18/><G18/><T67/><D67/><N who="1" m="39407" /><E117/><V21/><F32/><W23/><G23/><T80/><D53/><U92/><E92/><V65/><F65/><W6/><G6/><T96/><REACH who="0" step="1"/><D13/><REACH who="0" ten="85,432,313,160" step="2"/><U68/><E45/><V119/><F119/><W10/><G47/><T66/><D66/><U112/><E112/><V107/><F107/><W126/><G10/><T4/><D4/><U64/><E64/><V40/><F12/><W48/><G48/><AGARI ba="0,1" hai="42,44,48,52,54,55,68,69,70,120,122" m="39407" machi="48" ten="40,5200,0" yaku="34,2,54,1" doraHai="106" who="1" fromWho="3" sc="85,0,432,62,313,0,160,-52" owari="85,-41.5,494,59.4,313,11.3,108,-29.2" /></mjloggm>