<mjloggm ver="2.3"><GO type="169" lobby="0"/><UN n0="%73%65%69%67%65%6E" n1="%E3%81%95%E3%81%8F%E3%82%89%E3%81%88%E3%81%B3" n2="%E3%83%A9%E3%83%B3%E3%82%B9%E3%83%AD%E3%83%83%E3%83%88" n3="%E8%8B%B1%E5%9B%BD%E5%A3%B2%E5%8D%B4" dan="17,16,17,17" rate="2210.57,2123.17,2088.64,2227.88" sx="M,M,M,M"/><TAIKYOKU oya="0"/><INIT seed="0,0,0,1,4,113" ten="250,250,250,250" oya="0" hai0="91,71,63,45,51,83,99,106,27,93,74,87,116" hai1="64,101,61,65,110,34,39,29,25,68,121,108,5" hai2="28,0,80,126,1,81,131,88,117,55,26,76,56" hai3="19,69,86,118,23,115,40,134,32,92,50,9,11"/><T12/><D116/><U60/><E121/><V30/><F131/><W35/><G115/><T66/><D27/><U133/><E133/><V70/><F70/><W96/><G69/><T125/><D125/><U120/><E120/><V15/><F126/><W58/><G134/><T77/><D12/><U4/><E39/><V122/><F122/><W42/><G32/><T14/><D14/><U119/><E119/><V104/><F104/><W89/><G35/><T52/><REACH who="0" step="1"/><D106/><REACH who="0" ten="240,250,250,250" step="2"/><U107/><E108/><V2/><F117/><W78/><G118/><T8/><D8/><U6/><E110/><V124/><F15/><W127/><G127/><T102/><D102/><U48/><E101/><V33/><F124/><W82/><G11/><T41/><D41/><U103/><E103/><V79/><F26/><N who="3" m="14719" /><G9/><T3/><D3/><U24/><E107/><V128/><F1/><W135/><G135/><T100/><D100/><U18/><E25/><V73/><F0/><W130/><G130/><T53/><D53/><AGARI ba="0,1" hai="40,42,50,53,58,78,82,86,89,92,96" m="14719" machi="53" ten="30,1000,0" yaku="8,1" doraHai="113" who="3" fromWho="0" sc="240,-10,250,0,250,0,250,20" /><INIT seed="1,0,0,1,0,123" ten="230,250,250,270" oya="1" hai0="53,65,57,30,105,17,10,96,56,39,94,82,111" hai1="24,45,74,78,32,3,124,23,44,58,120,48,135" hai2="72,81,85,59,18,80,104,19,37,86,60,108,43" hai3="131,21,88,51,134,92,61,129,117,7,22,115,107"/><U75/><E120/><V67/><F72/><W55/><G115/><T29/><D39/><U33/><E3/><V69/><F104/><W99/><G134/><T79/><D105/><U36/><E135/><V87/><F37/><W47/><G117/><T122/><D122/><U98/><E124/><V38/><F38/><W49/><G107/><T15/><D57/><U93/><E58/><V109/><F43/><W46/><G61/><T112/><D65/><U132/><E132/><V28/><F28/><W73/><G73/><T68/><D68/><U5/><E5/><V102/><F102/><W31/><G7/><T8/><D10/><U133/><E45/><V84/><F69/><W42/><REACH who="3" step="1"/><G31/><REACH who="3" ten="230,250,250,260" step="2"/><T50/><D112/><U35/><E133/><V20/><F18/><W97/><G97/><T114/><D114/><U1/><E75/><V118/><F118/><W2/><G2/><T70/><D70/><U4/><E4/><V12/><REACH who="2" step="1"/><F80/><REACH who="2" ten="230,250,240,260" step="2"/><W13/><G13/><T77/><D82/><U14/><E14/><V127/><F127/><W106/><G106/><T110/><D30/><U6/><E1/><V83/><F83/><W40/><G40/><T119/><D29/><U89/><E6/><V121/><F121/><W126/><G126/><T62/><D119/><U26/><E74/><V113/><F113/><W66/><G66/><T0/><D0/><U52/><E93/><V11/><F11/><W103/><G103/><N who="0" m="60823" /><D62/><U41/><E41/><V27/><F27/><W90/><G90/><AGARI ba="0,2" hai="12,19,20,59,60,67,81,84,85,86,87,90,108,109" machi="90" ten="40,8000,1" yaku="1,1,52,2,53,1" doraHai="123" doraHaiUra="76" who="2" fromWho="3" sc="230,0,250,0,240,100,260,-80" /><INIT seed="2,0,0,2,1,80" ten="230,250,340,180" oya="2" hai0="99,20,105,64,11,3,40,74,131,68,82,60,27" hai1="133,16,109,91,63,96,130,101,127,95,2,6,45" hai2="49,107,29,100,121,69,124,15,55,132,88,78,104" hai3="51,120,94,126,84,110,93,117,39,46,125,75,90"/><V41/><F121/><W76/><G117/><T79/><D131/><U18/><E109/><V116/><F116/><W59/><G120/><T37/><D105/><U38/><E130/><V70/><F132/><W34/><G34/><T12/><D99/><U50/><E133/><V106/><F100/><W19/><G110/><T8/><D3/><U83/><E38/><V35/><F41/><W52/><G94/><T31/><D37/><U81/><E127/><N who="3" m="48650" /><G19/><N who="1" m="7210" /><E6/><V66/><F78/><W72/><G76/><T56/><D40/><AGARI ba="0,0" hai="39,40,46,51,52,59,72,75,84,90,93" m="48650" machi="40" ten="30,3900,0" yaku="18,1,52,1,54,1" doraHai="80" who="3" fromWho="0" sc="230,-39,250,0,340,0,180,39" /><INIT seed="3,0,0,3,2,32" ten="191,250,340,219" oya="3" hai0="63,14,64,3,20,105,4,94,41,112,33,85,87" hai1="125,93,106,15,95,25,80,57,76,79,26,43,97" hai2="1,128,52,100,42,21,60,118,88,24,82,58,133" hai3="108,86,131,19,5,89,75,30,27,116,83,34,130"/><W53/><G116/><T46/><D105/><U101/><E125/><V114/><F114/><W107/><G107/><T61/><D112/><U117/><E117/><V44/><F118/><W102/><G102/><T11/><D33/><U103/><E43/><V66/><F128/><N who="3" m="49195" /><G19/><T84/><D20/><U81/><E57/><V92/><F133/><W123/><G123/><T134/><D134/><U39/><E39/><V119/><F119/><W126/><G126/><T68/><D63/><U135/><E135/><V9/><F82/><N who="1" m="31849" /><E15/><V78/><F78/><N who="1" m="29737" /><E26/><V132/><F132/><W110/><G5/><T113/><D113/><U51/><E51/><V91/><F66/><W37/><G37/><T69/><D69/><U28/><E25/><V104/><F104/><W16/><G75/><T72/><D72/><U49/><E49/><V18/><F100/><N who="1" m="38473" /><E28/><V22/><F22/><W50/><G16/><T2/><D46/><AGARI ba="0,0" hai="27,30,34,46,50,53,83,86,89,108,110" m="49195" machi="46" ten="30,1500,0" yaku="19,1" doraHai="32" who="3" fromWho="0" sc="191,-15,250,0,340,0,219,15" /><INIT seed="3,1,0,0,3,116" ten="176,250,340,234" oya="3" hai0="34,71,72,19,21,20,100,56,128,74,11,4,61" hai1="5,130,86,91,113,46,75,27,45,0,112,79,132" hai2="84,121,115,54,90,15,10,37,48,2,42,28,127" hai3="99,64,66,55,135,98,92,114,16,9,12,59,38"/><W111/><G114/><T119/><D34/><U25/><E75/><V40/><F115/><W96/><G38/><T126/><D119/><U106/><E79/><V29/><F127/><W123/><G123/><T33/><D33/><U52/><E106/><V87/><F2/><W124/><G135/><T129/><D71/><U68/><E68/><V57/><F84/><W26/><G124/><T35/><D35/><U134/><E0/><V104/><F104/><W1/><G1/><T89/><D100/><U3/><E3/><V23/><F121/><W44/><G111/><T14/><D126/><U88/><E86/><V8/><F8/><W85/><G44/><T67/><D21/><U125/><E125/><V24/><F29/><W32/><G26/><N who="0" m="14623" /><D89/><U70/><E70/><V93/><REACH who="2" step="1"/><F37/><REACH who="2" ten="176,250,330,234" step="2"/><W7/><G32/><T95/><D95/><U122/><E122/><V13/><F13/><W69/><G69/><T94/><D94/><U120/><E120/><V47/><F47/><W83/><G92/><T81/><D81/><U63/><E112/><V31/><F31/><W30/><G30/><T102/><D102/><U131/><E113/><V108/><F108/><W101/><G101/><T80/><D80/><U22/><E46/><V105/><F105/><W110/><G110/><T43/><D43/><U6/><E45/><V73/><F73/><W36/><G36/><T78/><D74/><U107/><E107/><V53/><F53/><W97/><N who="3" m="24576" /><DORA hai="62" /><W76/><REACH who="3" step="1"/><G7/><AGARI ba="1,1" hai="7,10,15,23,24,28,40,42,48,54,57,87,90,93" machi="7" ten="30,3900,0" yaku="1,1,7,1,8,1,53,0" doraHai="116,62" doraHaiUra="103,118" who="2" fromWho="3" sc="176,0,250,0,330,52,234,-42" /><INIT seed="4,0,0,4,2,99" ten="176,250,382,192" oya="0" hai0="85,96,86,100,92,80,34,102,16,72,25,120,5" hai1="101,40,131,97,51,76,128,123,68,0,52,62,44" hai2="125,39,135,90,82,32,84,57,111,41,83,107,55" hai3="87,79,121,48,113,24,124,28,29,50,110,36,54"/><T134/><D120/><U78/><E0/><V58/><F111/><W13/><G110/><T20/><D134/><U4/><E4/><V22/><F32/><W98/><G36/><T12/><D72/><U115/><E115/><V10/><F135/><W56/><G113/><T9/><D34/><U103/><E123/><V71/><F71/><W112/><G112/><T70/><D70/><U118/><E118/><V127/><F107/><W65/><G124/><T73/><REACH who="0" step="1"/><D102/><REACH who="0" ten="166,250,382,192" step="2"/><N who="1" m="38923" /><E68/><V74/><F74/><W46/><G121/><T47/><D47/><U26/><E128/><V133/><F133/><W117/><G117/><T108/><D108/><U33/><E131/><V95/><F125/><W66/><G46/><T30/><D30/><U89/><E33/><V130/><F130/><W109/><G28/><T14/><D14/><U18/><E26/><V63/><F127/><W11/><G24/><T77/><AGARI ba="0,1" hai="5,9,12,16,20,25,73,77,80,85,86,92,96,100" machi="77" ten="30,11700,0" yaku="1,1,0,1,52,1,54,1,53,0" doraHai="99" doraHaiUra="35" who="0" fromWho="0" sc="166,127,250,-39,382,-39,192,-39" /><INIT seed="4,1,0,1,0,98" ten="293,211,343,153" oya="0" hai0="81,73,75,103,47,1,0,86,37,12,130,68,38" hai1="4,132,55,48,119,134,74,51,41,85,57,34,82" hai2="95,17,91,90,71,32,33,3,76,53,19,39,26" hai3="46,115,15,92,77,66,54,128,10,18,124,110,97"/><T27/><D68/><U35/><E74/><V30/><F3/><W88/><G110/><T99/><D130/><U72/><E72/><V104/><F104/><W31/><G128/><T100/><D75/><U9/><E119/><V20/><F76/><W123/><G123/><T117/><D73/><U122/><E122/><V44/><F71/><W106/><G124/><T50/><D117/><U83/><E83/><V127/><F127/><W59/><G115/><T120/><D120/><U63/><E51/><V22/><F30/><W131/><G131/><T107/><D103/><U13/><E35/><V24/><F90/><W61/><G106/><T23/><D12/><U111/><E34/><V80/><F80/><W62/><G31/><T69/><D69/><U28/><E28/><V96/><REACH who="2" step="1"/><F53/><REACH who="2" ten="293,211,333,153" step="2"/><W49/><G62/><T8/><D0/><U43/><E111/><V45/><F45/><W7/><REACH who="3" step="1"/><G77/><REACH who="3" ten="293,211,333,143" step="2"/><T112/><D107/><U113/><E113/><V121/><F121/><W135/><G135/><N who="1" m="51754" /><E63/><V105/><F105/><W79/><G79/><AGARI ba="1,2" hai="4,9,13,41,43,48,55,57,79,82,85" m="51754" machi="79" ten="30,1000,0" yaku="20,1" doraHai="98" who="1" fromWho="3" sc="293,0,211,33,333,0,143,-13" /><INIT seed="5,0,0,2,3,59" ten="293,244,333,130" oya="1" hai0="132,113,118,103,73,4,67,119,23,53,16,31,114" hai1="84,105,121,110,76,133,130,125,126,42,40,69,81" hai2="15,62,112,87,49,33,27,86,26,34,51,134,90" hai3="2,95,135,52,85,37,61,80,8,1,70,71,101"/><U82/><E121/><V58/><F134/><W108/><G108/><T10/><D73/><U48/><E133/><V117/><F117/><N who="0" m="44554" /><D53/><U111/><E105/><V104/><F104/><W39/><G135/><T30/><D67/><U123/><E123/><V116/><F116/><W106/><G106/><T129/><D103/><U54/><E69/><V14/><F58/><W77/><G71/><T92/><D92/><U56/><E82/><V18/><F18/><W97/><G8/><T89/><D89/><U98/><E98/><V74/><F90/><W78/><G78/><T88/><D88/><U124/><REACH who="1" step="1"/><E130/><REACH who="1" ten="293,234,333,130" step="2"/><V13/><F112/><N who="0" m="43114" /><D129/><U99/><E99/><V38/><F74/><W96/><G96/><T63/><D132/><U12/><E12/><V102/><F14/><W65/><G2/><N who="0" m="279" /><D63/><U5/><E5/><V64/><F62/><W46/><REACH who="3" step="1"/><G1/><REACH who="3" ten="293,234,333,120" step="2"/><T55/><D55/><U57/><E57/><V79/><F64/><W44/><G44/><T20/><D20/><U17/><E17/><V11/><F86/><W91/><G91/><T25/><AGARI ba="0,2" hai="16,23,25,30,31" m="279,43114,44554" machi="25" ten="30,7900,0" yaku="15,1,34,2,54,1" doraHai="59" who="0" fromWho="0" sc="293,99,234,-39,333,-20,120,-20" /><INIT seed="6,0,0,5,4,49" ten="392,195,313,100" oya="2" hai0="117,72,78,87,36,101,43,14,65,45,107,120,99" hai1="88,108,68,125,104,27,18,129,92,20,96,38,124" hai2="121,134,62,3,114,73,56,77,71,86,17,42,111" hai3="100,15,54,81,9,105,82,133,10,131,53,2,130"/><V24/><F121/><W7/><G133/><T60/><D120/><U30/><E108/><V57/><F134/><W29/><G29/><T113/><D113/><U128/><E38/><V40/><F114/><W119/><G119/><T106/><D117/><U41/><E41/><V51/><F71/><W135/><G135/><T35/><D35/><U127/><E68/><V37/><F73/><W50/><G100/><T122/><D122/><U46/><E46/><V67/><F3/><W91/><G105/><T118/><D118/><U48/><E48/><V44/><F111/><W4/><G50/><T93/><D72/><U97/><E30/><V0/><F0/><W32/><G32/><T98/><D98/><U123/><E123/><V79/><F37/><W64/><G64/><T8/><D87/><U1/><E1/><V70/><F40/><W19/><G19/><T16/><D78/><U102/><AGARI ba="0,0" hai="18,20,27,88,92,96,97,102,104,124,125,127,128,129" machi="102" ten="40,5200,0" yaku="0,1,18,1,54,1" doraHai="49" who="1" fromWho="1" sc="392,-13,195,52,313,-26,100,-13" /><INIT seed="7,0,0,2,2,49" ten="379,247,287,87" oya="3" hai0="127,33,73,5,89,48,111,91,20,11,84,37,38" hai1="120,132,39,44,28,67,36,3,35,88,116,128,70" hai2="62,51,69,94,56,110,96,90,104,102,30,114,100" hai3="103,63,40,122,32,82,4,54,83,123,60,113,8"/><W119/><G119/><T131/><D33/><U55/><E3/><V117/><F110/><W24/><G113/><T118/><D73/><U29/><E120/><V77/><F114/><W41/><G103/><T58/><D111/><U101/><E101/><V14/><F117/><W26/><G8/><T42/><D118/><U59/><E116/><V43/><F77/><W134/><G32/><T124/><D91/><U53/><E70/><V81/><F30/><W23/><G23/><T112/><D20/><U47/><E67/><V72/><F72/><W18/><G4/><T34/><D34/><U22/><E35/><V115/><F81/><W71/><G71/><T27/><D27/><U105/><E105/><V129/><F129/><W15/><G15/><T65/><D131/><U126/><E128/><V121/><F121/><W17/><REACH who="3" step="1"/><G134/><REACH who="3" ten="379,247,287,77" step="2"/><T19/><D112/><U2/><E132/><V80/><F14/><W85/><G85/><T10/><D10/><U46/><E22/><V79/><F69/><W66/><G66/><T135/><D65/><U50/><E2/><V16/><F115/><W97/><G97/><T1/><D135/><U99/><E99/><V130/><F130/><W125/><G125/><T0/><D127/><U78/><E126/><V52/><F100/><W21/><G21/><T75/><D124/><U57/><E29/><V87/><F104/><W98/><G98/><T31/><D5/><U12/><E12/><V74/><F102/><W64/><G64/><T7/><D7/><U92/><E28/><V68/><F68/><W76/><G76/><T9/><D9/><RYUUKYOKU ba="0,1" sc="379,-10,247,-10,287,-10,77,30" hai3="17,18,24,26,40,41,54,60,63,82,83,122,123" /><INIT seed="7,1,1,2,5,64" ten="369,237,277,107" oya="3" hai0="74,62,127,23,104,96,7,51,39,3,29,124,42" hai1="0,17,9,67,69,15,72,46,49,14,55,1,38" hai2="77,121,53,32,92,123,71,109,94,57,122,30,130" hai3="91,16,56,37,28,113,25,73,80,134,36,115,88"/><W111/><G134/><T106/><D74/><U90/><E72/><V120/><F109/><W10/><G111/><T87/><D39/><U85/><E38/><N who="3" m="14954" /><G56/><T35/><D35/><U26/><E26/><N who="2" m="18519" /><F130/><W2/><G2/><T50/><D62/><N who="1" m="40183" /><E15/><V33/><F33/><W132/><G132/><T116/><D116/><U70/><E70/><V97/><F77/><N who="3" m="44079" /><G28/><T20/><D29/><U100/><E100/><V59/><F123/><W76/><G76/><T52/><D3/><U31/><E31/><V125/><F59/><W24/><G24/><T68/><D68/><U27/><E27/><V119/><F119/><W19/><G10/><T13/><D13/><U75/><E75/><V12/><F12/><W107/><G107/><T117/><D106/><U81/><AGARI ba="1,1" hai="0,1,9,14,17,46,49,55,81,85,90" m="40183" machi="81" ten="30,2000,0" yaku="25,1,52,1" doraHai="64" who="1" fromWho="1" sc="369,-6,237,33,277,-6,107,-11" owari="363,46.3,270,-13.0,271,7.1,96,-40.4" /></mjloggm>