<mjloggm ver="2.3"><GO type="225" lobby="0"/><UN n0="%E6%A1%9C%E8%8A%B1%E9%96%83%E3%80%85" n1="%E3%83%B4%E3%83%A0%EF%BC%99%E3%81%A6" n2="%E6%98%BC%E4%B8%8B%E3%81%8C%E3%82%8A%E3%81%AE%E5%9B%A3%E5%9C%B0%E5%A6%BB" n3="%E8%B5%A4%E3%81%84%E8%9B%99%31%31" dan="16,17,16,16" rate="2223.75,2143.07,2143.15,2055.82" sx="M,M,F,M"/><TAIKYOKU oya="0"/><INIT seed="0,0,0,1,5,7" ten="250,250,250,250" oya="0" hai0="57,90,11,108,103,95,20,51,110,80,119,19,132" hai1="98,96,1,116,91,67,120,63,122,32,87,86,30" hai2="41,114,102,58,64,112,76,12,61,126,125,15,50" hai3="83,135,3,25,79,89,113,40,71,60,62,48,42"/><T78/><D119/><U43/><E116/><V85/><F102/><W68/><G113/><T109/><D132/><U23/><E32/><V6/><F112/><W5/><G89/><T66/><D103/><U65/><E43/><V74/><F74/><W101/><G101/><T13/><D66/><U24/><E1/><V36/><F36/><W124/><G25/><T16/><D57/><U59/><E67/><V97/><F97/><W38/><G124/><N who="2" m="47721" /><F114/><W31/><G31/><T118/><D51/><U8/><E120/><V123/><F123/><W117/><G117/><T129/><D129/><U75/><E75/><V17/><F6/><W56/><G5/><N who="0" m="3311" /><D20/><U77/><E122/><V45/><F17/><W130/><G135/><T29/><D29/><U21/><E21/><V14/><F14/><W134/><G3/><T70/><D70/><U93/><REACH who="1" step="1"/><E8/><REACH who="1" ten="250,240,250,250" step="2"/><V133/><F133/><W46/><G134/><T72/><D118/><U52/><E52/><V4/><F4/><W54/><G42/><T49/><D49/><U69/><E69/><V10/><F10/><W131/><G68/><T111/><D111/><U0/><E0/><V44/><F41/><W53/><G71/><T94/><D94/><U82/><AGARI ba="0,1" hai="23,24,30,59,63,65,77,82,86,87,91,93,96,98" machi="82" ten="30,7900,0" yaku="1,1,0,1,8,1,53,1" doraHai="7" doraHaiUra="55" who="1" fromWho="1" sc="250,-39,240,89,250,-20,250,-20" /><INIT seed="1,0,0,3,4,50" ten="211,329,230,230" oya="1" hai0="2,109,35,123,130,12,7,8,78,22,64,102,39" hai1="97,129,24,63,93,4,79,51,14,73,13,49,75" hai2="112,84,71,77,122,3,46,30,91,41,119,55,121" hai3="56,90,10,83,118,34,59,29,38,108,19,99,32"/><U85/><E129/><V106/><F119/><W15/><G108/><T103/><D109/><U89/><E24/><V18/><F3/><W31/><G38/><T33/><D39/><U36/><E36/><V21/><F71/><W68/><G68/><T111/><D111/><U113/><E113/><V62/><F106/><W0/><G0/><T48/><D130/><U87/><E73/><V1/><F1/><W69/><G69/><T17/><D123/><U53/><E75/><V88/><F30/><W23/><G118/><T47/><D78/><U131/><E131/><V72/><F112/><W135/><G135/><T25/><D64/><U92/><E85/><V27/><F72/><W20/><G34/><T117/><D117/><U94/><E79/><V101/><F101/><W95/><G83/><T65/><D65/><U11/><E13/><V120/><F41/><W9/><G9/><T132/><D132/><U114/><E114/><V80/><REACH who="2" step="1"/><F46/><REACH who="2" ten="211,329,220,230" step="2"/><W76/><G32/><T70/><D70/><U58/><E92/><V52/><F52/><W124/><G31/><N who="0" m="19695" /><D35/><U134/><E134/><V16/><F16/><W37/><G29/><T126/><D126/><U127/><REACH who="1" step="1"/><E127/><REACH who="1" ten="211,319,220,230" step="2"/><V5/><F5/><W28/><G124/><T86/><D86/><U6/><E6/><V107/><F107/><W128/><G128/><T116/><D116/><U82/><E82/><V43/><F43/><AGARI ba="0,2" hai="2,7,8,12,17,22,43,47,48,102,103" m="19695" machi="43" ten="30,1000,0" yaku="24,1" doraHai="50" who="0" fromWho="2" sc="211,30,319,0,220,-10,230,0" /><INIT seed="2,0,0,3,0,127" ten="241,319,210,230" oya="2" hai0="61,126,95,82,45,76,81,117,128,1,24,21,40" hai1="3,133,13,0,67,120,107,44,111,70,38,100,78" hai2="102,46,34,11,2,31,14,15,43,49,119,50,73" hai3="90,112,121,132,113,89,20,98,118,110,53,26,69"/><V17/><F119/><W54/><G118/><T115/><D117/><U131/><E78/><V134/><F134/><W84/><G121/><T27/><D115/><N who="3" m="44105" /><G69/><T99/><D126/><U10/><E133/><V35/><F73/><W30/><G132/><T116/><D116/><U122/><E111/><V42/><F2/><W41/><G110/><T83/><D1/><U52/><E107/><V37/><F102/><W125/><G125/><T23/><D128/><U77/><E131/><V36/><F31/><W85/><G41/><T124/><D61/><N who="1" m="40303" /><E100/><V101/><F101/><W56/><G54/><T72/><D124/><U108/><E77/><V103/><F103/><W106/><G106/><T66/><D66/><U135/><E135/><V28/><F28/><W65/><G65/><T105/><D105/><U130/><E130/><V64/><F64/><W8/><G8/><T92/><D76/><U12/><E12/><V47/><REACH who="2" step="1"/><F15/><REACH who="2" ten="241,319,200,230" step="2"/><W129/><G129/><T5/><D72/><U29/><E29/><V62/><F62/><W109/><G109/><T33/><D33/><AGARI ba="0,1" hai="11,14,17,33,34,35,36,37,42,43,46,47,49,50" machi="33" ten="40,3900,0" yaku="1,1,9,1,53,0" doraHai="127" doraHaiUra="63" who="2" fromWho="0" sc="241,-39,319,0,200,49,230,0" /><INIT seed="2,1,0,1,3,37" ten="202,319,249,230" oya="2" hai0="127,87,104,47,98,65,72,10,73,52,120,133,117" hai1="15,118,20,135,86,31,105,130,28,95,25,74,84" hai2="90,29,64,55,7,18,51,83,26,119,40,42,94" hai3="123,70,125,49,99,57,46,80,77,61,103,66,6"/><V27/><F119/><W129/><G129/><T100/><D120/><U63/><E105/><V110/><F64/><W35/><G125/><T62/><D127/><U53/><E74/><V96/><F7/><W24/><G123/><T19/><D117/><U54/><E118/><V134/><F134/><W45/><G6/><T92/><D133/><U115/><E115/><V38/><F38/><W131/><G131/><T5/><D19/><U13/><E130/><V12/><F83/><W56/><G46/><T81/><D104/><U124/><E124/><V30/><F110/><W102/><G102/><T23/><D23/><U89/><E31/><N who="2" m="11787" /><F27/><W75/><G24/><T9/><D73/><U21/><E135/><V116/><F26/><W71/><G35/><T114/><D72/><U68/><E68/><V50/><F116/><W91/><G91/><N who="0" m="51695" /><D5/><U109/><E109/><V67/><F67/><W79/><G79/><T44/><D114/><U106/><E106/><V108/><F108/><W11/><G11/><N who="0" m="4107" /><D65/><U122/><E122/><V78/><F78/><W132/><G71/><T39/><D39/><U3/><E3/><V43/><F55/><N who="1" m="21001" /><E21/><AGARI ba="1,0" hai="12,18,21,40,42,43,50,51,90,94,96" m="11787" machi="21" ten="30,11600,0" yaku="8,1,52,3" doraHai="37" who="2" fromWho="1" sc="202,0,319,-119,249,119,230,0" /><INIT seed="2,2,0,5,1,47" ten="202,200,368,230" oya="2" hai0="19,69,75,88,96,50,89,97,124,117,78,113,9" hai1="121,63,101,1,67,22,90,44,20,46,5,118,39" hai2="51,134,127,36,68,28,48,111,61,2,103,13,130" hai3="15,99,115,86,11,10,123,3,38,8,71,32,6"/><V72/><F2/><W52/><G38/><T79/><D69/><U33/><E33/><V125/><F72/><W109/><G71/><T95/><D113/><U73/><E73/><V120/><F120/><W25/><G123/><T126/><D117/><U133/><E118/><V70/><F36/><W41/><G41/><T102/><D50/><N who="2" m="18986" /><F134/><W55/><G109/><T37/><D37/><U128/><E90/><N who="0" m="34921" /><D75/><U81/><E101/><V105/><F111/><W135/><G135/><T31/><D31/><U100/><E20/><V82/><F82/><W94/><G86/><T84/><D84/><U49/><E5/><V65/><F28/><W91/><G115/><T129/><D129/><U119/><E67/><V132/><F132/><W57/><G3/><T26/><D26/><U35/><E35/><V53/><F130/><W29/><G55/><T60/><D60/><AGARI ba="2,0" hai="6,8,10,11,15,25,29,32,52,57,60,91,94,99" machi="60" ten="30,2000,0" yaku="7,1,54,1" doraHai="47" who="3" fromWho="0" sc="202,-26,200,0,368,0,230,26" /><INIT seed="3,0,0,2,1,6" ten="176,200,368,256" oya="3" hai0="88,110,67,14,17,38,115,30,36,11,99,7,62" hai1="63,47,35,66,37,77,49,25,12,61,106,73,51" hai2="122,71,80,22,33,96,125,39,123,42,27,64,0" hai3="91,55,86,134,100,119,70,44,107,81,127,16,9"/><W132/><G119/><T20/><D110/><U83/><E106/><V121/><F0/><W82/><G70/><T2/><D115/><U68/><E61/><N who="2" m="40335" /><F125/><W32/><G32/><T56/><REACH who="0" step="1"/><D30/><REACH who="0" ten="166,200,368,256" step="2"/><U85/><E73/><V120/><F120/><W10/><G127/><T24/><D24/><U46/><E12/><V102/><F27/><W105/><G134/><T117/><D117/><U135/><E135/><V94/><F121/><W109/><G132/><T52/><D52/><U28/><REACH who="1" step="1"/><E47/><REACH who="1" ten="166,190,368,256" step="2"/><V112/><F122/><W97/><G109/><T95/><AGARI ba="0,2" hai="2,7,11,14,17,20,36,38,56,62,67,88,95,99" machi="95" ten="30,7900,0" yaku="1,1,0,1,52,1,54,1,53,0" doraHai="6" doraHaiUra="103" who="0" fromWho="0" sc="166,99,190,-20,368,-20,256,-39" owari="265,6.5,170,-33.0,348,44.8,217,-18.3" /></mjloggm>