<mjloggm ver="2.3"><GO type="169" lobby="0"/><UN n0="%E3%83%8F%E3%82%BB%E3%81%B9" n1="%E7%94%9F%E5%BE%92%E4%BC%9A%E3%80%90%E5%BA%8F%E3%80%91" n2="%31%32%33%34%E7%AD%89%E5%80%99" n3="%E8%99%9A%E6%B7%B5%E7%8E%84" dan="16,17,17,17" rate="2026.09,2159.40,2177.27,2223.60" sx="M,M,M,M"/><TAIKYOKU oya="0"/><INIT seed="0,0,0,0,0,131" ten="250,250,250,250" oya="0" hai0="97,27,23,57,61,92,21,105,122,89,24,35,112" hai1="4,132,10,129,90,82,59,127,113,74,77,87,31" hai2="106,39,101,103,13,72,54,91,114,95,26,18,30" hai3="36,49,52,42,0,14,43,126,47,121,12,2,28"/><T15/><D122/><U68/><E68/><V128/><F114/><W65/><G121/><T51/><D105/><U22/><E113/><V56/><F39/><W76/><G126/><T135/><D35/><U83/><E127/><V19/><F72/><W124/><G124/><T75/><D75/><U29/><E129/><V3/><F3/><W110/><G110/><T9/><D51/><U119/><E119/><V6/><F6/><W37/><G28/><T50/><D50/><U70/><E70/><V1/><F1/><W93/><G65/><T45/><D45/><U109/><E109/><V20/><F106/><W66/><G66/><T111/><D111/><U41/><E41/><V130/><F130/><W108/><G108/><T60/><D112/><U133/><E59/><V73/><F73/><W53/><G49/><T40/><D40/><U115/><E115/><V34/><F19/><W86/><G93/><T46/><D46/><U79/><E90/><V81/><F81/><W69/><G69/><T123/><D123/><U84/><E74/><V7/><F7/><W107/><G107/><T55/><D61/><U44/><E44/><V96/><F128/><W58/><G47/><T118/><D118/><U5/><E22/><V94/><F94/><W63/><G63/><AGARI ba="0,0" hai="13,18,20,26,30,34,54,56,63,91,95,96,101,103" machi="63" ten="30,1000,0" yaku="7,1" doraHai="131" who="2" fromWho="3" sc="250,0,250,0,250,10,250,-10" /><INIT seed="1,0,0,4,4,119" ten="250,250,260,240" oya="1" hai0="88,133,129,121,48,103,100,4,27,1,23,114,76" hai1="110,61,123,74,50,36,34,66,132,135,120,17,84" hai2="124,22,78,95,60,15,24,43,6,77,70,2,80" hai3="39,14,45,75,98,54,81,51,5,29,7,126,30"/><U99/><E36/><V32/><F124/><W28/><G126/><T116/><D116/><U16/><E74/><V47/><F32/><W71/><G71/><T38/><D38/><U89/><E34/><V96/><F2/><W108/><G108/><T91/><D76/><U56/><E99/><V26/><F70/><W79/><G39/><T25/><D4/><U19/><E50/><N who="2" m="27007" /><F60/><W62/><G62/><T131/><D1/><U69/><E69/><V46/><F46/><W8/><REACH who="3" step="1"/><G98/><REACH who="3" ten="250,250,260,230" step="2"/><T117/><D117/><U11/><E110/><V73/><F73/><W33/><G33/><T37/><D37/><U31/><E11/><N who="2" m="4599" /><F80/><W130/><G130/><T13/><D114/><U55/><E66/><V83/><F83/><W128/><G128/><T20/><D48/><U12/><E12/><V107/><F107/><W85/><G85/><T42/><D13/><U18/><N who="1" m="4096" /><DORA hai="104" /><U94/><REACH who="1" step="1"/><E31/><REACH who="1" ten="250,240,260,230" step="2"/><N who="2" m="17815" /><F26/><W68/><G68/><T49/><D49/><U92/><E92/><V87/><F87/><W67/><G67/><T112/><D112/><U122/><AGARI ba="0,2" hai="55,56,61,84,89,94,120,122,123,132,135" m="4096" machi="122" ten="50,24000,3" yaku="1,1,0,1,52,3,54,1,53,4" doraHai="119,104" doraHaiUra="82,118" who="1" fromWho="1" sc="250,-80,240,260,260,-80,230,-80" /><INIT seed="1,1,0,4,0,7" ten="170,500,180,150" oya="1" hai0="42,35,51,74,16,28,75,126,12,123,101,17,2" hai1="134,1,95,69,127,129,125,43,45,67,34,60,40" hai2="89,132,103,62,92,48,131,124,83,122,55,11,84" hai3="81,77,58,9,26,102,0,36,25,22,30,78,15"/><U6/><E34/><V128/><F122/><W47/><G0/><T109/><D123/><U108/><E134/><V76/><F132/><W98/><G26/><T114/><D114/><U80/><E129/><N who="2" m="49739" /><F124/><N who="1" m="47689" /><E108/><V29/><F29/><W79/><G58/><T49/><D2/><U39/><E43/><V66/><F103/><W105/><G47/><T100/><D126/><U44/><E44/><N who="2" m="28039" /><F11/><W4/><REACH who="3" step="1"/><G36/><REACH who="3" ten="170,500,180,140" step="2"/><T32/><D109/><U96/><E1/><V107/><F107/><W112/><G112/><T116/><D116/><U85/><E45/><V86/><F62/><W63/><G63/><T46/><D46/><U71/><E39/><V3/><F3/><W64/><G64/><AGARI ba="1,1" hai="64,66,76,83,84,86,89,92" m="28039,49739" machi="64" ten="30,1000,0" yaku="19,1" doraHai="7" who="2" fromWho="3" sc="170,0,500,0,180,23,140,-13" /><INIT seed="2,0,0,2,1,98" ten="170,500,203,127" oya="2" hai0="18,112,22,71,30,78,128,21,4,65,88,82,118" hai1="29,131,69,50,85,31,121,107,99,129,32,133,95" hai2="3,23,96,60,77,86,123,117,35,111,134,48,46" hai3="16,92,27,34,67,104,28,108,15,73,42,79,51"/><V0/><F117/><W135/><G104/><T40/><D40/><U97/><E69/><V132/><F35/><W116/><G116/><T38/><D38/><U6/><E133/><N who="2" m="51307" /><F123/><W47/><G135/><T9/><D112/><U7/><E121/><V10/><F60/><W100/><G108/><T44/><D44/><U53/><E85/><V89/><F23/><W120/><G120/><T122/><D122/><U45/><E7/><V94/><F10/><W115/><G67/><T93/><D118/><U17/><E17/><V91/><F77/><W43/><G115/><T74/><D30/><U8/><E31/><V61/><F61/><W55/><G79/><T1/><D128/><U13/><E29/><V119/><F119/><W39/><G73/><T12/><D65/><U24/><E24/><V106/><F111/><W54/><G42/><T68/><REACH who="0" step="1"/><D21/><REACH who="0" ten="160,500,203,127" step="2"/><U25/><E129/><V41/><F106/><W83/><G39/><T64/><D64/><U11/><E131/><V113/><F113/><W110/><G110/><T26/><D26/><U37/><E25/><V63/><F63/><W105/><G105/><T127/><D127/><U33/><E32/><V90/><F86/><AGARI ba="0,1" hai="1,4,9,12,18,22,68,71,74,78,82,86,88,93" machi="86" ten="30,7700,0" yaku="1,1,7,1,54,1,53,1" doraHai="98" doraHaiUra="87" who="0" fromWho="2" sc="160,87,500,0,203,-77,127,0" /><INIT seed="3,0,0,1,0,7" ten="247,500,126,127" oya="3" hai0="12,49,3,93,81,52,2,60,65,68,97,53,118" hai1="23,116,96,31,29,17,21,84,4,92,34,57,121" hai2="37,19,130,117,41,110,30,77,103,56,89,79,132" hai3="98,108,90,15,94,134,73,61,126,25,135,55,6"/><W91/><G73/><T1/><D118/><U14/><E121/><V36/><F117/><W105/><G105/><T69/><D81/><U45/><E34/><V20/><F30/><W127/><G25/><T63/><D12/><U35/><E35/><V123/><F103/><W16/><G6/><T62/><D53/><U48/><E57/><V102/><F102/><W50/><G61/><T38/><D38/><U111/><E111/><V76/><F110/><W88/><G108/><T119/><D119/><U8/><E84/><V66/><F123/><W13/><G13/><T0/><N who="0" m="0" /><DORA hai="114" /><T83/><D83/><U72/><E72/><V28/><F28/><N who="1" m="10825" /><E4/><V43/><F130/><W54/><G54/><T44/><REACH who="0" step="1"/><D69/><REACH who="0" ten="237,500,126,127" step="2"/><U74/><E116/><V86/><F37/><W113/><G113/><T59/><D59/><U109/><E109/><V27/><F36/><W78/><G78/><T80/><D80/><U85/><E74/><V87/><F76/><W33/><G33/><T124/><D124/><N who="3" m="47657" /><G55/><T106/><D106/><U112/><E112/><V82/><F77/><W47/><G50/><T133/><D133/><N who="3" m="50697" /><G47/><T51/><D51/><U129/><E48/><V99/><F79/><W46/><G46/><T24/><D24/><U70/><E45/><V104/><F132/><W10/><AGARI ba="0,1" hai="10,15,16,88,90,91,94,98" m="50697,47657" machi="10" ten="30,12000,1" yaku="18,1,20,1,52,1,54,2" doraHai="7,114" who="3" fromWho="3" sc="237,-40,500,-40,126,-40,127,130" /><INIT seed="3,1,0,0,5,36" ten="197,460,86,257" oya="3" hai0="12,129,125,65,86,50,7,31,51,97,39,78,123" hai1="23,64,120,27,109,75,67,59,132,8,71,68,94" hai2="47,85,119,74,54,5,21,111,127,79,41,37,30" hai3="73,130,110,6,117,66,48,1,56,49,24,44,9"/><W18/><G117/><T96/><D123/><U83/><E120/><V40/><F119/><W91/><G73/><T45/><D31/><U42/><E132/><V34/><F74/><W14/><G130/><T102/><D129/><U63/><E109/><V77/><F34/><W84/><G110/><T69/><D125/><U87/><E75/><V28/><F111/><W113/><G113/><T22/><D51/><U100/><E67/><V76/><F127/><W46/><G24/><T15/><D39/><U3/><E8/><V43/><F5/><W116/><G116/><T16/><D65/><U135/><E3/><V4/><F4/><W98/><G98/><T107/><D69/><U10/><E10/><V58/><F85/><W104/><G104/><T103/><D86/><U19/><E135/><V38/><F38/><W122/><G122/><T70/><D70/><U80/><E80/><V112/><F112/><W52/><G66/><T13/><D78/><U29/><E19/><V133/><F133/><W134/><G134/><T0/><D0/><U57/><E57/><V17/><F47/><W90/><G56/><T128/><D7/><U33/><E42/><V26/><F37/><W53/><G84/><T93/><D128/><U92/><E92/><V60/><AGARI ba="1,0" hai="17,21,26,28,30,40,41,43,54,58,60,76,77,79" machi="60" ten="30,8000,1" yaku="0,1,8,1,52,3" doraHai="36" who="2" fromWho="2" sc="197,-21,460,-21,86,83,257,-41" /><INIT seed="4,0,0,1,4,58" ten="176,439,169,216" oya="0" hai0="46,21,45,12,3,99,110,36,47,19,65,1,75" hai1="107,121,23,116,56,62,132,15,115,123,32,129,102" hai2="8,59,112,40,10,109,67,105,135,31,126,134,16" hai3="50,81,70,125,28,90,13,68,96,113,44,111,18"/><T89/><D75/><U79/><E116/><V86/><F105/><W133/><G111/><T20/><D110/><U54/><E32/><V73/><F73/><W27/><G113/><T33/><D33/><U52/><E115/><V119/><F109/><W106/><G133/><N who="2" m="50697" /><F112/><W4/><G4/><T6/><D36/><U74/><E132/><V72/><F72/><W122/><G125/><T103/><D89/><U64/><E129/><V87/><F31/><W37/><G37/><T80/><D80/><U85/><E74/><V120/><F40/><W77/><G122/><T51/><D6/><U76/><E107/><V84/><F120/><W43/><G77/><T42/><D65/><U55/><E102/><V124/><F119/><W97/><G106/><T83/><D83/><N who="1" m="47335" /><E123/><V35/><F35/><W95/><G81/><T29/><D3/><U130/><E121/><V11/><F16/><W5/><G5/><T101/><D1/><U17/><E130/><V39/><F39/><W30/><G30/><T53/><D42/><U104/><E104/><V92/><F92/><W60/><G28/><T7/><D7/><U71/><E71/><V82/><F82/><W93/><G70/><T22/><D103/><U108/><E108/><V38/><F38/><W127/><G68/><T69/><D69/><U100/><E100/><V91/><F91/><W2/><G90/><T131/><D131/><U128/><E128/><V25/><F25/><W61/><G27/><N who="0" m="16615" /><D22/><U63/><E79/><V14/><F14/><W49/><G2/><T118/><D118/><U66/><E66/><V94/><F94/><AGARI ba="0,0" hai="12,19,21,45,46,47,51,53,94,99,101" m="16615" machi="94" ten="30,2900,0" yaku="6,1,8,1" doraHai="58" who="0" fromWho="2" sc="176,29,439,0,169,-29,216,0" /><INIT seed="4,1,0,4,2,130" ten="205,439,140,216" oya="0" hai0="92,12,30,100,108,107,118,67,91,95,96,31,20" hai1="47,120,133,119,39,8,127,84,93,131,49,32,121" hai2="41,59,110,105,69,15,17,76,64,2,134,68,38" hai3="125,57,99,63,3,23,102,83,50,60,122,79,116"/><T88/><D118/><U90/><E32/><V22/><F105/><W111/><G111/><T132/><D132/><U51/><E119/><V101/><F110/><W126/><G3/><T35/><D35/><U42/><E131/><V62/><F101/><W55/><G122/><T85/><D67/><U72/><E72/><V9/><F76/><W0/><G0/><T29/><D108/><U16/><E127/><N who="3" m="48650" /><G23/><T44/><D44/><U103/><E133/><V58/><F134/><W24/><G24/><T94/><D107/><U61/><E103/><V48/><F38/><W81/><G116/><T70/><D70/><U98/><E121/><V74/><F74/><N who="3" m="43511" /><G81/><N who="0" m="49199" /><D12/><N who="1" m="7175" /><E39/><V78/><F78/><W73/><G73/><T104/><D104/><AGARI ba="1,0" hai="50,55,57,60,63,99,102,104" m="43511,48650" machi="104" ten="30,1000,0" yaku="18,1" doraHai="130" who="3" fromWho="0" sc="205,-13,439,0,140,0,216,13" /><INIT seed="5,0,0,3,5,47" ten="192,439,140,229" oya="1" hai0="13,2,101,26,62,117,77,27,31,33,38,73,43" hai1="82,124,64,102,72,16,11,51,133,103,25,75,61" hai2="48,5,111,115,55,91,35,66,109,116,131,98,74" hai3="129,110,22,92,32,40,9,83,8,81,1,20,128"/><U112/><E133/><V105/><F116/><W121/><G40/><T100/><D2/><U99/><E124/><V23/><F35/><W18/><G92/><T106/><D106/><U12/><E112/><V135/><F135/><W45/><G45/><T71/><D117/><U69/><E102/><V122/><F122/><W89/><G89/><T24/><D43/><U70/><E70/><V96/><F74/><W87/><G87/><T7/><D38/><U130/><E130/><V76/><F131/><W6/><G32/><T0/><D77/><U123/><E123/><V10/><F76/><W46/><G46/><T65/><D73/><U94/><E82/><V67/><F98/><W68/><G68/><T119/><D119/><U60/><E60/><V58/><F115/><W118/><G118/><T80/><D80/><U97/><E97/><V28/><F111/><W57/><G110/><T107/><D13/><U84/><E84/><V41/><F41/><W44/><G121/><T34/><D34/><U63/><E63/><V88/><F109/><W114/><G114/><T86/><D86/><U90/><E103/><V29/><F105/><W30/><G129/><T39/><D39/><U104/><E104/><V15/><F29/><W125/><G128/><T42/><D42/><U49/><E25/><N who="0" m="9833" /><D107/><U120/><REACH who="1" step="1"/><E120/><REACH who="1" ten="192,429,140,229" step="2"/><V132/><F132/><W53/><G83/><T126/><D126/><U127/><E127/><V95/><F91/><W52/><G125/><T59/><D71/><U108/><E108/><V3/><F3/><W93/><G1/><T4/><D0/><U50/><AGARI ba="0,1" hai="11,12,16,49,50,51,61,64,69,72,75,90,94,99" machi="50" ten="30,18000,2" yaku="1,1,5,1,0,1,52,3,54,1,53,0" doraHai="47" doraHaiUra="21" who="1" fromWho="1" sc="192,-60,429,190,140,-60,229,-60" /><INIT seed="5,1,0,1,1,113" ten="132,619,80,169" oya="1" hai0="46,102,22,6,121,58,17,129,135,55,11,91,119" hai1="134,76,14,86,106,79,130,125,30,64,117,85,100" hai2="33,9,13,1,81,28,72,44,109,69,51,36,32" hai3="5,87,27,128,48,37,56,63,34,132,4,0,57"/><U20/><E125/><V71/><F109/><W110/><G37/><T80/><D121/><U82/><E134/><V99/><F99/><W73/><G73/><T59/><D135/><U104/><E130/><V42/><F51/><W15/><G0/><T66/><D119/><U52/><E64/><V26/><F13/><W35/><G27/><T111/><D102/><U122/><E122/><V50/><F33/><W115/><G115/><T49/><D111/><U112/><E112/><V114/><F50/><W54/><G128/><T124/><D124/><U67/><E67/><V47/><F47/><W105/><G105/><T40/><D129/><U94/><E117/><V90/><F90/><W19/><G34/><T120/><D120/><U24/><E14/><V39/><F39/><W68/><G68/><T77/><D91/><U45/><E100/><V96/><F96/><W23/><G35/><T97/><D97/><U84/><E94/><V65/><F65/><N who="3" m="39143" /><G110/><T103/><D103/><U78/><REACH who="1" step="1"/><E82/><REACH who="1" ten="132,609,80,169" step="2"/><V116/><F116/><W62/><G132/><T92/><D92/><U16/><E16/><V43/><F114/><W7/><G19/><T38/><D66/><U70/><E70/><V88/><F43/><W12/><G12/><T93/><D93/><U83/><E83/><V101/><F101/><W25/><G15/><T29/><D80/><U31/><E31/><V61/><F88/><W133/><G133/><T60/><D29/><U118/><E118/><V131/><F131/><W107/><G107/><T3/><D17/><U41/><E41/><V126/><F126/><W18/><G87/><RYUUKYOKU ba="1,1" sc="132,-15,609,15,80,-15,169,15" hai1="20,24,30,45,52,76,78,79,84,85,86,104,106" hai3="4,5,7,18,23,25,48,54,57,62" /><INIT seed="5,2,1,2,1,123" ten="117,624,65,184" oya="1" hai0="1,72,125,16,106,54,76,19,120,33,83,128,98" hai1="29,50,115,79,113,45,100,87,25,32,73,70,8" hai2="37,51,97,126,43,65,118,93,99,84,77,69,121" hai3="75,107,110,114,132,66,59,10,89,31,135,130,34"/><U81/><E70/><V21/><F121/><W134/><G114/><N who="1" m="43530" /><E100/><V22/><F118/><W35/><G130/><T108/><D1/><U104/><E8/><V71/><F37/><W95/><G75/><T28/><D128/><U56/><E56/><V133/><F126/><W92/><G107/><T0/><D0/><U39/><E39/><V30/><F133/><W57/><G10/><T46/><D125/><U67/><E67/><V27/><F99/><W58/><G66/><T122/><D33/><N who="3" m="12297" /><G31/><T105/><D28/><U12/><E12/><V11/><F65/><W116/><G116/><T24/><D122/><U94/><E104/><V78/><F69/><W14/><G14/><T36/><D106/><U61/><E61/><V127/><F71/><W17/><G17/><T86/><D24/><U13/><E13/><V74/><F74/><W18/><G18/><T38/><D120/><U85/><E94/><N who="3" m="35882" /><G89/><T96/><D38/><U47/><E47/><N who="2" m="26111" /><F127/><W91/><G91/><T124/><D105/><U4/><E4/><V103/><F11/><W44/><G44/><T40/><D124/><U129/><E129/><V117/><F117/><W48/><G48/><T63/><D72/><U6/><E6/><V20/><F84/><W15/><G15/><T62/><D19/><U90/><E90/><V101/><F101/><W41/><G41/><AGARI ba="2,1" hai="25,29,32,41,45,50,73,79,81,85,87" m="43530" machi="41" ten="30,1500,0" yaku="15,1" doraHai="123" who="1" fromWho="3" sc="117,0,624,31,65,0,184,-21" /><INIT seed="5,3,0,5,3,34" ten="117,655,65,163" oya="1" hai0="99,129,115,94,53,63,76,44,49,122,55,84,65" hai1="3,67,81,4,80,30,123,96,118,116,15,62,125" hai2="82,5,16,89,130,108,97,103,120,78,1,64,46" hai3="36,60,135,26,25,7,40,70,2,133,9,104,39"/><U42/><E123/><V29/><F120/><W77/><G104/><T21/><D122/><U31/><E125/><V24/><F108/><W121/><G77/><T71/><D115/><U74/><E42/><V132/><F130/><W41/><G121/><T87/><D129/><U57/><E3/><V14/><F132/><N who="3" m="50763" /><G40/><T17/><D55/><U59/><E74/><V8/><F46/><N who="3" m="23847" /><G39/><T66/><D66/><AGARI ba="3,0" hai="2,7,9,25,26,60,66,70" m="23847,50763" machi="66" ten="30,2000,0" yaku="20,1,52,1" doraHai="34" who="3" fromWho="0" sc="117,-29,655,0,65,0,163,29" /><INIT seed="6,0,0,5,1,68" ten="88,655,65,192" oya="2" hai0="128,117,134,5,26,87,67,89,19,62,52,80,83" hai1="70,28,4,81,125,53,135,93,78,91,15,69,124" hai2="111,65,21,2,120,106,17,32,29,1,60,99,129" hai3="133,107,105,13,72,66,112,71,45,115,40,11,35"/><V104/><F120/><W43/><G35/><T3/><D117/><U101/><E135/><V56/><F129/><W98/><G72/><T63/><D134/><U46/><E101/><V55/><F111/><W118/><G40/><T58/><D128/><U20/><E53/><V47/><F106/><W41/><G41/><T23/><D3/><U48/><E28/><V34/><F34/><W14/><G14/><T59/><D5/><U108/><E108/><V30/><F2/><W36/><G118/><T110/><D110/><U16/><E4/><V102/><F1/><W25/><G25/><T113/><D113/><N who="3" m="43593" /><G98/><T73/><D73/><U85/><E48/><V37/><F32/><W96/><G96/><T24/><D83/><U82/><E46/><V119/><F119/><W10/><G10/><T121/><D121/><U103/><E103/><V90/><F90/><W132/><G132/><T123/><D123/><U49/><E49/><V114/><F114/><W42/><G42/><T116/><D116/><U97/><E82/><V7/><F7/><N who="3" m="3327" /><G133/><T77/><D24/><U100/><E100/><V61/><F47/><W57/><G71/><T94/><D94/><U54/><E54/><V12/><REACH who="2" step="1"/><F37/><REACH who="2" ten="88,655,55,192" step="2"/><W84/><G107/><T88/><AGARI ba="0,1" hai="19,23,26,52,58,59,62,63,67,77,80,87,88,89" machi="88" ten="30,7900,0" yaku="0,1,8,1,54,2" doraHai="68" who="0" fromWho="0" sc="88,89,655,-20,55,-39,192,-20" /><INIT seed="7,0,0,3,0,121" ten="177,635,16,172" oya="3" hai0="70,23,8,73,112,60,3,75,108,46,131,107,76" hai1="35,118,25,45,22,110,10,55,12,94,52,66,49" hai2="106,135,99,95,85,4,129,116,43,77,11,97,32" hai3="127,59,113,111,71,132,17,42,68,36,69,87,7"/><W114/><G7/><T72/><D107/><U74/><E74/><V29/><F43/><W31/><G31/><T5/><D108/><U64/><E110/><V38/><F38/><W28/><G28/><T20/><D76/><U14/><E35/><V90/><F29/><W115/><G111/><T9/><D131/><U6/><E118/><V39/><F32/><W83/><G132/><T82/><D82/><U27/><E55/><V13/><F39/><W21/><G127/><T24/><D46/><U105/><E105/><V89/><F116/><W103/><G103/><T47/><D47/><U126/><E126/><V100/><F129/><W61/><G42/><T119/><D119/><U81/><E81/><V101/><F135/><W33/><G33/><T109/><D109/><U96/><E14/><V44/><F44/><W37/><G87/><T123/><D123/><U30/><E27/><V78/><F13/><N who="3" m="9391" /><G83/><T133/><D133/><U93/><E93/><N who="2" m="56495" /><F11/><W86/><G86/><T53/><D23/><U98/><E98/><N who="2" m="61719" /><F4/><W124/><G124/><T80/><D9/><U91/><AGARI ba="0,0" hai="6,10,12,22,25,30,45,49,52,64,66,91,94,96" machi="91" ten="20,5200,0" yaku="0,1,7,1,8,1,54,1" doraHai="121" who="1" fromWho="1" sc="177,-13,635,52,16,-13,172,-26" owari="164,-3.6,687,78.7,3,-49.7,146,-25.4" /></mjloggm>