<mjloggm ver="2.3"><GO type="169" lobby="0"/><UN n0="%41%75%73%74%75%72%38" n1="%E4%BA%8C%E9%9A%8E%E5%A0%82%E7%9C%9F%E7%B4%85%E3%81%A1%E3%82%83%E3%82%93" n2="%E5%A5%B3%E3%81%AA%E3%81%AE%E3%81%82%E3%81%8C%E3%82%89%E3%81%9B%E3%81%A6" n3="%4F%4D%41%4E%54%41" dan="16,16,16,17" rate="2110.46,2156.70,2122.30,2199.58" sx="M,M,M,M"/><TAIKYOKU oya="0"/><INIT seed="0,0,0,3,3,126" ten="250,250,250,250" oya="0" hai0="112,53,125,87,45,40,6,63,16,92,50,119,39" hai1="78,91,20,38,118,34,35,70,105,65,23,5,31" hai2="81,113,52,61,133,127,76,67,73,57,77,122,21" hai3="75,46,49,0,132,10,100,84,33,47,15,96,85"/><T115/><D119/><U48/><E38/><V68/><F113/><W95/><G75/><T22/><D125/><U25/><E78/><V111/><F127/><W98/><G33/><T79/><D6/><U7/><E48/><V86/><F111/><W37/><G0/><T66/><D92/><U117/><E91/><V29/><F133/><W42/><G132/><T1/><D1/><U106/><E65/><V131/><F122/><W134/><G134/><T89/><D79/><U128/><E70/><V82/><F131/><W24/><G24/><T97/><D97/><U12/><E25/><V58/><F21/><W69/><G69/><T121/><D121/><U80/><E80/><V124/><F124/><W114/><G98/><T90/><D90/><U55/><E55/><V19/><F19/><W60/><G60/><T94/><D63/><U108/><E12/><V64/><F68/><W4/><REACH who="3" step="1"/><G114/><REACH who="3" ten="250,250,250,240" step="2"/><T103/><D112/><U51/><E34/><V14/><F14/><W27/><G27/><T104/><D115/><U102/><E35/><V13/><F13/><W130/><G130/><T43/><D104/><U83/><E106/><V26/><F26/><W62/><G62/><T18/><D66/><U17/><E105/><V109/><F67/><W54/><AGARI ba="0,1" hai="4,10,15,37,42,46,47,49,54,84,85,95,96,100" machi="54" ten="20,5200,0" yaku="1,1,0,1,7,1,53,1" doraHai="126" doraHaiUra="9" who="3" fromWho="3" sc="250,-26,250,-13,250,-13,240,62" /><INIT seed="1,0,0,5,3,53" ten="224,237,237,302" oya="1" hai0="6,121,83,122,113,4,35,88,44,134,55,41,131" hai1="66,133,52,76,115,34,109,129,36,56,29,13,60" hai2="2,132,48,54,93,3,118,130,74,80,23,97,45" hai3="30,79,117,37,107,16,24,7,68,64,5,120,125"/><U106/><E106/><V47/><F118/><W92/><G107/><T101/><D113/><U11/><E115/><V111/><F111/><W103/><G37/><T31/><D134/><U26/><E133/><V91/><F132/><W67/><G120/><N who="0" m="46187" /><D101/><U33/><E36/><V98/><F130/><W65/><G117/><T32/><D55/><U0/><E0/><V51/><F23/><N who="3" m="15647" /><G68/><T102/><D102/><U78/><E34/><N who="0" m="12841" /><D31/><U94/><E129/><V82/><F74/><W9/><G79/><T70/><D70/><U119/><E119/><V71/><F71/><W126/><G126/><T14/><D14/><U38/><E38/><V89/><F54/><W85/><G125/><T72/><D131/><U27/><E27/><V112/><REACH who="2" step="1"/><F93/><REACH who="2" ten="224,237,227,302" step="2"/><W63/><G65/><T100/><D72/><U1/><E109/><V116/><F116/><W69/><G67/><T95/><D83/><U39/><E94/><V28/><F28/><W62/><G69/><T114/><D114/><AGARI ba="0,1" hai="2,3,45,47,48,51,80,82,89,91,97,98,112,114" machi="114" ten="25,8000,1" yaku="1,1,22,2,53,2" doraHai="53" doraHaiUra="43" who="2" fromWho="0" sc="224,-80,237,0,227,90,302,0" /><INIT seed="2,0,0,0,3,2" ten="144,237,317,302" oya="2" hai0="128,114,26,48,132,122,32,37,124,121,77,16,112" hai1="98,78,50,102,74,104,101,55,89,54,95,24,105" hai2="51,45,123,18,71,43,68,36,72,40,0,12,116" hai3="14,113,19,39,85,120,47,100,10,92,52,111,25"/><V69/><F72/><W17/><G120/><N who="0" m="46187" /><D37/><U4/><E4/><V81/><F123/><W64/><G111/><T87/><D48/><U107/><E24/><V90/><F116/><W28/><G113/><N who="0" m="43627" /><D87/><U31/><E31/><V66/><F0/><W61/><G39/><T67/><D77/><U9/><E9/><V135/><F135/><W127/><G127/><T86/><D86/><U91/><E55/><V76/><F90/><N who="1" m="34313" /><E54/><V129/><F81/><W97/><G85/><T6/><D67/><U131/><E131/><V49/><F76/><W108/><G108/><T35/><D132/><U33/><E33/><N who="0" m="12873" /><D124/><U27/><E27/><V22/><F129/><W126/><G126/><T133/><D133/><U7/><E50/><V11/><F66/><W94/><G64/><T103/><D103/><N who="1" m="60895" /><E7/><V109/><F109/><W80/><G47/><T79/><D79/><U1/><E1/><V117/><F117/><W134/><G134/><T59/><D59/><U13/><E13/><V83/><F40/><W58/><G25/><T3/><D128/><U42/><E42/><V44/><F44/><W73/><G28/><T62/><D62/><U38/><E38/><V99/><F49/><W93/><G19/><T29/><D16/><U34/><E34/><V53/><F36/><W57/><G57/><T20/><D3/><U60/><E60/><V110/><F110/><W23/><G58/><T118/><D118/><U130/><E130/><V15/><F53/><W70/><G52/><T21/><D6/><U75/><E75/><V115/><F115/><W56/><G73/><T82/><D82/><AGARI ba="0,0" hai="74,78,82,101,102,104,105,107" m="60895,34313" machi="82" ten="40,12000,2" yaku="6,1,35,5" doraHai="2" who="1" fromWho="0" sc="144,-120,237,120,317,0,302,0" /><INIT seed="3,0,0,3,3,3" ten="24,357,317,302" oya="3" hai0="111,92,78,132,106,96,51,94,87,95,41,37,98" hai1="60,28,124,122,126,118,117,129,35,64,2,115,42" hai2="110,40,89,57,101,11,52,36,30,34,61,69,56" hai3="49,121,112,68,65,116,46,26,73,39,14,81,127"/><W75/><G116/><N who="1" m="44650" /><E2/><V5/><F110/><W45/><G121/><T83/><D37/><U134/><E28/><V85/><F101/><W6/><G112/><T99/><D41/><U33/><E33/><V25/><F36/><W1/><G127/><N who="1" m="48682" /><E35/><V70/><F57/><W38/><G1/><T102/><D51/><U109/><E122/><V47/><F47/><W72/><G81/><T15/><D15/><U108/><E134/><V74/><F40/><W77/><G77/><T31/><D31/><U22/><E22/><V133/><F74/><W44/><G26/><T4/><D4/><U50/><E129/><V53/><F53/><W130/><G49/><T131/><D131/><U135/><E135/><V43/><F43/><W8/><REACH who="3" step="1"/><G130/><REACH who="3" ten="24,357,317,292" step="2"/><T107/><D132/><U63/><E115/><V18/><F133/><W125/><G125/><T120/><D120/><U9/><E50/><V76/><F76/><W80/><G80/><T100/><REACH who="0" step="1"/><D111/><REACH who="0" ten="14,357,317,292" step="2"/><U104/><E109/><V86/><F34/><W54/><G54/><T88/><AGARI ba="0,2" hai="78,83,87,88,92,94,95,96,98,99,100,102,106,107" machi="88" ten="20,24000,4" yaku="1,1,2,1,0,1,7,1,9,1,35,6,54,1,53,0" doraHai="3" doraHaiUra="0" who="0" fromWho="0" sc="14,260,357,-60,317,-60,292,-120" /><INIT seed="4,0,0,1,3,17" ten="274,297,257,172" oya="0" hai0="92,2,41,8,40,109,30,88,22,72,118,25,21" hai1="95,102,127,104,24,44,113,16,56,13,125,75,66" hai2="91,83,36,122,107,19,90,112,81,79,131,26,120" hai3="20,117,110,76,78,106,134,65,12,45,28,23,105"/><T64/><D118/><U99/><E75/><V60/><F36/><W10/><G117/><T128/><D72/><U121/><E121/><V49/><F107/><W32/><G110/><T116/><D116/><U27/><E104/><V132/><F112/><W97/><G106/><T98/><D128/><U29/><E44/><V48/><F131/><W34/><G134/><T52/><D109/><U50/><E113/><V70/><F19/><W38/><G65/><T135/><D135/><U71/><E71/><V51/><F26/><W93/><G105/><T87/><D64/><U46/><E56/><V85/><F132/><W96/><G38/><T11/><D21/><N who="3" m="8265" /><G34/><T123/><D123/><U129/><E66/><V86/><F79/><N who="3" m="30251" /><G32/><T111/><D111/><U94/><E129/><V130/><F130/><W53/><G93/><T68/><D68/><U43/><E95/><V33/><F33/><W35/><G28/><T55/><D2/><U14/><E29/><V54/><F70/><W89/><G89/><T47/><D88/><U69/><E69/><V0/><F0/><W7/><G35/><T80/><D92/><U31/><E31/><V3/><F3/><W62/><G62/><T9/><D30/><U6/><E127/><V1/><F1/><W119/><G119/><T115/><D115/><U114/><E125/><V61/><F61/><W63/><G63/><T42/><D25/><U74/><E114/><V108/><F108/><W77/><N who="3" m="30259" /><W67/><DORA hai="73" /><G67/><T84/><D80/><U133/><E133/><V101/><F101/><W57/><G57/><AGARI ba="0,0" hai="48,49,51,54,57,60,81,83,85,86,90,91,120,122" machi="57" ten="40,1300,0" yaku="9,1" doraHai="17,73" who="2" fromWho="3" sc="274,0,297,0,257,13,172,-13" /><INIT seed="5,0,0,0,5,74" ten="274,297,270,159" oya="1" hai0="37,107,34,51,89,118,103,77,9,127,99,25,88" hai1="125,50,19,121,45,109,133,63,69,8,59,130,134" hai2="36,128,10,24,84,58,49,31,75,26,61,86,106" hai3="6,13,108,124,116,57,48,131,112,73,54,33,82"/><U100/><E100/><V5/><F75/><W96/><G108/><T92/><D37/><U123/><E19/><V53/><F36/><W18/><G33/><T70/><D70/><U71/><E8/><V47/><F106/><W93/><G112/><T120/><D118/><U102/><E102/><V22/><F128/><W126/><G131/><T23/><D34/><U43/><E130/><V44/><F26/><W81/><G116/><T129/><D129/><U87/><E87/><V114/><F47/><W117/><G6/><T20/><D127/><U32/><E125/><V91/><F91/><W119/><G119/><T104/><D104/><U28/><E28/><V97/><F97/><W30/><G30/><T111/><D111/><U90/><E90/><V67/><REACH who="2" step="1"/><F114/><REACH who="2" ten="274,297,260,159" step="2"/><W42/><G117/><T17/><D89/><U4/><E109/><V95/><F95/><W64/><G124/><T98/><D88/><U83/><E83/><V56/><F56/><W65/><G126/><T76/><D92/><U21/><E71/><V94/><F94/><W135/><G82/><T27/><D98/><U46/><E69/><V41/><F41/><W66/><G42/><T132/><D99/><U60/><E46/><V2/><AGARI ba="0,1" hai="2,5,10,22,24,31,44,49,53,58,61,67,84,86" machi="2" ten="20,2700,0" yaku="1,1,0,1,7,1,53,0" doraHai="74" doraHaiUra="12" who="2" fromWho="2" sc="274,-7,297,-13,260,37,159,-7" /><INIT seed="6,0,0,0,0,62" ten="267,284,297,152" oya="2" hai0="1,72,118,6,79,77,133,68,110,14,34,122,16" hai1="97,64,90,108,40,107,37,131,121,66,4,19,113" hai2="117,65,85,15,20,86,39,81,99,29,63,54,11" hai3="33,89,42,67,55,95,111,46,96,44,92,12,3"/><V2/><F117/><W123/><G123/><T5/><D110/><U76/><E108/><V57/><F39/><W31/><G3/><T23/><D122/><U51/><E37/><V22/><F2/><W52/><G111/><T7/><D68/><U101/><E76/><V129/><F129/><W134/><G134/><T18/><D72/><U87/><E4/><N who="0" m="1641" /><D79/><U128/><E19/><N who="2" m="8703" /><F99/><W124/><G124/><T13/><D77/><U48/><E113/><V17/><F81/><W102/><G12/><T94/><D94/><N who="1" m="54623" /><E121/><V58/><F29/><W126/><G126/><T82/><D82/><U45/><E51/><N who="2" m="30943" /><F22/><W21/><G33/><T98/><D98/><U71/><E71/><V93/><F93/><W114/><G114/><T59/><D133/><U30/><E30/><V125/><F125/><W73/><G73/><T56/><D34/><U83/><E83/><V106/><F106/><W69/><G95/><T28/><D118/><U50/><E50/><V36/><F36/><W78/><G78/><T112/><D112/><U49/><E48/><V132/><F132/><W116/><G116/><T26/><D1/><U61/><E61/><V0/><F0/><W41/><G89/><T84/><D84/><U103/><E101/><V25/><AGARI ba="0,0" hai="17,20,25,58,63,65,85,86" m="30943,8703" machi="25" ten="30,3000,0" yaku="8,1,52,1" doraHai="62" who="2" fromWho="2" sc="267,-10,284,-10,297,30,152,-10" /><INIT seed="6,1,0,5,1,41" ten="257,274,327,142" oya="2" hai0="12,120,90,118,115,66,113,89,79,14,98,97,86" hai1="53,83,80,31,69,72,102,17,0,117,103,106,20" hai2="26,35,109,30,73,2,40,129,46,71,100,8,43" hai3="96,24,78,114,11,5,50,77,15,82,75,95,23"/><V119/><F43/><W58/><G114/><N who="0" m="43531" /><D66/><U19/><E0/><V1/><F119/><W21/><G77/><T68/><D68/><U62/><E106/><V65/><F129/><W28/><G58/><T33/><D33/><U64/><E31/><V27/><F27/><W38/><G38/><T10/><D120/><U132/><E19/><V101/><F109/><W133/><G133/><T59/><D118/><U125/><E125/><V108/><F108/><W93/><G50/><T4/><D79/><U22/><E22/><V36/><F73/><W51/><G51/><T7/><D59/><U70/><E70/><V74/><F74/><W134/><G134/><T123/><D123/><U81/><E72/><V6/><REACH who="2" step="1"/><F2/><REACH who="2" ten="257,274,317,142" step="2"/><W124/><G124/><T54/><D54/><U99/><E117/><V128/><F128/><W112/><G112/><T105/><D105/><U116/><E116/><V67/><F67/><W18/><REACH who="3" step="1"/><G96/><REACH who="3" ten="257,274,317,132" step="2"/><T122/><D122/><U111/><E99/><V47/><F47/><W52/><G52/><T57/><D98/><U55/><E111/><V42/><F42/><W9/><G9/><T16/><D97/><U88/><E132/><V45/><F45/><W39/><G39/><T110/><D110/><U29/><E55/><V127/><F127/><W84/><G84/><T107/><D10/><U49/><E53/><V85/><F85/><W13/><AGARI ba="1,2" hai="5,11,13,15,18,21,23,24,28,75,78,82,93,95" machi="13" ten="20,2700,0" yaku="1,1,0,1,7,1,53,0" doraHai="41" doraHaiUra="87" who="3" fromWho="3" sc="257,-8,274,-8,317,-14,132,50" /><INIT seed="7,0,0,0,1,67" ten="249,266,303,182" oya="3" hai0="102,45,112,113,116,49,115,2,122,10,72,39,14" hai1="120,91,108,80,126,129,106,63,36,135,60,119,24" hai2="20,43,79,134,33,127,125,3,101,131,12,90,128" hai3="59,110,85,87,61,117,26,89,23,62,57,28,25"/><W32/><G117/><T114/><D116/><U4/><E119/><V118/><F118/><RYUUKYOKU type="kaze4" ba="0,0" sc="249,0,266,0,303,0,182,0" /><INIT seed="7,1,0,2,3,70" ten="249,266,303,182" oya="3" hai0="80,84,3,77,27,123,93,115,119,72,114,127,103" hai1="36,128,58,54,37,47,57,96,51,31,113,12,24" hai2="56,30,19,32,7,74,55,99,25,87,129,68,53" hai3="86,78,10,62,65,18,97,29,64,6,118,81,69"/><W22/><G118/><T35/><D3/><U50/><E113/><N who="0" m="43017" /><D35/><U61/><E12/><V45/><F74/><W59/><G29/><T101/><D27/><U44/><E96/><V116/><F116/><W5/><G10/><T0/><D0/><U33/><E128/><V107/><F68/><W83/><G65/><T71/><D71/><U43/><E58/><V1/><F87/><W52/><G81/><N who="0" m="45223" /><D119/><U125/><E125/><V9/><F45/><W38/><G38/><T98/><D123/><U132/><E132/><V21/><F129/><W135/><G135/><T75/><D75/><U134/><E134/><V17/><F17/><W49/><REACH who="3" step="1"/><G97/><REACH who="3" ten="249,266,303,172" step="2"/><T133/><D133/><U60/><E60/><V126/><F99/><W111/><G111/><T48/><D127/><U42/><AGARI ba="1,1" hai="24,31,33,36,37,42,43,44,47,50,51,54,57,61" machi="42" ten="20,8000,1" yaku="0,1,7,1,9,1,52,2" doraHai="70" who="1" fromWho="1" sc="249,-21,266,93,303,-21,172,-41" owari="228,-17.2,359,45.9,282,8.2,131,-36.9" /></mjloggm>