<mjloggm ver="2.3"><GO type="169" lobby="0"/><UN n0="%E4%BB%A5%E5%A5%B3%E7%A5%9E%E4%B9%8B%E5%90%8D%E8%A8%B1%E9%A1%98" n1="%E3%82%A2%E3%83%AB%E3%82%B4%E3%83%8E%E3%83%BC%E3%83%84" n2="%58%59%47%59" n3="%E3%82%A4%E3%83%BC%E3%82%B1%E3%83%97%E3%83%A9" dan="16,16,16,17" rate="2041.79,2117.56,2072.23,2174.25" sx="M,F,M,M"/><TAIKYOKU oya="0"/><INIT seed="0,0,0,0,5,29" ten="250,250,250,250" oya="0" hai0="132,121,39,82,79,60,111,94,134,120,69,72,27" hai1="40,128,115,19,55,130,84,7,92,50,48,31,93" hai2="41,16,4,24,15,109,102,56,86,127,75,68,37" hai3="66,30,23,76,18,89,101,57,36,13,98,61,45"/><T34/><D39/><U14/><E7/><V99/><F75/><W125/><G125/><T54/><D94/><U58/><E115/><V49/><F37/><W83/><G36/><T105/><D105/><U51/><E31/><V124/><F68/><W96/><G89/><T104/><D104/><U25/><E25/><V113/><F113/><W71/><G71/><T62/><D111/><U17/><E17/><V106/><F4/><W77/><G77/><T32/><D27/><U46/><E50/><V2/><F2/><W35/><G30/><T131/><D131/><U42/><E42/><V33/><F86/><W95/><G45/><T123/><D54/><U53/><E40/><V91/><F91/><W88/><G35/><N who="0" m="13355" /><D62/><U52/><E53/><V28/><F109/><W80/><REACH who="3" step="1"/><G76/><REACH who="3" ten="250,250,250,240" step="2"/><T59/><D59/><U64/><E64/><AGARI ba="0,1" hai="60,64,69,72,79,82,120,121,123,132,134" m="13355" machi="64" ten="40,12000,1" yaku="23,1,52,3" doraHai="29" who="0" fromWho="1" sc="250,130,250,-120,250,0,240,0" /><INIT seed="0,1,0,5,1,64" ten="380,130,250,240" oya="0" hai0="129,96,67,79,134,42,58,52,118,18,17,16,128" hai1="108,27,93,94,76,37,86,87,126,109,103,72,51" hai2="83,57,95,99,116,5,77,26,106,31,89,32,85" hai3="10,68,46,101,59,132,9,102,135,65,98,55,38"/><T6/><D118/><U100/><E37/><V117/><F5/><W34/><G34/><T115/><D115/><U24/><E51/><V121/><F121/><W44/><G102/><N who="1" m="38954" /><E24/><V43/><F43/><N who="3" m="22647" /><G46/><T23/><D134/><N who="3" m="51241" /><G65/><T56/><D6/><U22/><E22/><V12/><F106/><N who="3" m="63799" /><G68/><T104/><D23/><U35/><E27/><V131/><F131/><W73/><G73/><T45/><D67/><U40/><E40/><V41/><F41/><W70/><G70/><T14/><D14/><U4/><E4/><V61/><REACH who="2" step="1"/><F12/><REACH who="2" ten="380,130,240,240" step="2"/><W1/><G1/><T81/><D42/><U114/><E35/><V39/><F39/><W20/><G20/><T28/><D128/><U113/><E126/><V66/><AGARI ba="1,1" hai="26,31,32,57,61,66,77,83,85,89,95,99,116,117" machi="66" ten="30,2000,0" yaku="1,1,0,1,53,0" doraHai="64" doraHaiUra="49" who="2" fromWho="2" sc="380,-11,130,-6,240,33,240,-6" /><INIT seed="1,0,0,1,4,0" ten="369,124,273,234" oya="1" hai0="119,23,88,73,15,12,91,3,35,29,77,7,32" hai1="101,107,133,14,61,57,97,89,66,2,38,86,64" hai2="118,85,52,37,56,104,18,95,82,76,65,98,20" hai3="60,125,92,121,45,130,69,36,24,31,1,102,39"/><U48/><E2/><V131/><F118/><W9/><G121/><T117/><D73/><U11/><E38/><V68/><F37/><W74/><G74/><T124/><D77/><U132/><E48/><V54/><F131/><W129/><G125/><T127/><D3/><U112/><E112/><V43/><F43/><W51/><G102/><T105/><D105/><U27/><E27/><V70/><F104/><W113/><G92/><T44/><D44/><U78/><E78/><V34/><F34/><W79/><G79/><T120/><D120/><U87/><E66/><V71/><F65/><N who="3" m="41127" /><G113/><T122/><D122/><U33/><E33/><V53/><F95/><W81/><G81/><T58/><D58/><U22/><E22/><V108/><F108/><W17/><G17/><T103/><D103/><U42/><E42/><V25/><REACH who="2" step="1"/><F98/><REACH who="2" ten="369,124,263,234" step="2"/><W50/><G39/><T59/><D35/><U41/><E41/><V5/><F5/><N who="3" m="1199" /><G36/><T4/><D32/><U99/><E99/><V8/><F8/><W96/><G96/><T134/><D117/><U123/><E123/><V128/><F128/><N who="3" m="49259" /><G45/><T72/><D119/><U111/><E111/><V63/><AGARI ba="0,1" hai="18,20,25,52,53,54,56,63,68,70,71,76,82,85" machi="63" ten="30,12000,2" yaku="1,1,0,1,54,1,53,3" doraHai="0" doraHaiUra="49" who="2" fromWho="2" sc="369,-30,124,-60,263,130,234,-30" /><INIT seed="2,0,0,5,3,71" ten="339,64,393,204" oya="2" hai0="129,125,16,2,95,30,57,92,103,77,28,67,41" hai1="111,29,101,86,127,18,120,55,87,25,31,76,114" hai2="3,58,53,106,83,35,7,9,78,116,44,126,5" hai3="132,64,123,0,34,33,59,108,134,37,68,84,47"/><V96/><F116/><W122/><G0/><T93/><D2/><U63/><E111/><V1/><F35/><N who="3" m="13323" /><G59/><T118/><D118/><U27/><E114/><V48/><F126/><W65/><G84/><T94/><D125/><U13/><E127/><V119/><F119/><W105/><G105/><T128/><D41/><U36/><E36/><V52/><F96/><W91/><G91/><T82/><D103/><U113/><E113/><V17/><F106/><W51/><G51/><T81/><D16/><U104/><E104/><V12/><F3/><W10/><G10/><T40/><D40/><U85/><E120/><N who="3" m="46122" /><G108/><T43/><D43/><U117/><E117/><V130/><F130/><W107/><G107/><T73/><N who="0" m="23552" /><DORA hai="26" /><T115/><D115/><U90/><E101/><V121/><F1/><W22/><G22/><T99/><D99/><U133/><E133/><N who="3" m="51306" /><G68/><T80/><D77/><U4/><E76/><V6/><F121/><W61/><G61/><N who="0" m="38319" /><D73/><U74/><E74/><V39/><F78/><W66/><G47/><T88/><D88/><U97/><E90/><V75/><F75/><W49/><G49/><T109/><D109/><U72/><E72/><V102/><F102/><W32/><N who="3" m="13331" /><W131/><DORA hai="69" /><G131/><AGARI ba="0,0" hai="28,30,80,81,82,128,129,131" m="38319,23552" machi="131" ten="50,6400,0" yaku="19,1,52,2" doraHai="71,26,69" who="0" fromWho="3" sc="339,64,64,0,393,0,204,-64" /><INIT seed="3,0,0,1,0,102" ten="403,64,393,140" oya="3" hai0="79,8,47,33,128,71,6,121,45,38,21,5,89" hai1="31,50,13,22,49,0,134,1,85,48,65,92,78" hai2="91,9,73,52,14,34,43,41,24,127,129,44,130" hai3="16,23,81,51,7,124,57,77,26,53,27,75,11"/><W119/><G124/><T115/><D121/><U19/><E134/><V125/><F73/><W117/><REACH who="3" step="1"/><G27/><REACH who="3" ten="403,64,393,130" step="2"/><T132/><D132/><U36/><E36/><V20/><F125/><W56/><G56/><T123/><D38/><U95/><E65/><V17/><F127/><W90/><G90/><T64/><D89/><U35/><E35/><V84/><F24/><W93/><G93/><T63/><D33/><U108/><E108/><V46/><F34/><W133/><G133/><T106/><D64/><U28/><E92/><V39/><F129/><W76/><G76/><T15/><D79/><U80/><REACH who="1" step="1"/><E95/><REACH who="1" ten="403,54,393,130" step="2"/><V72/><F130/><W62/><G62/><T67/><D63/><U42/><E42/><V58/><F43/><W69/><G69/><T135/><D71/><U66/><E66/><V83/><F41/><W113/><G113/><T122/><D67/><U60/><E60/><V68/><F39/><W10/><G10/><T12/><D128/><U32/><E32/><V131/><F131/><W37/><G37/><T87/><D115/><U120/><E120/><V104/><F9/><W30/><G30/><AGARI ba="0,2" hai="0,1,13,19,22,28,30,31,48,49,50,78,80,85" machi="30" ten="40,1300,0" yaku="1,1,53,0" doraHai="102" doraHaiUra="110" who="1" fromWho="3" sc="403,0,54,33,393,0,130,-13" /><INIT seed="4,0,0,1,3,15" ten="403,87,393,117" oya="0" hai0="93,116,48,124,69,55,104,113,41,130,98,5,112" hai1="43,58,91,126,27,80,73,72,16,17,20,128,67" hai2="26,85,123,9,32,38,45,57,52,125,108,13,47" hai3="56,114,24,61,107,25,88,101,127,133,96,31,71"/><T3/><D116/><U10/><E128/><V134/><F108/><W62/><G114/><T83/><D130/><U44/><E126/><V78/><F123/><W84/><G127/><T131/><D131/><U119/><E119/><V90/><F134/><W0/><G0/><T92/><D124/><U39/><E67/><V95/><F38/><W4/><G133/><T8/><D69/><U105/><E105/><V135/><F135/><W40/><G4/><T6/><D41/><U87/><REACH who="1" step="1"/><E58/><REACH who="1" ten="403,77,393,117" step="2"/><V74/><F125/><W59/><G71/><T118/><D118/><U106/><E106/><V54/><F57/><W76/><G59/><T64/><D64/><U36/><E36/><V121/><F121/><W14/><G56/><T2/><D104/><U34/><E34/><V19/><F32/><W111/><G62/><T81/><D112/><U70/><E70/><V79/><F47/><W30/><G61/><T22/><D113/><U23/><E23/><V21/><F45/><W11/><G107/><T29/><D22/><U7/><E7/><V99/><F21/><W66/><G66/><T120/><D120/><U132/><E132/><V12/><F9/><W82/><G11/><T100/><D8/><U86/><E86/><V50/><F85/><W89/><G84/><T65/><D65/><U53/><E53/><V122/><F54/><W51/><G111/><T110/><D110/><U18/><E18/><V42/><F19/><W75/><G75/><T35/><D55/><U63/><E63/><V115/><F52/><W68/><G68/><T129/><D35/><U60/><E60/><RYUUKYOKU ba="0,1" sc="403,-10,77,30,393,-10,117,-10" hai1="10,16,17,20,27,39,43,44,72,73,80,87,91" /><INIT seed="5,1,1,2,3,80" ten="393,107,383,107" oya="1" hai0="21,23,27,42,46,15,117,102,20,72,132,28,114" hai1="5,53,45,31,118,67,40,29,51,125,47,135,112" hai2="8,57,61,75,103,17,73,65,14,35,97,133,19" hai3="88,71,37,89,43,13,130,87,39,109,111,91,131"/><U129/><E118/><V122/><F122/><W62/><G13/><T116/><D72/><U32/><E112/><V105/><F133/><W126/><G43/><T92/><D114/><U69/><E135/><V70/><F19/><W79/><G62/><T77/><D77/><U83/><E129/><N who="3" m="49162" /><G71/><T9/><D132/><U4/><E125/><V81/><F35/><W16/><G16/><T26/><D102/><U128/><E128/><V98/><F98/><W0/><G0/><T123/><D92/><U1/><E1/><V93/><F105/><W120/><G120/><T49/><D123/><U94/><E94/><V25/><F25/><W22/><G22/><T108/><D108/><N who="3" m="41545" /><G126/><T58/><D58/><U63/><E83/><AGARI ba="1,1" hai="37,39,79,83,87,88,89,91" m="41545,49162" machi="83" ten="40,5200,0" yaku="19,1,52,1,54,1" doraHai="80" who="3" fromWho="1" sc="393,0,107,-55,383,0,107,65" /><INIT seed="6,0,0,1,1,26" ten="393,52,383,172" oya="2" hai0="125,132,6,120,16,102,35,123,71,88,33,107,97" hai1="10,7,78,51,134,92,61,85,63,0,100,64,91" hai2="130,75,129,117,34,53,2,14,13,45,68,112,118" hai3="82,50,73,29,52,17,122,109,121,95,69,8,76"/><V131/><F68/><W18/><G69/><T103/><D71/><U36/><E134/><V43/><F75/><W79/><G109/><T11/><D132/><U99/><E36/><V66/><F66/><W116/><G116/><N who="2" m="44649" /><F34/><W40/><G40/><T90/><D125/><U111/><E111/><V49/><F2/><W23/><G79/><T31/><D103/><U72/><E64/><V77/><F77/><W98/><G8/><T9/><D9/><U25/><E25/><V108/><F108/><W30/><G121/><T55/><D55/><U101/><E101/><V128/><N who="2" m="32768" /><DORA hai="83" /><V41/><F112/><W124/><G17/><T87/><D33/><U28/><E28/><V44/><F43/><W56/><G122/><T20/><D35/><U27/><E27/><V5/><F5/><W39/><G39/><AGARI ba="0,0" hai="13,14,39,41,44,45,49,53" m="32768,44649" machi="39" ten="60,2900,0" yaku="19,1" doraHai="26,83" who="2" fromWho="3" sc="393,0,52,0,383,29,172,-29" /><INIT seed="6,1,0,3,3,73" ten="393,52,412,143" oya="2" hai0="9,2,80,64,115,36,76,35,113,49,112,79,128" hai1="111,47,19,38,46,119,75,17,70,90,16,78,134" hai2="5,104,3,116,18,29,133,44,86,42,37,12,57" hai3="81,82,63,43,59,89,67,56,103,72,45,65,34"/><V22/><F116/><W21/><G34/><T85/><D36/><U108/><E119/><V40/><F104/><W117/><G117/><T7/><D35/><U51/><E70/><V30/><F42/><W87/><G103/><T39/><D39/><U100/><E100/><V52/><F133/><W62/><G21/><T1/><D128/><U24/><E134/><V14/><F3/><W98/><G98/><T83/><D64/><U126/><E126/><V106/><F106/><W84/><G72/><N who="0" m="43111" /><D49/><U15/><E90/><V77/><F12/><AGARI ba="1,0" hai="1,2,7,9,12,76,83,85,112,113,115" m="43111" machi="12" ten="30,3900,0" yaku="15,1,52,2" doraHai="73" who="0" fromWho="2" sc="393,42,52,0,412,-42,143,0" /><INIT seed="7,0,0,1,0,111" ten="435,52,370,143" oya="3" hai0="122,62,105,115,4,19,127,69,37,93,124,32,90" hai1="8,30,71,23,120,102,36,112,99,51,11,110,40" hai2="77,107,48,59,56,78,64,131,82,94,113,129,128" hai3="109,27,49,75,53,46,80,45,34,121,91,73,33"/><W134/><G121/><T16/><D115/><U39/><E110/><V92/><F107/><W119/><G119/><T67/><D122/><U81/><E120/><V52/><F78/><W126/><G109/><T101/><D37/><U74/><E71/><V14/><F14/><W114/><G114/><T3/><D32/><U1/><E51/><V54/><F64/><W55/><G134/><T97/><D4/><U104/><E11/><V44/><F44/><W116/><G116/><T5/><D5/><U76/><E36/><V38/><F38/><W26/><G126/><N who="0" m="48171" /><D3/><U21/><E30/><V7/><F7/><W0/><G49/><T18/><D18/><U100/><E100/><V88/><F113/><W43/><G91/><T65/><D65/><U98/><E98/><AGARI ba="0,0" hai="16,19,62,67,69,90,93,97,98,101,105" m="48171" machi="98" ten="30,2000,0" yaku="18,1,54,1" doraHai="111" who="0" fromWho="1" sc="435,20,52,-20,370,0,143,0" owari="455,55.5,32,-46.8,370,17.0,143,-25.7" /></mjloggm>