<mjloggm ver="2.3"><GO type="169" lobby="0"/><UN n0="%E3%81%93%E3%81%94%E3%81%A6%E3%81%83%E3%83%BC" n1="%E2%97%8E%E3%82%88%E3%81%97%E2%97%8E" n2="%E6%95%97%E5%8C%97%E8%80%85%E3%81%AD%E3%82%8B" n3="%E3%81%AE%E3%81%AF%E3%81%A3%E3%81%A1" dan="16,17,17,16" rate="2017.24,2181.09,2198.36,2190.56" sx="M,M,F,M"/><TAIKYOKU oya="0"/><INIT seed="0,0,0,2,0,124" ten="250,250,250,250" oya="0" hai0="51,128,99,115,107,94,3,6,62,60,4,102,119" hai1="43,8,81,21,73,27,64,26,120,134,85,22,47" hai2="18,9,69,98,56,110,91,54,42,126,41,122,86" hai3="74,84,127,125,30,10,67,2,32,100,5,133,129"/><T7/><D115/><U78/><E134/><V112/><F122/><W87/><G74/><T52/><D119/><U117/><E117/><V33/><F33/><W72/><G72/><T25/><D3/><U66/><E73/><V105/><F69/><W31/><G133/><T46/><D128/><U82/><E8/><V35/><F35/><W121/><G121/><T113/><D113/><U95/><E95/><V59/><F110/><W90/><G100/><T103/><REACH who="0" step="1"/><D25/><REACH who="0" ten="240,250,250,250" step="2"/><U28/><E120/><V132/><F112/><W70/><G2/><T45/><D45/><U71/><E47/><V130/><F130/><W11/><G129/><T65/><D65/><U106/><E66/><V12/><F132/><W38/><G67/><T111/><D111/><U20/><E64/><V75/><F59/><W80/><G125/><T131/><D131/><U23/><E26/><V104/><F126/><W77/><G127/><T63/><D63/><U1/><E1/><V79/><F56/><W50/><G70/><T36/><D36/><U40/><E71/><V92/><F105/><W101/><G38/><T88/><D88/><N who="1" m="51247" /><E106/><V53/><F104/><W44/><G90/><T29/><D29/><U97/><E28/><V16/><F91/><W17/><G31/><T68/><D68/><U118/><E118/><V48/><F79/><W96/><G77/><T135/><D135/><U55/><E78/><V93/><F12/><W114/><G44/><T39/><D39/><U58/><E27/><V83/><F48/><W49/><G49/><T89/><D89/><U116/><N who="1" m="5120" /><DORA hai="109" /><U0/><E116/><RYUUKYOKU ba="0,1" sc="240,30,250,-10,250,-10,250,-10" hai0="4,6,7,46,51,52,60,62,94,99,102,103,107" /><INIT seed="0,1,1,5,5,60" ten="270,240,240,240" oya="0" hai0="75,22,134,131,52,119,17,31,87,48,62,15,80" hai1="11,5,12,35,73,92,132,37,0,78,25,67,13" hai2="106,29,30,115,53,74,55,59,57,3,7,117,124" hai3="126,69,54,2,101,125,102,98,86,77,94,38,127"/><T34/><D119/><U93/><E132/><V135/><F115/><W104/><G2/><T40/><D134/><U120/><E120/><V90/><F106/><W123/><G38/><T26/><D131/><U14/><E37/><V88/><F74/><W44/><G69/><T41/><D75/><U118/><E118/><V20/><F135/><W27/><G27/><T58/><REACH who="0" step="1"/><D62/><REACH who="0" ten="260,240,240,240" step="2"/><U95/><E73/><V56/><F117/><W100/><G125/><T19/><D19/><U51/><E5/><V103/><F124/><W84/><G126/><T9/><D9/><U81/><E11/><V45/><F7/><W129/><G129/><T65/><D65/><U97/><E67/><V28/><F3/><W36/><G127/><T109/><D109/><U6/><E6/><V114/><F114/><W122/><G123/><T68/><D68/><U91/><E0/><V33/><F33/><W111/><G122/><T130/><D130/><U113/><E113/><V1/><F1/><W24/><G111/><T23/><D23/><U82/><E35/><V112/><F112/><W110/><G110/><T71/><D71/><U121/><E121/><V32/><F32/><W116/><G116/><T72/><D72/><U49/><E97/><V89/><F20/><W66/><G98/><T108/><D108/><U18/><E18/><V107/><F45/><W39/><G44/><T47/><D47/><U63/><E63/><V43/><F43/><W50/><G66/><T85/><D85/><U99/><E99/><AGARI ba="1,2" hai="28,29,30,53,55,56,57,59,88,89,90,99,103,107" machi="99" ten="50,6400,0" yaku="29,2,54,1" doraHai="60" who="2" fromWho="1" sc="260,0,240,-67,240,87,240,0" /><INIT seed="1,0,0,4,2,106" ten="260,173,327,240" oya="1" hai0="89,24,48,128,44,116,112,122,95,117,118,72,70" hai1="2,76,80,52,1,6,12,28,91,43,113,92,18" hai2="47,115,58,38,39,9,22,25,134,101,37,23,107" hai3="50,105,120,129,16,110,65,79,100,68,126,3,99"/><U57/><E113/><V75/><F134/><W27/><G120/><T135/><D70/><U40/><E28/><V30/><F115/><W94/><G110/><T64/><D64/><U8/><E2/><V130/><F130/><W35/><G126/><T0/><D0/><U97/><E1/><V53/><F75/><W14/><G3/><T96/><D112/><U26/><E6/><V17/><F9/><W102/><G129/><T86/><D128/><U15/><E15/><V93/><F107/><W11/><G50/><T32/><D135/><U46/><E26/><V34/><F47/><W114/><G79/><T31/><D122/><U82/><E46/><V111/><F111/><W73/><G100/><T4/><D4/><U41/><REACH who="1" step="1"/><E76/><REACH who="1" ten="260,163,327,240" step="2"/><V56/><F30/><W108/><G27/><T13/><D13/><U127/><E127/><V42/><F25/><W125/><G125/><T59/><D44/><U7/><E7/><V90/><F17/><W71/><G16/><T104/><D118/><U131/><E131/><V121/><F121/><W60/><G14/><T20/><D117/><U119/><E119/><V88/><F34/><W62/><G35/><T51/><D32/><U123/><E123/><V45/><F45/><W74/><G114/><T103/><D116/><U84/><E84/><V133/><F133/><W67/><G108/><T54/><D72/><U36/><E36/><V87/><F39/><W19/><G19/><T109/><D109/><U81/><E81/><V66/><F38/><W124/><G124/><T98/><D86/><U78/><E78/><V29/><F37/><RYUUKYOKU ba="0,1" sc="260,15,163,15,327,-15,240,-15" hai0="20,24,31,48,51,54,59,89,95,96,98,103,104" hai1="8,12,18,40,41,43,52,57,80,82,91,92,97" /><INIT seed="1,1,1,5,4,45" ten="275,178,312,225" oya="1" hai0="111,13,77,88,48,115,116,7,92,24,74,82,103" hai1="86,32,134,26,79,126,39,70,73,57,97,112,78" hai2="63,47,15,9,62,107,127,14,42,6,117,91,30" hai3="64,98,54,29,122,131,36,8,21,72,18,85,113"/><U118/><E112/><V31/><F117/><W53/><G122/><T119/><D115/><U22/><E118/><V96/><F127/><W28/><G72/><T81/><D111/><U75/><E70/><V125/><F125/><W60/><G36/><T16/><D103/><U0/><E0/><V59/><F15/><W94/><G131/><T135/><D135/><U17/><E39/><V121/><F121/><W105/><G105/><T38/><D82/><U40/><E32/><V101/><F91/><W108/><G85/><T68/><D68/><U106/><E126/><V67/><REACH who="2" step="1"/><F63/><REACH who="2" ten="275,178,302,225" step="2"/><W34/><G60/><T51/><D116/><U3/><E3/><V109/><F109/><W1/><G1/><T4/><D24/><U11/><E134/><V56/><F56/><W110/><G108/><T43/><D119/><U120/><E120/><V20/><F20/><W84/><G21/><T41/><D13/><U49/><E57/><V87/><F87/><W35/><G84/><T2/><D88/><U90/><E11/><V61/><F61/><W114/><G8/><T83/><D74/><N who="1" m="28171" /><E86/><V10/><F10/><W58/><G110/><T80/><D2/><U123/><E123/><V33/><F33/><W46/><G35/><T76/><D76/><U100/><E90/><V50/><AGARI ba="1,2" hai="6,9,14,30,31,42,47,50,59,62,67,96,101,107" machi="50" ten="20,5200,0" yaku="1,1,0,1,7,1,52,1,53,0" doraHai="45" doraHaiUra="23" who="2" fromWho="2" sc="275,-14,178,-27,302,75,225,-14" /><INIT seed="2,0,0,2,2,32" ten="261,151,377,211" oya="2" hai0="78,85,35,109,105,53,89,125,88,29,23,39,22" hai1="67,132,45,111,13,30,1,73,37,40,18,54,17" hai2="2,115,69,95,36,31,14,135,104,55,64,108,98" hai3="120,72,129,50,110,33,8,43,116,83,62,93,128"/><V27/><F115/><W12/><G116/><T99/><D39/><U126/><E73/><V94/><F36/><W84/><G120/><T44/><D109/><U80/><E111/><V57/><F108/><W130/><G33/><T4/><D125/><U63/><E126/><V24/><F135/><W34/><G34/><T101/><D4/><U28/><E132/><V60/><F104/><W75/><G93/><T51/><D78/><U121/><E121/><V79/><F79/><W96/><G96/><T10/><D10/><U46/><E1/><V19/><F2/><W66/><G110/><T107/><D107/><U7/><E7/><V91/><F31/><W42/><G42/><T119/><D119/><U5/><E5/><V114/><F95/><W47/><G62/><T58/><D89/><U6/><E6/><V122/><F114/><W127/><G66/><T117/><D117/><U131/><E80/><V52/><F55/><W16/><REACH who="3" step="1"/><G127/><REACH who="3" ten="261,151,377,201" step="2"/><T90/><D35/><U97/><E97/><V100/><F122/><W92/><G92/><T61/><D105/><U48/><E131/><V87/><F98/><W9/><G9/><T134/><D134/><U113/><E113/><V15/><F100/><W133/><G133/><T81/><D101/><U0/><E67/><V106/><F106/><W41/><G41/><T49/><D61/><U123/><E63/><N who="2" m="36263" /><F27/><W59/><G59/><T74/><D99/><U112/><E123/><V11/><F11/><W20/><G20/><T25/><D22/><N who="1" m="11567" /><E112/><V3/><F24/><W86/><G86/><T118/><D118/><U71/><E40/><RYUUKYOKU ba="0,1" sc="261,-10,151,-10,377,-10,201,30" hai3="8,12,16,43,47,50,72,75,83,84,128,129,130" /><INIT seed="3,1,1,0,5,69" ten="251,141,367,231" oya="3" hai0="62,30,67,44,38,105,32,63,79,60,29,76,42" hai1="92,97,114,54,82,2,68,109,22,39,41,8,51" hai2="130,111,118,122,74,33,99,104,121,94,55,106,117" hai3="125,7,56,3,16,64,65,75,25,123,85,26,70"/><W116/><G116/><N who="2" m="44649" /><F33/><W31/><G123/><N who="2" m="47113" /><F55/><W14/><G75/><T113/><D113/><U27/><E114/><V17/><F74/><W80/><G125/><T72/><D105/><N who="2" m="40554" /><F17/><W127/><G127/><T81/><D76/><U43/><E54/><V96/><F111/><W83/><G56/><T73/><D73/><U101/><E109/><V57/><F57/><W78/><G70/><T15/><D67/><U36/><E68/><V61/><F61/><W49/><G49/><T103/><D32/><U95/><E51/><V21/><F21/><W35/><G26/><T19/><REACH who="0" step="1"/><D103/><REACH who="0" ten="241,141,367,231" step="2"/><U24/><E101/><V12/><F130/><W110/><G110/><T132/><D132/><U58/><E22/><AGARI ba="1,2" hai="15,19,22,29,30,38,42,44,60,62,63,72,79,81" machi="22" ten="40,2600,0" yaku="1,1,52,1,53,0" doraHai="69" doraHaiUra="91" who="0" fromWho="1" sc="241,49,141,-29,367,0,231,0" /><INIT seed="4,0,0,3,5,114" ten="290,112,367,231" oya="0" hai0="133,115,78,107,88,14,104,84,31,122,59,70,19" hai1="60,124,98,108,7,2,5,100,71,68,103,8,109" hai2="0,4,65,116,131,134,101,111,32,130,69,87,9" hai3="97,55,66,45,96,123,41,127,106,23,56,34,18"/><T82/><D122/><U22/><E22/><V30/><F111/><W35/><G127/><T99/><D70/><U119/><E60/><N who="2" m="40103" /><F87/><W1/><G1/><T105/><D115/><U13/><E13/><V120/><F120/><W27/><G66/><T50/><D31/><U93/><E124/><V92/><F92/><W54/><G54/><T53/><D133/><U49/><E49/><V129/><F101/><W48/><G123/><T79/><REACH who="0" step="1"/><D99/><REACH who="0" ten="280,112,367,231" step="2"/><U36/><E98/><V83/><F134/><W90/><G97/><T16/><D16/><U62/><E68/><V125/><F125/><W28/><G28/><T37/><D37/><U110/><E36/><V42/><F30/><W128/><G106/><T51/><D51/><U25/><E71/><V94/><F131/><W57/><G128/><T44/><D44/><U91/><E108/><V72/><F130/><W126/><G126/><T29/><D29/><U112/><E112/><V40/><F129/><W63/><G56/><T24/><D24/><U102/><E25/><V6/><F6/><W132/><G132/><T118/><D118/><U61/><E119/><V11/><F116/><W10/><REACH who="3" step="1"/><G10/><AGARI ba="0,1" hai="10,14,19,50,53,59,78,79,82,84,88,104,105,107" machi="10" ten="40,3900,0" yaku="1,1,54,1,53,0" doraHai="114" doraHaiUra="38" who="0" fromWho="3" sc="280,49,112,0,367,0,231,-39" /><INIT seed="4,1,0,5,4,1" ten="329,112,367,192" oya="0" hai0="5,107,115,85,129,47,43,3,21,75,68,36,92" hai1="33,19,59,76,114,100,44,128,9,18,26,84,124" hai2="45,134,77,64,40,4,78,49,94,53,60,133,117" hai3="11,8,73,111,15,104,69,10,122,27,131,106,121"/><T81/><D68/><U97/><E124/><V132/><F117/><W12/><G111/><T37/><D37/><U125/><E125/><V29/><F29/><W56/><G69/><T72/><D107/><N who="3" m="41001" /><G56/><T126/><D126/><U20/><E33/><V28/><F28/><W48/><G48/><T51/><D129/><U35/><E35/><V31/><F31/><W25/><G73/><T57/><D21/><U83/><E128/><V23/><F94/><W41/><G41/><T70/><D70/><U42/><E59/><N who="2" m="36895" /><F23/><W0/><G0/><T52/><D115/><U24/><E114/><V13/><F40/><W82/><G82/><T63/><D92/><U96/><E100/><V135/><F135/><W105/><N who="3" m="41009" /><W22/><DORA hai="123" /><G22/><T93/><D93/><U54/><E54/><V62/><F62/><W101/><G101/><T17/><D17/><U127/><E127/><V61/><F61/><W65/><G65/><T58/><D58/><U112/><E112/><V113/><F113/><W32/><G32/><T14/><D36/><U74/><E74/><V67/><F67/><W38/><G38/><T91/><REACH who="0" step="1"/><D3/><REACH who="0" ten="319,112,367,192" step="2"/><U88/><E19/><V87/><F134/><W90/><G131/><T119/><D119/><U2/><E2/><V34/><F133/><W89/><G122/><T86/><D86/><U79/><E18/><V46/><F34/><W71/><G71/><T110/><D110/><U6/><E20/><V16/><F132/><W95/><G95/><T109/><D109/><U116/><E84/><V80/><F87/><W98/><G121/><T99/><D99/><RYUUKYOKU ba="1,1" sc="319,30,112,-10,367,-10,192,-10" hai0="5,14,43,47,51,52,57,63,72,75,81,85,91" /><INIT seed="4,2,1,3,1,109" ten="349,102,357,182" oya="0" hai0="106,76,130,49,0,124,47,119,8,125,80,104,60" hai1="41,29,105,39,79,11,61,113,111,83,57,16,82" hai2="64,50,91,94,98,122,21,87,23,85,135,4,18" hai3="102,42,88,22,74,38,30,48,31,2,70,123,73"/><T108/><D119/><U129/><E111/><V78/><F122/><W89/><G70/><T86/><D108/><U36/><E105/><V116/><F116/><W118/><G2/><T121/><D121/><U69/><E69/><V14/><F135/><W12/><G38/><T20/><D130/><U72/><E129/><V114/><F114/><W133/><G102/><T25/><D60/><U53/><E41/><V55/><F4/><W103/><G103/><T32/><D32/><U54/><E29/><V13/><F64/><W28/><G73/><T43/><D8/><U44/><E113/><V97/><F13/><W112/><G74/><T62/><D62/><U66/><E82/><N who="2" m="47319" /><F23/><W26/><G112/><T37/><D37/><U126/><E126/><N who="0" m="48745" /><D0/><U34/><E34/><V117/><F117/><W15/><G123/><T52/><D43/><U115/><E115/><V99/><F98/><W3/><G3/><T132/><D132/><U77/><E79/><V7/><F7/><W93/><G133/><T100/><D100/><U81/><E83/><V58/><AGARI ba="2,1" hai="14,18,21,50,55,58,87,91,94,97,99" m="47319" machi="58" ten="30,2000,0" yaku="25,1,8,1" doraHai="109" who="2" fromWho="2" sc="349,-12,102,-7,357,36,182,-7" /><INIT seed="5,0,0,3,0,63" ten="337,95,393,175" oya="1" hai0="121,28,91,67,55,12,36,59,118,41,103,107,83" hai1="8,66,113,53,60,95,17,47,82,35,73,23,24" hai2="127,46,64,133,22,42,126,32,99,93,132,39,31" hai3="116,25,130,104,124,20,0,125,87,135,98,119,2"/><U88/><E113/><V49/><F32/><W120/><G87/><T114/><D118/><N who="3" m="45097" /><G120/><T79/><D91/><U70/><E35/><V48/><F31/><N who="3" m="17831" /><G130/><T122/><D114/><U56/><E47/><V131/><F22/><W43/><G43/><T110/><D28/><U44/><E44/><V3/><F3/><N who="3" m="1067" /><G135/><N who="2" m="51785" /><F131/><W75/><G75/><T10/><D41/><U134/><E134/><V19/><F19/><W92/><G104/><T15/><D107/><U105/><E105/><V26/><F26/><W13/><G13/><T69/><D15/><U37/><E37/><V86/><F86/><W76/><G76/><T4/><D36/><U21/><E8/><V111/><F111/><W117/><N who="3" m="45105" /><W62/><DORA hai="9" /><G62/><T71/><D12/><U115/><E115/><V50/><F99/><W18/><G18/><T54/><D10/><U57/><E23/><V96/><F96/><W14/><G14/><T80/><D110/><U30/><E17/><V6/><F6/><W5/><G5/><T102/><D4/><U45/><E73/><V81/><F81/><W29/><G29/><T61/><D79/><U34/><E82/><V52/><F93/><W89/><AGARI ba="0,0" hai="89,92,98,124,125" m="1067,17831,45105" machi="89" ten="50,1600,0" yaku="12,1" doraHai="63,9" who="3" fromWho="3" sc="337,-4,95,-8,393,-4,175,16" /><INIT seed="6,0,0,5,0,125" ten="333,87,389,191" oya="2" hai0="36,48,135,123,72,71,77,113,16,52,94,43,5" hai1="128,0,63,120,23,32,14,70,122,8,54,19,82" hai2="30,127,102,89,133,4,116,87,7,79,9,11,95" hai3="42,97,2,118,12,83,22,61,124,3,104,20,37"/><V47/><F116/><W73/><G118/><T106/><D106/><U88/><E32/><V33/><F127/><W110/><G110/><T57/><D123/><N who="1" m="47147" /><E70/><V74/><F133/><W59/><G42/><T41/><D94/><U53/><E63/><V84/><F74/><W92/><G37/><T34/><D5/><N who="1" m="1063" /><E53/><V15/><F30/><W105/><G104/><T130/><D72/><U13/><E54/><V76/><F33/><W64/><G105/><T38/><D77/><U26/><E82/><V85/><F47/><W99/><G99/><T50/><D16/><N who="1" m="12647" /><E88/><V86/><REACH who="2" step="1"/><F102/><REACH who="2" ten="333,87,379,191" step="2"/><W68/><G73/><T46/><D46/><U121/><BYE who="0" /><N who="1" m="47155" /><U65/><DORA hai="51" /><E65/><UN n0="%E3%81%93%E3%81%94%E3%81%A6%E3%81%83%E3%83%BC" /><V39/><F39/><W55/><G64/><T134/><D34/><U75/><E75/><V115/><F115/><W96/><G124/><T91/><D113/><U35/><E35/><V103/><F103/><W58/><G55/><T29/><D36/><U131/><E14/><AGARI ba="0,1" hai="4,7,9,11,14,15,76,79,84,85,86,87,89,95" machi="14" ten="40,12000,1" yaku="1,1,9,1,8,1,53,2" doraHai="125,51" doraHaiUra="24,1" who="2" fromWho="1" sc="333,0,87,-120,379,130,191,0" owari="333,13.3,-33,-53.3,509,60.9,191,-20.9" /></mjloggm>