<mjloggm ver="2.3"><GO type="169" lobby="0"/><UN n0="%4D%72%52%41%4D%4F" n1="%E3%81%B1%E3%82%93%E3%81%AA%E3%81%93%E3%81%BE%E3%81%A3%E3%81%9F" n2="%71%75%65%79%69%6D%65%6E" n3="%4C%61%72%72%6B" dan="16,17,16,16" rate="2143.16,2240.02,2109.63,2137.74" sx="M,M,M,M"/><TAIKYOKU oya="0"/><INIT seed="0,0,0,2,4,23" ten="250,250,250,250" oya="0" hai0="132,89,37,15,125,70,31,51,19,5,41,60,82" hai1="22,130,46,59,69,91,75,33,27,44,121,102,107" hai2="134,21,87,9,93,101,92,95,99,114,52,43,78" hai3="105,65,108,81,49,109,17,135,100,80,86,116,29"/><T12/><D125/><U64/><E121/><V39/><F114/><W68/><BYE who="1" /><G116/><UN n1="%E3%81%B1%E3%82%93%E3%81%AA%E3%81%93%E3%81%BE%E3%81%A3%E3%81%9F" /><T0/><D132/><U76/><E130/><V53/><F134/><W83/><G135/><T94/><D37/><U131/><E131/><V47/><F9/><W115/><G115/><T3/><D82/><U98/><E59/><V119/><F119/><W30/><G86/><T97/><D31/><N who="1" m="19711" /><E91/><V54/><REACH who="2" step="1"/><F21/><REACH who="2" ten="250,250,240,250" step="2"/><W88/><G108/><T126/><D126/><U73/><E22/><V32/><F32/><W71/><G109/><T127/><D127/><U123/><E123/><V50/><F50/><W7/><G49/><T6/><D51/><U67/><E46/><V10/><F10/><W26/><G7/><T34/><D34/><U48/><E76/><V117/><F117/><W40/><G40/><T13/><D5/><U45/><E45/><V61/><F61/><W133/><G133/><T57/><D41/><N who="1" m="24591" /><E67/><V8/><F8/><W28/><G65/><T62/><D6/><U106/><E106/><V120/><F120/><W16/><G105/><T84/><D62/><AGARI ba="0,1" hai="62,64,69,73,75,98,102,107" m="24591,19711" machi="62" ten="30,2000,0" yaku="25,1,52,1" doraHai="23" who="1" fromWho="0" sc="250,-20,250,30,240,0,250,0" /><INIT seed="1,0,0,5,0,0" ten="230,280,240,250" oya="1" hai0="59,83,69,72,39,30,64,4,17,126,13,12,93" hai1="66,80,84,135,67,78,46,131,58,1,107,40,60" hai2="102,116,2,16,14,62,11,104,71,47,22,110,53" hai3="73,18,109,52,25,101,89,19,49,24,31,8,75"/><U9/><E131/><V70/><F110/><W115/><G115/><T74/><D126/><U38/><E135/><V114/><F116/><W50/><G109/><T43/><D69/><U92/><E107/><V51/><F114/><W86/><G101/><T23/><D30/><U106/><E106/><V99/><F2/><W45/><G50/><T54/><D64/><U85/><E92/><V125/><F125/><W29/><G29/><T20/><D83/><U103/><E103/><V6/><REACH who="2" step="1"/><F62/><REACH who="2" ten="230,280,230,250" step="2"/><W128/><G128/><T79/><D74/><N who="1" m="43095" /><E67/><V36/><F36/><W127/><G127/><T130/><D72/><U123/><E123/><V44/><F44/><W21/><G19/><T56/><D39/><U81/><E81/><V119/><F119/><W77/><G77/><T97/><D79/><U27/><E27/><V7/><F7/><AGARI ba="0,1" hai="1,7,9,38,40,46,58,60,66,84,85" m="43095" machi="7" ten="30,2900,0" yaku="25,1,52,1" doraHai="0" who="1" fromWho="2" sc="230,0,280,39,230,-29,250,0" /><INIT seed="1,1,0,2,5,103" ten="230,319,201,250" oya="1" hai0="18,115,111,110,16,77,88,31,54,49,50,1,65" hai1="74,119,93,17,39,36,95,92,104,120,124,117,24" hai2="78,5,105,27,34,48,116,71,73,21,113,42,9" hai3="29,11,19,53,123,10,38,30,8,127,32,128,40"/><U12/><E120/><V83/><F116/><W75/><G75/><T102/><D115/><U0/><E0/><V100/><F113/><W91/><G123/><T60/><D1/><U51/><E74/><V81/><F71/><W107/><G38/><T80/><D31/><U70/><E70/><V37/><F34/><W2/><G40/><T33/><D33/><U118/><E124/><V63/><F83/><W114/><G53/><T62/><D102/><U69/><E69/><V26/><F63/><W134/><G91/><T43/><D43/><U35/><E51/><V84/><F21/><W101/><G114/><T67/><D80/><U13/><E104/><V85/><F85/><W52/><G127/><T28/><D28/><U112/><E112/><V98/><F48/><W61/><G2/><T126/><D126/><U14/><E35/><V135/><F84/><W132/><G19/><T66/><D66/><U129/><E129/><V109/><F135/><N who="3" m="51755" /><G128/><T22/><D22/><AGARI ba="1,0" hai="12,13,14,17,22,24,36,39,92,93,95,117,118,119" machi="22" ten="50,4800,0" yaku="29,2" doraHai="103" who="1" fromWho="0" sc="230,-51,319,51,201,0,250,0" /><INIT seed="1,2,0,4,2,63" ten="179,370,201,250" oya="1" hai0="55,113,125,112,124,81,19,132,62,80,94,57,103" hai1="0,28,47,35,105,66,96,131,129,48,72,34,25" hai2="27,42,133,54,5,39,76,126,51,46,73,102,11" hai3="37,78,135,87,9,95,3,121,23,127,120,60,117"/><U49/><E72/><V115/><F126/><N who="0" m="48746" /><D132/><U59/><E0/><V89/><F133/><W134/><G37/><T13/><D94/><U33/><E105/><V4/><F115/><N who="0" m="44106" /><D103/><U75/><E75/><V69/><F102/><W99/><G121/><T123/><D123/><U40/><E96/><V26/><F4/><W14/><G117/><T58/><D58/><U119/><E119/><V108/><F108/><W53/><G120/><T8/><AGARI ba="2,0" hai="8,13,19,55,57,62,80,81" m="44106,48746" machi="8" ten="30,1100,0" yaku="18,1" doraHai="63" who="0" fromWho="0" sc="179,17,370,-7,201,-5,250,-5" /><INIT seed="2,0,0,4,3,104" ten="196,363,196,245" oya="2" hai0="75,21,67,39,30,24,8,94,22,121,91,85,40" hai1="9,52,87,36,135,15,78,57,125,55,128,58,50" hai2="106,37,100,114,89,4,80,88,2,133,96,16,59" hai3="84,28,44,35,117,92,112,98,111,110,119,103,126"/><V49/><F37/><W62/><G28/><T68/><D121/><U33/><E36/><V19/><F114/><W90/><G35/><T79/><D68/><U95/><E33/><V131/><F133/><W82/><G62/><T61/><D8/><U118/><E118/><V25/><F131/><W3/><G3/><T63/><D22/><U14/><E128/><V124/><F124/><W81/><G44/><T113/><D113/><U20/><E125/><V99/><F89/><W34/><G34/><T23/><D23/><U43/><E43/><V122/><F122/><W73/><G112/><T66/><D63/><U102/><E135/><V53/><F25/><W93/><G126/><T70/><D66/><U107/><E107/><V31/><F31/><W130/><G130/><T71/><D71/><U41/><E41/><V77/><F96/><W26/><G26/><T116/><D116/><N who="3" m="44617" /><G82/><T108/><D108/><N who="3" m="41513" /><G81/><T51/><D61/><U101/><E15/><V129/><F129/><W11/><G11/><T38/><D67/><U47/><E20/><V13/><F2/><W134/><G134/><T18/><D70/><U69/><E47/><V32/><F32/><W48/><G48/><T1/><D1/><U97/><E69/><V132/><F132/><W27/><G27/><T6/><D30/><U56/><E14/><V10/><REACH who="2" step="1"/><F88/><REACH who="2" ten="196,363,186,245" step="2"/><W83/><G83/><N who="0" m="45567" /><D39/><U54/><E97/><V12/><F12/><W115/><G115/><T105/><D38/><U76/><E102/><V29/><F29/><W5/><G103/><T17/><D24/><U45/><E101/><V120/><F120/><RYUUKYOKU ba="0,1" sc="196,-10,363,-10,186,30,245,-10" hai2="4,10,13,16,19,49,53,59,77,80,99,100,106" /><INIT seed="2,1,1,3,5,28" ten="186,353,216,235" oya="2" hai0="17,103,83,121,101,13,29,122,57,86,8,30,116" hai1="93,112,10,69,26,105,114,43,63,22,125,120,6" hai2="61,38,55,0,70,118,130,100,132,46,89,36,124" hai3="21,68,7,9,133,54,74,85,65,60,127,3,111"/><V110/><F118/><W47/><G74/><T25/><D116/><U64/><E105/><V11/><F100/><W119/><G119/><T48/><D121/><U80/><E120/><V50/><F89/><W96/><G133/><T2/><D2/><U37/><E125/><V42/><F11/><W84/><G127/><T129/><D129/><U115/><E93/><V66/><F0/><W1/><G111/><T67/><D122/><U79/><E43/><V27/><F27/><W75/><G75/><T77/><D30/><U16/><E37/><N who="2" m="21839" /><F124/><W107/><G1/><T88/><D77/><U104/><E104/><V87/><F87/><W15/><G3/><T44/><D57/><U97/><E97/><V40/><F132/><W5/><G21/><T14/><D67/><U39/><E39/><N who="2" m="14891" /><F130/><W18/><G5/><T134/><D14/><U4/><REACH who="1" step="1"/><E10/><REACH who="1" ten="186,343,216,235" step="2"/><V126/><F126/><W106/><G107/><T109/><D134/><U123/><E123/><V102/><F102/><W90/><G106/><T49/><D109/><U62/><E62/><V52/><F110/><W135/><G96/><T73/><D73/><AGARI ba="1,2" hai="4,6,16,22,26,63,64,69,73,79,80,112,114,115" machi="73" ten="40,2600,0" yaku="1,1,54,1,53,0" doraHai="28" doraHaiUra="99" who="1" fromWho="0" sc="186,-29,343,49,216,0,235,0" /><INIT seed="3,0,0,2,5,6" ten="157,392,216,235" oya="3" hai0="129,5,48,24,76,81,74,34,113,133,119,35,80" hai1="117,134,0,87,41,130,114,39,65,54,1,13,15" hai2="8,96,60,98,70,55,27,12,4,10,61,43,32" hai3="131,107,53,63,67,122,3,116,93,78,104,2,94"/><W64/><G116/><T85/><D119/><U38/><E65/><V73/><F73/><W91/><G78/><T108/><D108/><U46/><E87/><V83/><F43/><W72/><G72/><T106/><D129/><U19/><E41/><V135/><F135/><W126/><G131/><T79/><D106/><U75/><E75/><V105/><F83/><W52/><G126/><T47/><D133/><U118/><E46/><V89/><F32/><W23/><G23/><T99/><D113/><U56/><E56/><V59/><F27/><W132/><G132/><T51/><D99/><U101/><E134/><V57/><F70/><W36/><G91/><T11/><D24/><U71/><E101/><V77/><F77/><W102/><G102/><T44/><D51/><U110/><E19/><V37/><F37/><W69/><G69/><T40/><REACH who="0" step="1"/><D47/><REACH who="0" ten="147,392,216,235" step="2"/><U20/><E114/><V103/><F105/><W92/><G36/><T45/><D45/><U123/><E130/><V86/><F103/><W14/><G104/><T112/><D112/><U22/><E110/><V82/><REACH who="2" step="1"/><F10/><REACH who="2" ten="147,392,206,235" step="2"/><W42/><G107/><T68/><D68/><U33/><E71/><V109/><F109/><W127/><G127/><T100/><D100/><U128/><E128/><V49/><F49/><W88/><G42/><T124/><D124/><U90/><E39/><V7/><F7/><W97/><G97/><T84/><D84/><U111/><E38/><V30/><F30/><W21/><G122/><T16/><D16/><N who="1" m="10255" /><E111/><V125/><F125/><W18/><G18/><T120/><D120/><U95/><E123/><RYUUKYOKU ba="0,2" sc="147,15,392,-15,206,15,235,-15" hai0="5,11,34,35,40,44,48,74,76,79,80,81,85" hai2="4,8,12,55,57,59,60,61,82,86,89,96,98" /><INIT seed="4,1,2,3,1,100" ten="162,377,221,220" oya="0" hai0="90,113,78,71,103,115,89,34,12,127,3,19,67" hai1="117,40,121,70,8,36,1,98,50,69,122,39,76" hai2="74,130,64,124,51,37,60,38,23,21,58,57,31" hai3="84,29,66,106,123,10,125,94,107,32,116,33,41"/><T110/><D3/><U42/><E98/><V118/><F74/><W55/><G116/><T72/><D34/><U28/><E8/><V92/><F118/><W114/><G41/><T45/><D103/><U44/><E28/><V109/><F109/><W88/><G66/><T11/><D110/><U93/><E93/><V22/><F130/><W25/><G114/><N who="0" m="43531" /><D127/><U27/><E27/><V46/><F31/><W0/><G125/><T108/><D108/><U47/><E76/><V26/><F26/><W56/><G123/><T13/><D45/><U91/><E91/><V75/><F75/><W14/><G0/><T49/><D49/><U135/><E1/><V99/><F58/><W53/><G33/><T48/><D48/><U131/><E117/><V101/><REACH who="2" step="1"/><F124/><REACH who="2" ten="162,377,211,220" step="2"/><W16/><REACH who="3" step="1"/><G55/><AGARI ba="1,3" hai="21,22,23,37,38,46,51,55,57,60,64,92,99,101" machi="55" ten="40,5200,0" yaku="1,1,2,1,53,1" doraHai="100" doraHaiUra="61" who="2" fromWho="3" sc="162,0,377,0,211,85,220,-55" /><INIT seed="5,0,0,5,0,74" ten="162,377,296,165" oya="1" hai0="23,1,40,111,49,95,78,32,128,16,92,114,54" hai1="80,25,27,99,82,29,21,123,119,44,132,135,108" hai2="14,130,36,106,73,64,13,37,17,10,26,77,61" hai3="7,12,11,101,134,79,105,65,94,70,6,122,48"/><U22/><E119/><V85/><F130/><W0/><G122/><T41/><D111/><U67/><E123/><V75/><F106/><W50/><G105/><T118/><D118/><U87/><E108/><V2/><F2/><W120/><G120/><T47/><D32/><U86/><E67/><V58/><F75/><W68/><G94/><T28/><D1/><U126/><E44/><V131/><F131/><W124/><G101/><T31/><D128/><U89/><E99/><V53/><F85/><W24/><G24/><T97/><D114/><U117/><E126/><V56/><F13/><W69/><G65/><T51/><D78/><U30/><REACH who="1" step="1"/><E117/><REACH who="1" ten="162,367,296,165" step="2"/><V72/><F64/><W35/><G124/><T98/><D98/><U3/><E3/><V84/><F58/><W83/><G134/><T107/><D97/><U38/><E38/><V112/><F37/><W113/><G113/><T9/><D47/><U18/><E18/><V81/><F36/><W59/><G0/><T33/><D16/><U62/><E62/><V8/><F112/><W93/><G6/><T129/><D129/><U60/><E60/><V57/><F57/><W15/><G48/><T90/><D51/><U5/><E5/><V133/><F133/><W102/><G50/><T63/><D49/><U34/><E34/><V104/><F61/><W125/><G125/><T43/><D63/><U46/><E46/><V116/><F116/><W42/><G59/><T100/><D33/><U127/><E127/><V96/><F96/><N who="3" m="59663" /><G35/><T19/><D107/><U4/><E4/><V88/><F104/><W20/><G7/><RYUUKYOKU ba="0,1" sc="162,-10,367,30,296,-10,165,-10" hai1="21,22,25,27,29,30,80,82,86,87,89,132,135" /><INIT seed="5,1,1,0,3,108" ten="152,397,286,155" oya="1" hai0="67,6,38,111,77,37,12,11,117,89,4,109,18" hai1="119,14,44,1,114,56,22,88,91,76,106,21,66" hai2="92,9,129,83,135,73,95,87,50,61,101,31,65" hai3="85,39,45,32,54,131,90,40,134,96,33,48,115"/><U2/><E119/><V105/><F135/><W132/><G96/><T36/><D117/><U52/><E106/><V130/><F73/><W93/><G131/><N who="2" m="50185" /><F31/><W81/><G93/><T79/><D67/><U17/><E76/><N who="2" m="46567" /><F50/><W29/><G115/><T24/><D89/><U3/><E114/><V123/><F123/><W30/><G30/><T102/><D102/><U126/><E126/><V43/><F43/><W133/><REACH who="3" step="1"/><G29/><REACH who="3" ten="152,397,286,145" step="2"/><T57/><D109/><U94/><E94/><V125/><F95/><W62/><G62/><T113/><D111/><U70/><E70/><V23/><F92/><W127/><G127/><T42/><D37/><U116/><E116/><V104/><F125/><W98/><G98/><T59/><D36/><U107/><E107/><V78/><F105/><W128/><G128/><T82/><D38/><U69/><E69/><V46/><F104/><W8/><G8/><T72/><D11/><U28/><E28/><V51/><F9/><W99/><G99/><T19/><D4/><U124/><E124/><V64/><F61/><W15/><G15/><T75/><D6/><U26/><E1/><V41/><F101/><W121/><G121/><T86/><D12/><U5/><E2/><V103/><F103/><W84/><G84/><T118/><D86/><U97/><E3/><V53/><F23/><W63/><G63/><T34/><D118/><U35/><E5/><V49/><F78/><W60/><G60/><T13/><D77/><U112/><E22/><V10/><F10/><W122/><G122/><T0/><D79/><U100/><E21/><V20/><F20/><RYUUKYOKU ba="1,2" sc="152,-15,397,-15,286,15,145,15" hai2="41,46,49,51,53,64,65" hai3="32,33,39,40,45,48,54,81,85,90,132,133,134" /><INIT seed="6,2,2,0,4,113" ten="137,382,301,160" oya="2" hai0="95,52,46,16,13,49,108,67,96,27,26,42,56" hai1="41,105,135,0,91,54,48,117,88,82,126,120,107" hai2="11,81,134,129,17,61,31,23,5,73,40,86,102" hai3="43,133,38,111,116,121,55,66,2,74,87,92,1"/><V39/><F73/><W21/><G74/><T71/><D108/><U93/><E0/><V7/><F134/><W32/><G111/><T128/><D128/><U122/><E117/><V132/><F132/><W50/><G133/><T15/><D67/><U60/><E135/><V104/><F129/><W83/><G32/><T9/><D71/><U101/><E126/><V77/><F31/><W64/><G121/><N who="1" m="46698" /><E60/><V118/><F118/><W19/><G116/><T45/><D15/><U75/><E41/><V22/><F22/><W70/><G38/><T85/><D85/><N who="1" m="50231" /><E101/><V78/><F78/><W37/><G37/><T34/><D34/><U100/><E100/><V94/><F104/><W80/><G43/><T112/><D112/><U36/><E36/><V109/><F109/><W33/><G1/><T130/><D130/><U62/><E62/><V84/><F61/><W72/><G2/><T12/><D12/><U123/><E75/><V131/><F131/><W20/><G33/><T4/><D4/><U68/><E68/><V58/><F39/><W90/><G70/><T44/><REACH who="0" step="1"/><D42/><REACH who="0" ten="127,382,301,160" step="2"/><U125/><E123/><V103/><F40/><W124/><G72/><T35/><D35/><U110/><E110/><V76/><F5/><W53/><G124/><T10/><D10/><U25/><E125/><V28/><F11/><W65/><G55/><T3/><D3/><U18/><E54/><V89/><F7/><W115/><G115/><T63/><D63/><U119/><E119/><V99/><F23/><W14/><G21/><T59/><D59/><AGARI ba="2,3" hai="14,19,20,50,53,59,64,65,66,80,83,87,90,92" machi="59" ten="40,5200,0" yaku="25,2,8,1" doraHai="113" who="3" fromWho="0" sc="127,-58,382,0,301,0,160,88" /><INIT seed="7,0,0,0,4,10" ten="69,382,301,248" oya="3" hai0="105,76,47,68,92,26,108,11,74,38,36,132,1" hai1="51,4,71,111,104,16,44,24,109,96,130,17,9" hai2="33,29,37,128,70,0,135,42,20,94,59,19,99" hai3="6,83,28,127,78,123,2,120,113,122,35,7,100"/><W63/><G100/><T14/><D108/><U93/><E71/><V124/><F70/><W101/><G101/><T13/><D132/><U98/><E104/><V133/><F0/><W53/><G113/><T131/><D131/><U84/><E84/><V41/><F33/><W129/><G129/><T22/><D105/><U34/><E98/><V77/><F29/><W54/><G127/><T52/><D68/><U48/><E48/><V90/><F128/><W79/><G35/><T75/><D92/><U110/><E130/><V91/><F77/><W134/><G28/><T67/><D67/><U115/><E115/><V60/><F37/><W97/><G97/><T103/><D103/><U107/><E107/><V32/><F91/><W82/><G134/><N who="2" m="51209" /><F32/><W40/><G40/><T64/><D64/><U55/><E34/><V117/><F117/><W89/><G89/><T56/><D1/><U25/><E25/><N who="2" m="14495" /><F124/><W21/><G21/><T116/><D116/><U15/><E24/><V73/><F73/><W58/><G2/><T18/><D11/><U119/><E119/><V126/><F126/><W49/><G79/><T23/><D76/><U125/><E125/><V61/><F61/><W3/><G3/><T45/><D26/><U12/><E111/><V30/><F30/><W46/><G78/><T114/><D114/><U95/><E110/><V102/><F102/><W27/><G27/><T50/><D50/><U86/><E51/><V57/><F57/><W118/><G118/><T5/><D56/><U62/><E109/><V81/><F81/><W69/><G69/><T85/><D74/><RYUUKYOKU ba="0,0" sc="69,-15,382,-15,301,15,248,15" hai2="41,42,59,60,90,94,99" hai3="6,7,46,49,53,54,58,63,82,83,120,122,123" /><INIT seed="7,1,0,1,2,102" ten="54,367,316,263" oya="3" hai0="67,17,100,66,33,31,25,55,135,132,7,94,65" hai1="34,36,1,129,108,24,118,58,54,79,116,86,92" hai2="69,46,60,50,82,89,53,103,106,95,77,15,23" hai3="39,28,75,122,96,22,3,59,30,114,37,93,131"/><W8/><G122/><T26/><D94/><U74/><E108/><V84/><F69/><W91/><G75/><T128/><D100/><U62/><E129/><V126/><F126/><W52/><G131/><T109/><D7/><U32/><E1/><V112/><F112/><W10/><G114/><T49/><D128/><U56/><E36/><V104/><F103/><W47/><G37/><T101/><D101/><U0/><E0/><V68/><F15/><W42/><G3/><T44/><D17/><U80/><E24/><V13/><F13/><W41/><G41/><T83/><D83/><U19/><E19/><V123/><F23/><W125/><G125/><T134/><D31/><U12/><E12/><V99/><REACH who="2" step="1"/><F123/><REACH who="2" ten="54,367,306,263" step="2"/><W64/><G64/><AGARI ba="1,1" hai="46,50,53,60,64,68,77,82,84,89,95,99,104,106" machi="64" ten="40,8000,1" yaku="1,1,2,1,52,2,53,0" doraHai="102" doraHaiUra="5" who="2" fromWho="3" sc="54,0,367,0,306,93,263,-83" owari="54,-44.6,367,16.7,399,49.9,180,-22.0" /></mjloggm>