<mjloggm ver="2.3"><GO type="169" lobby="0"/><UN n0="%6C%61%79%65%72%38%31" n1="%E5%B2%A9%E4%B8%8A%E9%80%9A%E3%82%8A" n2="%E3%83%8F%E3%82%BA%E3%83%AC" n3="%43%4F%45%44%4F%E7%B7%91" dan="17,16,17,18" rate="2147.29,2118.93,2158.48,2203.13" sx="M,M,M,F"/><TAIKYOKU oya="0"/><INIT seed="0,0,0,0,3,55" ten="250,250,250,250" oya="0" hai0="107,104,23,16,69,60,32,125,87,20,10,61,100" hai1="18,22,120,115,30,47,43,75,0,40,25,123,93" hai2="64,24,133,35,6,106,4,5,37,42,15,51,39" hai3="116,3,124,54,101,109,105,63,38,11,8,36,95"/><T90/><D32/><U86/><E75/><V74/><F74/><W53/><G116/><T88/><D125/><U65/><E115/><V21/><F106/><W91/><G124/><T48/><D10/><U102/><E0/><V111/><F111/><W79/><G79/><T12/><D90/><U129/><E129/><V17/><F133/><W72/><G72/><T82/><D23/><U58/><E18/><V78/><F78/><W119/><G119/><T27/><D27/><U97/><E86/><V98/><F64/><W76/><G105/><T113/><D113/><U114/><E114/><V77/><F77/><W68/><G101/><T2/><D2/><U44/><E123/><V132/><F132/><W89/><G68/><T52/><D69/><U31/><E31/><V83/><F83/><W128/><G91/><T126/><D126/><U46/><E120/><V67/><F67/><W131/><G89/><T7/><D7/><U99/><E97/><V81/><F81/><W34/><G34/><T122/><D122/><U14/><E14/><V49/><F98/><W33/><G33/><T94/><D107/><U121/><E121/><V62/><F62/><AGARI ba="0,0" hai="22,25,30,40,43,44,46,47,58,62,65,93,99,102" machi="62" ten="40,8000,1" yaku="25,2,8,1,52,1" doraHai="55" who="1" fromWho="2" sc="250,0,250,80,250,-80,250,0" /><INIT seed="1,0,0,0,2,57" ten="250,330,170,250" oya="1" hai0="33,36,34,16,106,15,39,28,133,89,123,117,23" hai1="119,104,50,105,41,77,135,126,115,120,59,70,55" hai2="73,53,122,48,127,49,74,102,97,98,47,12,17" hai3="67,44,43,134,10,71,27,31,116,110,103,46,38"/><U65/><E77/><V25/><F122/><W37/><G110/><T32/><D117/><U90/><E120/><V84/><F127/><W94/><G116/><T9/><D123/><U75/><E75/><V68/><F68/><W78/><G134/><T80/><D106/><U128/><E119/><V40/><F84/><W93/><G78/><T14/><D133/><U22/><E135/><V45/><F25/><W82/><G82/><T86/><REACH who="0" step="1"/><D28/><REACH who="0" ten="240,330,170,250" step="2"/><U54/><E105/><V129/><F129/><W72/><G31/><T52/><D52/><U58/><E104/><V13/><F13/><W111/><G27/><T69/><D69/><U99/><E128/><V20/><REACH who="2" step="1"/><F98/><REACH who="2" ten="240,330,160,250" step="2"/><W2/><G71/><T130/><D130/><U26/><E126/><V125/><F125/><W1/><G1/><T24/><D24/><U42/><E70/><V124/><F124/><W0/><G0/><T56/><D56/><U92/><E65/><V5/><F5/><AGARI ba="0,2" hai="5,9,14,15,16,23,32,33,34,36,39,80,86,89" machi="5" ten="40,2600,0" yaku="1,1,54,1,53,0" doraHai="57" doraHaiUra="51" who="0" fromWho="2" sc="240,46,330,0,160,-26,250,0" /><INIT seed="2,0,0,3,2,130" ten="286,330,134,250" oya="2" hai0="90,69,96,120,3,37,132,55,40,4,59,54,26" hai1="77,97,117,102,81,63,11,50,19,112,83,64,109" hai2="35,74,5,71,89,6,70,42,78,10,88,95,18" hai3="110,39,128,91,14,21,135,22,36,82,8,53,133"/><V87/><F35/><W32/><G32/><T28/><D69/><U125/><E117/><V113/><F113/><W131/><G53/><T17/><D120/><U75/><E112/><V30/><F30/><W38/><G110/><T127/><D127/><U134/><E109/><V47/><F18/><N who="3" m="8519" /><G91/><T66/><D66/><U80/><E50/><V13/><F5/><W1/><G82/><T44/><D17/><U48/><E48/><V61/><F61/><W106/><G106/><T103/><D90/><U41/><E41/><V51/><REACH who="2" step="1"/><F89/><REACH who="2" ten="286,330,124,250" step="2"/><W16/><G1/><T99/><D4/><U101/><E125/><V111/><F111/><W62/><G62/><T108/><D3/><U24/><E19/><V72/><F72/><W9/><G9/><T105/><D108/><U123/><E11/><V114/><F114/><W12/><G22/><T2/><D2/><U68/><E75/><V56/><F56/><W92/><G92/><T122/><D59/><U29/><E83/><AGARI ba="0,1" hai="6,10,13,42,47,51,70,71,74,78,83,87,88,95" machi="83" ten="40,7700,0" yaku="1,1,54,1,53,1" doraHai="130" doraHaiUra="45" who="2" fromWho="1" sc="286,0,330,-77,124,87,250,0" /><INIT seed="2,1,0,0,3,120" ten="286,253,211,250" oya="2" hai0="24,89,80,112,74,95,34,123,6,79,36,32,57" hai1="94,106,1,47,48,97,44,53,72,64,113,20,42" hai2="10,39,93,30,132,116,17,115,81,127,63,102,46" hai3="49,118,110,25,26,126,43,29,88,68,13,124,5"/><V78/><F116/><W85/><G118/><T129/><D112/><U101/><E72/><V8/><F115/><W108/><G68/><T128/><D123/><U58/><E113/><V31/><F127/><N who="3" m="48683" /><G5/><T82/><D36/><U50/><E1/><V28/><F132/><W135/><G135/><T54/><D82/><U84/><E106/><V37/><F63/><W4/><G4/><T71/><D71/><U104/><E104/><V2/><F2/><W75/><G75/><T33/><D24/><N who="3" m="9321" /><G13/><T40/><D40/><U16/><E84/><V121/><F121/><W73/><G73/><T133/><D6/><U52/><E64/><V134/><F134/><W103/><G103/><T66/><D66/><U98/><E98/><V109/><F17/><W59/><G29/><T35/><D133/><U99/><E99/><V100/><F100/><W77/><G77/><T96/><N who="0" m="8192" /><DORA hai="51" /><T105/><REACH who="0" step="1"/><D105/><REACH who="0" ten="276,253,211,250" step="2"/><U14/><E42/><V45/><F39/><W131/><G131/><T90/><D90/><U107/><E107/><V0/><F37/><W38/><G38/><T125/><D125/><U119/><REACH who="1" step="1"/><E119/><REACH who="1" ten="276,243,211,250" step="2"/><V7/><F0/><W117/><G117/><T61/><AGARI ba="1,2" hai="54,57,61,74,79,80,89,95,96,128,129" m="8192" machi="61" ten="60,7900,0" yaku="1,1,0,1,52,1,53,0" doraHai="120,51" doraHaiUra="69,15" who="0" fromWho="0" sc="276,102,243,-21,211,-40,250,-21" /><INIT seed="3,0,0,3,1,127" ten="378,222,171,229" oya="3" hai0="33,93,117,113,82,134,69,111,19,130,36,135,13" hai1="14,50,59,10,96,77,34,115,22,107,124,46,125" hai2="6,58,100,37,119,28,86,74,44,45,114,25,55" hai3="49,87,23,47,56,88,57,126,105,61,20,70,92"/><W62/><G126/><T71/><D93/><U85/><E34/><V83/><F74/><W97/><G105/><T106/><D82/><U95/><E115/><V110/><F110/><W16/><G70/><T109/><D117/><U53/><E107/><V108/><F108/><N who="0" m="41546" /><D106/><U116/><E116/><V78/><F114/><W40/><G20/><T51/><D36/><U15/><E15/><V129/><F119/><W60/><REACH who="3" step="1"/><G97/><REACH who="3" ten="378,222,171,219" step="2"/><T81/><D113/><U94/><E22/><N who="2" m="15415" /><F37/><W1/><G1/><T2/><D2/><U131/><E125/><V118/><F118/><W101/><G101/><T4/><D69/><U63/><E124/><V91/><F100/><W35/><G35/><T90/><D71/><U7/><E96/><V104/><F104/><W102/><G102/><T11/><D33/><U121/><E121/><V32/><F32/><W24/><AGARI ba="0,1" hai="16,23,24,40,47,49,56,57,60,61,62,87,88,92" machi="24" ten="30,18000,2" yaku="1,1,0,1,8,1,54,2,53,1" doraHai="127" doraHaiUra="21" who="3" fromWho="3" sc="378,-60,222,-60,171,-60,219,190" /><INIT seed="3,1,0,4,3,94" ten="318,162,111,409" oya="3" hai0="69,33,98,71,114,12,101,6,54,74,3,135,111" hai1="48,65,16,103,86,113,18,134,11,47,81,22,89" hai2="17,121,50,60,129,44,52,104,8,124,110,100,14" hai3="51,87,78,7,42,117,85,55,49,91,66,24,10"/><W130/><G117/><T0/><D111/><U28/><E134/><V82/><F110/><W120/><G120/><T97/><D135/><U76/><E113/><V119/><F119/><W40/><G130/><T128/><D128/><U13/><E65/><V27/><F121/><W26/><G66/><T75/><D33/><U84/><E103/><V106/><F129/><W64/><G64/><T37/><D37/><U61/><E61/><V21/><F124/><W72/><G72/><T80/><D114/><U133/><E28/><V93/><F82/><W70/><G70/><T58/><D75/><U43/><E133/><V67/><F93/><W105/><G105/><T9/><D71/><U77/><REACH who="1" step="1"/><E84/><REACH who="1" ten="318,152,111,409" step="2"/><V20/><F100/><W112/><G87/><T99/><D101/><U92/><E92/><V31/><REACH who="2" step="1"/><F8/><REACH who="2" ten="318,152,101,409" step="2"/><W96/><G10/><T88/><D74/><U36/><E36/><V83/><F83/><W73/><G73/><T59/><D69/><AGARI ba="1,2" hai="14,17,20,21,27,31,44,50,52,60,67,69,104,106" machi="69" ten="30,3900,0" yaku="1,1,7,1,54,1,53,0" doraHai="94" doraHaiUra="30" who="2" fromWho="0" sc="318,-42,152,0,101,62,409,0" /><INIT seed="4,0,0,0,4,6" ten="276,152,163,409" oya="0" hai0="52,126,0,124,7,56,129,70,63,125,68,76,91" hai1="122,23,55,38,24,99,27,17,101,25,58,48,88" hai2="21,44,49,90,79,105,104,2,110,121,108,115,47" hai3="15,64,83,36,72,103,69,107,26,109,39,30,40"/><T45/><D129/><U92/><E38/><V78/><F2/><W60/><G15/><T85/><D76/><U18/><E122/><V16/><F121/><W77/><G40/><T112/><D112/><U35/><E35/><V128/><F128/><W37/><G109/><T80/><D0/><U59/><E18/><V19/><F90/><W131/><G131/><T13/><D45/><U87/><REACH who="1" step="1"/><E59/><REACH who="1" ten="276,142,163,409" step="2"/><V75/><F115/><W74/><G37/><T31/><D31/><U98/><E98/><V66/><F110/><W1/><G36/><T14/><D7/><U123/><E123/><V20/><F108/><W100/><G39/><T4/><D4/><U114/><E114/><V12/><F19/><W61/><G30/><T8/><D8/><U120/><E120/><V81/><F16/><W102/><G69/><AGARI ba="0,1" hai="13,14,52,56,63,68,69,70,80,85,91,124,125,126" machi="69" ten="50,4800,0" yaku="18,1,54,1" doraHai="6" who="0" fromWho="3" sc="276,58,142,0,163,0,409,-48" /><INIT seed="4,1,0,4,1,80" ten="334,142,163,361" oya="0" hai0="135,57,4,112,32,48,78,108,118,35,49,16,21" hai1="89,24,6,56,71,62,77,79,85,114,95,23,22" hai2="87,128,39,40,19,28,68,75,131,66,10,2,31" hai3="88,9,111,101,30,14,113,90,76,124,0,26,100"/><T64/><D118/><U8/><E71/><V33/><F75/><W65/><G111/><T1/><D112/><U74/><E114/><V3/><F68/><W54/><G113/><T27/><D135/><U91/><E74/><V93/><F66/><W37/><G0/><N who="2" m="41" /><F40/><W134/><G37/><T92/><D108/><U133/><E133/><V58/><F58/><W86/><G124/><T53/><D78/><U43/><E43/><V99/><F39/><W12/><G65/><T73/><D73/><U34/><E34/><V55/><F55/><W132/><G76/><T44/><D4/><U125/><E125/><V51/><F51/><W67/><G67/><T98/><D1/><U41/><E41/><V20/><F99/><W61/><G90/><T38/><D38/><U7/><E8/><V126/><F126/><W69/><G69/><T105/><D105/><U104/><E104/><V59/><F59/><N who="3" m="35063" /><G14/><T109/><D109/><U17/><E23/><V83/><F33/><W13/><G134/><T115/><D115/><U116/><E116/><V18/><F10/><W123/><G123/><T36/><D36/><U81/><E77/><N who="2" m="46575" /><F93/><N who="3" m="54423" /><G132/><T97/><D97/><N who="1" m="57583" /><E79/><V70/><F70/><W15/><G9/><T130/><D64/><AGARI ba="1,0" hai="6,7,17,22,24,56,62,64,81,85,91" m="57583" machi="64" ten="30,2000,0" yaku="8,1,52,1" doraHai="80" who="1" fromWho="0" sc="334,-23,142,23,163,0,361,0" /><INIT seed="5,0,0,2,4,11" ten="311,165,163,361" oya="1" hai0="26,124,90,7,128,25,22,62,33,47,1,63,135" hai1="77,119,64,59,58,115,129,93,3,53,10,125,99" hai2="21,106,70,5,121,75,32,31,34,85,108,117,73" hai3="15,81,66,29,103,95,83,105,94,41,122,67,68"/><U52/><E119/><V76/><F85/><W69/><G122/><T12/><D128/><U14/><E115/><V79/><F21/><W55/><G105/><T37/><D124/><U45/><E129/><V134/><F31/><W18/><G41/><T89/><D135/><U88/><E125/><V92/><F92/><N who="3" m="35371" /><G69/><T71/><D1/><U104/><E3/><V20/><F20/><N who="3" m="11359" /><G68/><T110/><D110/><U84/><E104/><V118/><F5/><W13/><G29/><T101/><D101/><U16/><E45/><V74/><F70/><W2/><G2/><T42/><D33/><U36/><E36/><V46/><F46/><W48/><G103/><T17/><D71/><U50/><E64/><N who="3" m="24618" /><G13/><T111/><D111/><U123/><E123/><V28/><F28/><W0/><G0/><T9/><REACH who="0" step="1"/><D26/><REACH who="0" ten="301,165,163,361" step="2"/><U43/><E43/><V4/><F32/><W35/><G35/><T78/><D78/><U44/><E53/><V61/><F108/><W39/><G39/><T38/><D38/><U56/><E77/><V19/><F134/><W57/><AGARI ba="0,1" hai="48,55,57,81,83" m="24618,11359,35371" machi="57" ten="30,2000,0" yaku="8,1,52,1" doraHai="11" who="3" fromWho="3" sc="301,-5,165,-10,163,-5,361,30" /><INIT seed="6,0,0,4,0,65" ten="296,155,158,391" oya="2" hai0="8,89,93,82,127,103,105,19,81,130,57,51,38" hai1="32,52,14,108,98,0,2,100,40,126,5,76,18" hai2="41,60,114,39,64,73,67,92,74,125,1,95,11" hai3="53,107,29,55,56,121,83,30,42,49,75,21,115"/><V72/><F114/><W33/><G121/><T17/><D38/><U88/><E108/><V45/><F125/><W71/><G33/><T91/><D127/><U134/><E126/><V120/><F120/><W118/><G71/><T26/><D130/><U3/><E32/><V31/><F31/><W48/><G107/><T102/><D105/><U61/><E76/><V69/><REACH who="2" step="1"/><F67/><REACH who="2" ten="296,155,148,391" step="2"/><W12/><G30/><T68/><D19/><U133/><E5/><AGARI ba="0,1" hai="1,5,11,39,41,45,60,64,69,72,73,74,92,95" machi="5" ten="40,7700,0" yaku="1,1,2,1,52,1,53,0" doraHai="65" doraHaiUra="113" who="2" fromWho="1" sc="296,0,155,-77,148,87,391,0" /><INIT seed="6,1,0,1,5,65" ten="296,78,235,391" oya="2" hai0="73,115,102,125,107,134,33,128,61,88,110,19,83" hai1="97,120,36,117,9,53,82,91,50,22,16,105,57" hai2="10,4,132,56,93,35,108,124,31,98,60,103,95" hai3="71,13,92,78,123,32,104,38,126,74,77,75,131"/><V67/><F124/><W80/><G32/><T133/><D110/><U47/><E120/><V89/><F132/><N who="0" m="50794" /><D33/><U27/><E117/><V85/><F108/><W5/><G38/><T109/><D109/><U119/><E119/><V15/><F35/><W11/><G123/><T1/><D1/><U87/><E105/><V44/><F44/><W94/><G104/><T54/><D125/><U3/><E3/><V63/><F63/><W23/><G126/><T20/><D115/><U30/><E36/><V111/><F111/><W99/><G71/><T52/><D128/><U46/><E97/><V0/><F0/><W130/><G23/><T64/><D73/><U39/><E39/><V116/><REACH who="2" step="1"/><F116/><REACH who="2" ten="296,78,225,391" step="2"/><W122/><G122/><T70/><D107/><U51/><REACH who="1" step="1"/><E50/><REACH who="1" ten="296,68,225,391" step="2"/><V100/><F100/><W41/><G131/><T96/><D102/><U69/><E69/><V28/><AGARI ba="1,2" hai="4,10,15,28,31,56,60,67,85,89,93,95,98,103" machi="28" ten="30,6000,0" yaku="1,1,0,1,8,1,53,0" doraHai="65" doraHaiUra="12" who="2" fromWho="2" sc="296,-21,68,-21,225,83,391,-21" /><INIT seed="6,2,0,4,4,96" ten="275,47,308,370" oya="2" hai0="79,105,120,133,127,54,73,24,34,112,70,8,17" hai1="33,19,68,99,26,108,46,69,80,55,29,130,43" hai2="66,30,32,14,125,49,11,64,12,10,47,103,88" hai3="31,22,100,126,71,1,76,97,116,15,95,28,81"/><V61/><F125/><W118/><G1/><T122/><D70/><U84/><E108/><V67/><F61/><W86/><G126/><T18/><D127/><U52/><E130/><V129/><F129/><W63/><G15/><T107/><D112/><U3/><E3/><V23/><F32/><W119/><REACH who="3" step="1"/><G22/><REACH who="3" ten="275,47,308,360" step="2"/><T25/><D120/><U123/><E123/><V106/><F14/><W93/><G93/><T48/><D122/><U42/><E42/><V13/><F13/><W92/><G92/><T124/><D124/><U50/><E19/><V132/><F12/><W27/><G27/><T78/><D25/><U85/><E85/><V135/><F23/><W134/><G134/><T44/><D133/><U21/><E33/><V45/><F132/><W82/><G82/><T37/><D34/><U113/><E113/><V74/><F135/><W77/><G77/><T91/><D78/><U38/><E99/><V101/><F106/><W111/><G111/><T35/><D105/><U9/><E9/><V115/><F115/><W104/><G104/><T87/><D107/><U7/><E7/><V121/><F121/><W41/><G41/><N who="0" m="22575" /><D79/><U51/><E38/><V114/><F114/><W36/><G36/><T90/><D87/><U58/><REACH who="1" step="1"/><E43/><REACH who="1" ten="275,37,308,360" step="2"/><V75/><F10/><W98/><G98/><T110/><D8/><U56/><E56/><V72/><F11/><W117/><G117/><T40/><D40/><U2/><E2/><V16/><F74/><W60/><G60/><T0/><D73/><U57/><E57/><V6/><F72/><W5/><G5/><T62/><D110/><RYUUKYOKU ba="2,2" sc="275,-15,37,15,308,-15,360,15" hai1="21,26,29,46,50,51,52,55,58,68,69,80,84" hai3="28,31,63,71,76,81,86,95,97,100,116,118,119" /><INIT seed="7,3,2,5,5,23" ten="260,52,293,375" oya="3" hai0="48,20,127,100,0,111,92,112,11,33,27,28,19" hai1="134,76,35,31,130,22,109,93,8,12,119,95,106" hai2="80,9,99,118,121,64,122,14,43,87,133,67,21" hai3="40,63,65,68,42,113,45,102,29,10,24,6,51"/><W104/><G113/><T79/><D111/><U60/><E76/><V117/><F43/><W108/><G108/><T25/><D112/><U101/><E22/><V71/><F133/><W58/><G58/><T107/><D107/><U15/><E60/><V57/><F71/><W135/><G135/><T61/><D127/><U88/><E109/><V13/><F99/><N who="3" m="61535" /><G51/><T2/><D79/><U38/><E106/><V3/><F3/><N who="3" m="351" /><G45/><T125/><D125/><U17/><E8/><V16/><F117/><W46/><G46/><T30/><D61/><U78/><E31/><V47/><F47/><W55/><G55/><T59/><D100/><U73/><E78/><V81/><F118/><W84/><G84/><T115/><D92/><U129/><E35/><AGARI ba="3,2" hai="24,29,35,40,42,63,65,68" m="351,61535" machi="35" ten="30,2900,0" yaku="25,1,52,1" doraHai="23" who="3" fromWho="1" sc="260,0,52,-38,293,0,375,58" owari="260,-14.0,14,-48.6,293,9.3,433,53.3" /></mjloggm>