<mjloggm ver="2.3"><GO type="169" lobby="0"/><UN n0="%37%34%31%34%4E%6D%73%6C" n1="%74%6F%72%69%30%36%31%32" n2="%E3%81%8B%E3%82%81%E3%81%98%E3%82%8D%E3%81%86" n3="%E6%89%8B%E6%8A%BC%E3%81%97%E8%BB%8A" dan="16,18,17,16" rate="2040.22,2189.09,2210.44,2083.99" sx="M,M,M,M"/><TAIKYOKU oya="0"/><INIT seed="0,0,0,0,5,16" ten="250,250,250,250" oya="0" hai0="25,58,31,0,54,76,113,66,110,55,129,98,120" hai1="67,35,131,99,12,28,69,52,15,48,122,75,24" hai2="57,102,128,84,109,39,83,132,27,7,17,121,127" hai3="37,5,29,63,106,53,124,62,36,6,73,126,90"/><T93/><D113/><U30/><E75/><V41/><F121/><W81/><G106/><T40/><D120/><U87/><E122/><V26/><F109/><W3/><G29/><T92/><D0/><U91/><E131/><V32/><F128/><W77/><G90/><T116/><D116/><U8/><E99/><V112/><F112/><W105/><G105/><T42/><D129/><U95/><E30/><V34/><F132/><W114/><G114/><T100/><D76/><U59/><REACH who="1" step="1"/><E8/><REACH who="1" ten="250,240,250,250" step="2"/><V61/><F127/><W45/><G126/><T47/><D110/><U119/><E119/><V2/><F34/><W134/><G124/><T111/><D111/><U104/><E104/><V78/><F32/><W135/><G135/><T33/><D92/><U60/><AGARI ba="0,1" hai="12,15,24,28,35,48,52,59,60,67,69,87,91,95" machi="60" ten="30,7900,0" yaku="1,1,0,1,54,1,53,1" doraHai="16" doraHaiUra="44" who="1" fromWho="1" sc="250,-39,240,89,250,-20,250,-20" /><INIT seed="1,0,0,1,4,88" ten="211,329,230,230" oya="1" hai0="48,37,69,18,93,108,91,15,70,122,38,44,8" hai1="135,53,103,67,1,116,25,120,101,11,54,17,66" hai2="12,0,94,71,126,33,113,30,34,76,109,39,95" hai3="4,51,41,102,84,110,82,75,128,19,35,81,7"/><U65/><E120/><V26/><F71/><W58/><G35/><T59/><D108/><U78/><E116/><V14/><F0/><W111/><G75/><T52/><D122/><U79/><E135/><V92/><F39/><W77/><G82/><T98/><REACH who="0" step="1"/><D37/><REACH who="0" ten="201,329,230,230" step="2"/><U89/><E1/><V42/><F109/><W21/><G111/><T2/><D2/><U123/><E123/><V46/><F113/><W125/><G110/><T119/><D119/><U56/><E79/><V99/><F76/><W5/><G128/><T133/><D133/><U3/><E78/><V63/><F126/><W28/><G125/><T97/><D97/><U115/><E3/><V104/><F34/><W57/><G28/><T107/><D107/><U6/><E115/><V105/><F63/><W129/><G129/><T100/><D100/><U73/><E103/><V114/><F114/><W24/><REACH who="3" step="1"/><G102/><REACH who="3" ten="201,329,230,220" step="2"/><T74/><D74/><U43/><E101/><V29/><F29/><W40/><G40/><AGARI ba="0,2" hai="8,15,18,38,40,44,48,52,59,69,70,91,93,98" machi="40" ten="40,5200,0" yaku="1,1,52,1,54,1,53,0" doraHai="88" doraHaiUra="22" who="0" fromWho="3" sc="201,72,329,0,230,0,220,-52" /><INIT seed="2,0,0,1,5,45" ten="273,329,230,168" oya="2" hai0="39,124,48,73,9,100,11,121,27,37,24,61,93" hai1="22,6,82,105,15,77,91,79,117,102,99,111,43" hai2="60,116,113,64,20,25,35,112,89,55,47,34,40" hai3="69,74,88,52,120,13,30,18,66,12,106,4,53"/><V33/><F116/><W46/><G74/><T122/><D73/><U17/><E111/><V38/><F89/><W119/><G106/><T23/><D61/><U57/><E117/><V78/><F78/><W126/><G119/><T86/><D86/><U75/><E79/><V104/><F104/><W134/><G120/><T44/><D44/><U76/><E76/><V41/><F41/><W125/><G30/><T108/><D93/><U135/><E135/><V130/><F55/><W16/><G4/><T36/><D100/><U54/><E43/><V31/><REACH who="2" step="1"/><F130/><REACH who="2" ten="273,329,220,168" step="2"/><W51/><G53/><T67/><D122/><U1/><E91/><V14/><F14/><N who="3" m="5739" /><G134/><T26/><D121/><U115/><E6/><V96/><F96/><W114/><G114/><T107/><D107/><U59/><E115/><V65/><F65/><W68/><G66/><T32/><D67/><U131/><E131/><V129/><F129/><W127/><G88/><T81/><D108/><U8/><E77/><V19/><F19/><AGARI ba="0,1" hai="16,18,19,46,51,52,68,69,125,126,127" m="5739" machi="19" ten="40,8000,1" yaku="18,1,52,1,54,2" doraHai="45" who="3" fromWho="2" sc="273,0,329,0,220,-80,168,90" /><INIT seed="3,0,0,2,5,19" ten="273,329,140,258" oya="3" hai0="95,50,46,121,70,79,111,106,97,109,81,35,2" hai1="44,57,49,93,108,26,90,25,7,32,68,11,92" hai2="12,125,5,20,51,64,73,87,110,102,135,48,76" hai3="14,17,54,52,130,38,67,123,127,88,104,43,85"/><W114/><G123/><T21/><D121/><U105/><E68/><V132/><F73/><W15/><G104/><T89/><D70/><U1/><E105/><V113/><F113/><W53/><G114/><T30/><D2/><U40/><E108/><N who="0" m="41545" /><D35/><U122/><E122/><V71/><F110/><W62/><G15/><T83/><D106/><U16/><E32/><V72/><F72/><W28/><G28/><T56/><D56/><U39/><E93/><V4/><F102/><W77/><G77/><T66/><D66/><U128/><E128/><V42/><F125/><W34/><G34/><T18/><D30/><U41/><E41/><V74/><F74/><W94/><G130/><T75/><D79/><U117/><E117/><V10/><F64/><W107/><G107/><T29/><D29/><U59/><E39/><V131/><F71/><W31/><G31/><T80/><D75/><U112/><E112/><V91/><F76/><W133/><G127/><T134/><D134/><N who="2" m="51242" /><F131/><W63/><G133/><T118/><D118/><U22/><REACH who="1" step="1"/><E26/><REACH who="1" ten="273,319,140,258" step="2"/><V58/><F42/><W65/><G43/><N who="0" m="24927" /><D80/><U103/><E103/><V60/><F48/><W100/><G100/><T82/><D82/><U8/><E8/><V101/><F10/><N who="3" m="6359" /><G38/><T124/><D124/><U37/><E37/><V27/><F51/><W13/><G13/><AGARI ba="0,1" hai="13,18,21,81,83,89,95,97" m="24927,41545" machi="13" ten="30,2000,0" yaku="14,1,52,1" doraHai="19" who="0" fromWho="3" sc="273,30,319,0,140,0,258,-20" /><INIT seed="4,0,0,2,0,3" ten="303,319,140,238" oya="0" hai0="42,4,84,70,126,39,102,104,88,93,68,10,96" hai1="66,11,27,29,43,33,45,58,49,72,69,13,23" hai2="109,124,32,122,51,97,53,78,82,37,50,117,115" hai3="25,81,116,34,46,44,67,89,74,90,36,24,60"/><T119/><D119/><U2/><E72/><V130/><F109/><W5/><G116/><T91/><D126/><U129/><E129/><V111/><F111/><W16/><G74/><T0/><D42/><U64/><E69/><V135/><F122/><W40/><G46/><T54/><D39/><U83/><E83/><V48/><F117/><W65/><G65/><T8/><D54/><U61/><E2/><V101/><F32/><W94/><G81/><T21/><D21/><U121/><E121/><V41/><F124/><W99/><G34/><T79/><D79/><U110/><E110/><V132/><F130/><W125/><G125/><T57/><D57/><U95/><E95/><V26/><F26/><W113/><G5/><T1/><D91/><U63/><E63/><V15/><F115/><W85/><G16/><T77/><D77/><U62/><E62/><V118/><F53/><W123/><G113/><T76/><D76/><U6/><REACH who="1" step="1"/><E33/><REACH who="1" ten="303,309,140,238" step="2"/><V134/><F118/><W100/><G123/><T52/><D0/><U18/><E18/><V31/><F31/><W38/><G60/><T108/><D108/><U35/><E35/><V56/><F82/><W106/><G67/><AGARI ba="0,1" hai="6,11,13,23,27,29,43,45,49,58,61,64,66,67" machi="67" ten="30,7700,0" yaku="1,1,7,1,8,1,52,1,53,0" doraHai="3" doraHaiUra="75" who="1" fromWho="3" sc="303,0,309,87,140,0,238,-77" /><INIT seed="5,0,0,4,0,75" ten="303,396,140,161" oya="1" hai0="78,116,57,60,81,22,90,71,124,8,51,20,111" hai1="42,102,35,27,30,122,43,40,91,105,54,132,14" hai2="29,101,26,70,69,15,16,85,125,33,120,18,108" hai3="55,47,103,89,17,94,93,98,104,72,25,34,68"/><U65/><E122/><V1/><F108/><W31/><G68/><T67/><D111/><U58/><E65/><V114/><F120/><W112/><G112/><T126/><D116/><U38/><E132/><V128/><F128/><W5/><G5/><T88/><D8/><U12/><E38/><V52/><F125/><N who="0" m="48234" /><D51/><U121/><E121/><V11/><F114/><W113/><G113/><T39/><D39/><U61/><E102/><V56/><F101/><W131/><G131/><T115/><D115/><U9/><E105/><V63/><F1/><W53/><G104/><T87/><D71/><U13/><REACH who="1" step="1"/><E91/><AGARI ba="0,0" hai="20,22,57,60,67,78,81,87,88,90,91" m="48234" machi="91" ten="30,3900,0" yaku="18,1,52,1,54,1" doraHai="75" who="0" fromWho="1" sc="303,39,396,-39,140,0,161,0" /><INIT seed="6,0,0,4,5,39" ten="342,357,140,161" oya="2" hai0="12,10,31,118,93,84,135,28,27,102,25,114,98" hai1="86,50,121,133,51,109,127,53,18,89,66,134,92" hai2="95,126,43,54,106,9,120,55,83,4,49,111,58" hai3="117,22,38,64,63,65,24,40,77,2,122,56,113"/><V124/><F120/><W115/><G2/><T57/><D114/><N who="3" m="43529" /><G122/><T41/><D135/><N who="1" m="51723" /><E109/><V81/><F106/><W8/><G117/><T128/><D118/><U129/><E127/><N who="2" m="48683" /><F111/><W91/><G77/><T30/><D128/><U37/><E37/><V103/><F55/><W36/><G8/><T26/><D57/><U97/><E129/><V108/><F108/><W7/><G7/><T1/><D1/><U72/><E72/><V35/><F35/><W45/><G91/><T20/><D84/><U0/><E0/><N who="2" m="135" /><F43/><W104/><G104/><T116/><D41/><U42/><E66/><V3/><F3/><W132/><G132/><T75/><D75/><U80/><E121/><V90/><F103/><W96/><G96/><AGARI ba="0,0" hai="49,54,58,81,83,90,95,96" m="135,48683" machi="96" ten="30,1500,0" yaku="18,1" doraHai="39" who="2" fromWho="3" sc="342,0,357,0,140,15,161,-15" /><INIT seed="6,1,0,1,4,105" ten="342,357,155,146" oya="2" hai0="50,117,68,34,133,9,115,23,65,116,70,41,95" hai1="76,104,13,0,54,92,36,88,99,79,111,59,71" hai2="52,64,86,19,38,61,87,128,46,30,29,132,103" hai3="49,121,22,10,110,131,7,112,62,72,135,118,24"/><V107/><F132/><W47/><G118/><N who="0" m="45675" /><D34/><U85/><E0/><V32/><F128/><W75/><G121/><T67/><D23/><U2/><E2/><V83/><F19/><W33/><G33/><T90/><D9/><U81/><E71/><N who="0" m="27177" /><D133/><U14/><E36/><V91/><F32/><W11/><G110/><T57/><D115/><U120/><E111/><V43/><F64/><W55/><G112/><T122/><D122/><U31/><E31/><V101/><F107/><W63/><G135/><T15/><D15/><N who="1" m="5643" /><E104/><V102/><REACH who="2" step="1"/><F86/><REACH who="2" ten="342,357,145,146" step="2"/><W93/><G131/><T44/><D57/><AGARI ba="1,1" hai="29,30,38,43,46,52,57,61,83,87,91,101,102,103" machi="57" ten="40,7700,0" yaku="1,1,2,1,54,1,53,0" doraHai="105" doraHaiUra="60" who="2" fromWho="0" sc="342,-80,357,0,145,90,146,0" /><INIT seed="6,2,0,5,0,2" ten="262,357,235,146" oya="2" hai0="129,109,23,113,126,63,121,88,52,39,51,69,29" hai1="110,99,12,50,111,55,70,67,98,134,130,16,85" hai2="54,48,75,31,118,77,112,127,114,9,68,93,82" hai3="124,79,102,6,125,73,64,59,116,41,135,56,76"/><V95/><F118/><W10/><G116/><T33/><D121/><U131/><E134/><V0/><F68/><W28/><G135/><T5/><D109/><U49/><E67/><V26/><F127/><W91/><G102/><T123/><D123/><U81/><E70/><V45/><F0/><W87/><G73/><T86/><D39/><U19/><E85/><V57/><F9/><W133/><G41/><T46/><D33/><U103/><E81/><V107/><F107/><W96/><G96/><T122/><D122/><U11/><E19/><V106/><F106/><W20/><G133/><T89/><D126/><N who="3" m="48745" /><G20/><T92/><D113/><N who="2" m="43626" /><F45/><W18/><G18/><T71/><D129/><U40/><E111/><V3/><F3/><N who="3" m="351" /><G28/><T44/><D29/><U90/><E110/><V61/><F48/><W14/><G14/><T35/><D35/><AGARI ba="2,0" hai="26,31,35,54,57,61,75,77,82,93,95" m="43626" machi="35" ten="30,1500,0" yaku="15,1" doraHai="2" who="2" fromWho="0" sc="262,-21,357,0,235,21,146,0" /><INIT seed="6,3,0,2,2,22" ten="241,357,256,146" oya="2" hai0="128,130,69,98,36,65,77,82,121,73,18,135,45" hai1="12,109,27,92,103,10,46,96,78,129,113,58,35" hai2="72,15,26,1,95,93,67,8,120,29,114,90,44" hai3="47,117,94,37,51,111,60,100,61,79,83,17,127"/><V32/><F120/><W116/><G37/><T115/><D121/><U106/><E109/><V3/><F72/><W19/><G111/><T11/><D115/><U89/><E113/><V74/><F74/><W64/><G127/><T76/><D76/><U2/><E2/><V101/><F114/><W132/><G132/><T56/><D135/><U104/><E78/><V9/><F67/><W75/><G61/><T30/><D69/><U125/><E129/><N who="0" m="49769" /><D98/><U7/><E125/><V5/><F101/><W124/><G124/><T13/><D30/><U134/><E134/><V52/><F90/><W42/><G100/><T55/><D65/><U87/><E46/><V24/><F24/><W107/><G107/><T50/><D36/><U6/><E58/><AGARI ba="3,0" hai="11,13,18,45,50,55,56,58,73,77,82" m="49769" machi="58" ten="30,1000,0" yaku="19,1" doraHai="22" who="0" fromWho="1" sc="241,19,357,-19,256,0,146,0" /><INIT seed="7,0,0,3,1,0" ten="260,338,256,146" oya="3" hai0="107,14,55,27,51,132,118,112,32,73,12,19,49" hai1="96,7,109,110,22,38,114,60,134,133,95,130,18" hai2="85,16,76,88,50,43,34,87,98,63,115,68,39" hai3="53,120,121,100,25,31,3,21,113,64,46,1,42"/><W33/><G64/><T101/><D73/><U13/><E38/><V126/><F34/><W59/><G100/><T11/><D118/><U94/><E130/><V20/><F39/><W124/><G124/><T61/><D132/><N who="1" m="50795" /><E114/><V48/><F126/><W24/><G113/><T36/><D112/><U99/><E60/><V92/><F115/><W26/><G26/><T5/><D36/><U47/><E47/><N who="2" m="25727" /><F68/><W122/><G46/><T40/><D40/><U45/><E45/><V29/><F29/><W35/><G42/><T56/><D107/><U86/><E86/><N who="2" m="32779" /><F76/><W93/><G93/><T57/><D101/><N who="1" m="60567" /><E7/><V17/><F63/><W70/><G70/><T103/><D103/><AGARI ba="0,0" hai="13,18,22,95,99,103,109,110" m="60567,50795" machi="103" ten="30,1000,0" yaku="20,1" doraHai="0" who="1" fromWho="0" sc="260,-10,338,10,256,0,146,0" owari="250,-15.0,348,44.8,256,5.6,146,-35.4" /></mjloggm>