<mjloggm ver="2.3"><GO type="169" lobby="0"/><UN n0="%E3%81%9B%E3%81%A9%E3%81%AA%E3%82%8A%E3%81%82%E3%82%93" n1="%E8%B5%A4%E6%AF%9B%E3%81%AE%E3%82%AD%E3%83%A7%E3%83%B3" n2="%E3%82%AB%E3%83%A9%E6%9D%BE" n3="%E6%B2%B3%E7%AB%A5%E3%81%AE%E3%83%AF%E3%82%AB%E3%83%9E%E3%83%84" dan="17,18,17,17" rate="2201.32,2348.97,2174.38,2207.26" sx="F,M,M,M"/><TAIKYOKU oya="0"/><INIT seed="0,0,0,5,1,128" ten="250,250,250,250" oya="0" hai0="45,33,119,37,6,15,40,22,127,56,88,70,115" hai1="43,12,93,65,100,94,129,72,48,16,34,60,18" hai2="73,122,124,85,96,17,71,131,55,51,77,114,27" hai3="79,64,61,75,84,8,133,25,5,90,24,87,4"/><T67/><D115/><U20/><E72/><V86/><F114/><W106/><G106/><T42/><D119/><U112/><E129/><V113/><F131/><W74/><G79/><T97/><D33/><U29/><E112/><V47/><F71/><W91/><G61/><T111/><D127/><U58/><E100/><V89/><F124/><W7/><G8/><T78/><D78/><U9/><E29/><V46/><F122/><W123/><G64/><T102/><D42/><U39/><E39/><V52/><F73/><W83/><G5/><T66/><D70/><U116/><E34/><V2/><F2/><W105/><G105/><T13/><D111/><U98/><E116/><V80/><F96/><W118/><G118/><T135/><D6/><U1/><E98/><V10/><F113/><W110/><G83/><T57/><D22/><U134/><E134/><V44/><F55/><W3/><G3/><T54/><D135/><U101/><E101/><V104/><F104/><W125/><G125/><T0/><D0/><U35/><E35/><V32/><F32/><W76/><G76/><T63/><D102/><U11/><E1/><V14/><REACH who="2" step="1"/><F27/><REACH who="2" ten="250,250,240,250" step="2"/><W19/><G133/><T81/><D97/><U82/><E65/><V103/><F103/><W49/><G123/><T26/><D26/><U36/><E43/><V68/><F68/><W23/><G110/><T31/><D67/><U107/><E107/><V30/><F30/><W95/><G25/><T53/><D31/><U69/><E69/><V62/><F62/><W108/><G108/><T38/><D66/><U41/><E60/><RYUUKYOKU ba="0,1" sc="250,-10,250,-10,240,30,250,-10" hai2="10,14,17,44,46,47,51,52,77,80,85,86,89" /><INIT seed="1,1,1,2,0,97" ten="240,240,270,240" oya="1" hai0="111,92,52,38,16,84,101,91,62,49,81,90,17" hai1="107,41,37,12,58,114,127,87,15,118,126,133,47" hai2="3,74,21,64,102,70,14,121,89,30,106,24,115" hai3="95,132,82,1,72,134,110,53,31,69,9,80,66"/><U20/><E114/><V108/><F121/><W68/><G110/><T79/><D38/><U56/><E118/><V4/><F108/><W122/><G122/><T93/><D111/><U0/><E0/><V46/><F74/><W43/><G31/><T18/><D62/><U131/><E131/><V27/><F115/><W23/><G23/><T100/><D91/><U99/><E133/><N who="3" m="51306" /><G43/><T119/><D119/><U33/><E33/><V57/><F70/><W13/><G1/><T78/><D92/><U105/><E87/><V104/><F3/><W60/><G69/><T2/><D2/><U25/><E12/><V124/><F124/><N who="1" m="47657" /><E15/><V88/><F27/><W85/><G53/><T103/><D81/><U19/><E105/><V45/><F106/><W77/><G95/><T98/><D84/><U112/><E112/><V35/><F4/><N who="3" m="3239" /><G80/><T96/><D96/><U10/><E10/><V73/><F35/><W51/><G85/><T63/><D63/><U54/><E54/><V130/><F130/><W8/><G8/><T71/><D71/><U65/><E65/><V26/><F64/><W117/><G117/><T50/><D50/><AGARI ba="1,1" hai="50,51,60,66,68,72,77,82" m="3239,51306" machi="50" ten="30,1000,0" yaku="20,1" doraHai="97" who="3" fromWho="0" sc="240,-13,240,0,270,0,240,23" /><INIT seed="2,0,0,1,5,15" ten="227,240,270,263" oya="2" hai0="96,31,130,45,9,104,83,11,109,61,46,124,77" hai1="98,79,47,85,53,106,25,29,123,73,5,118,102" hai2="72,92,21,22,71,10,93,126,30,120,88,34,14" hai3="56,36,116,57,108,26,69,37,50,49,39,119,113"/><V76/><F120/><W62/><G26/><T63/><D109/><U40/><E118/><N who="3" m="45098" /><G108/><T43/><D31/><U87/><E123/><V64/><F126/><W82/><G82/><T44/><D124/><U101/><E5/><V122/><F122/><W74/><G74/><T33/><D33/><U91/><E102/><V78/><F93/><W17/><G17/><T100/><D130/><U4/><E4/><V52/><F34/><W112/><G69/><T127/><D43/><U121/><E121/><V105/><F105/><W51/><G62/><T99/><D99/><U0/><E0/><V28/><F72/><W103/><G103/><T16/><D9/><U38/><E91/><V24/><F22/><W94/><G94/><T134/><D134/><U55/><E73/><V80/><F28/><W117/><N who="3" m="45106" /><W131/><DORA hai="125" /><G131/><T42/><D42/><U135/><E135/><V41/><F80/><W59/><AGARI ba="0,0" hai="36,37,39,49,50,51,56,57,59,112,113" m="45106" machi="59" ten="60,12000,2" yaku="29,2,28,2,34,2" doraHai="15,125" who="3" fromWho="3" sc="227,-30,240,-30,270,-60,263,120" /><INIT seed="3,0,0,1,0,103" ten="197,210,210,383" oya="3" hai0="67,128,58,29,133,120,62,101,119,135,22,114,105" hai1="31,129,46,98,88,12,100,3,70,61,10,51,63" hai2="122,90,85,102,87,0,27,69,54,5,117,68,59" hai3="74,53,81,104,97,11,43,19,108,79,77,38,76"/><W132/><G132/><N who="0" m="50763" /><D119/><U6/><E129/><V2/><F122/><W36/><G108/><T13/><D120/><U24/><E3/><V110/><F117/><W47/><G38/><T84/><D84/><U126/><E126/><V124/><F110/><W123/><G123/><T115/><D128/><U116/><E116/><V73/><F73/><W71/><G71/><T49/><D49/><U78/><E78/><V89/><F124/><W21/><G53/><T92/><D92/><U65/><E63/><V50/><F102/><W125/><G125/><T56/><D56/><U75/><E75/><V16/><F5/><W72/><G72/><T118/><D118/><U106/><E88/><V93/><F69/><W20/><G79/><T41/><D41/><U94/><E94/><V48/><F68/><W15/><REACH who="3" step="1"/><G77/><REACH who="3" ten="197,210,210,373" step="2"/><T96/><D29/><U86/><E86/><V25/><F87/><W95/><G95/><T91/><D91/><U111/><E111/><V17/><F85/><W82/><G82/><T33/><D33/><U1/><E1/><V35/><F35/><W37/><G37/><T9/><D22/><U99/><E70/><V8/><F93/><W39/><G39/><T26/><D67/><U131/><E131/><V60/><F89/><W45/><G45/><T42/><D42/><U112/><E65/><V23/><F90/><W134/><G134/><T113/><D113/><U83/><E112/><V127/><F127/><W55/><G55/><T40/><D115/><U44/><E46/><V107/><F54/><W80/><G80/><T7/><D114/><U30/><E44/><RYUUKYOKU ba="0,1" sc="197,-10,210,-10,210,-10,373,30" hai3="11,15,19,20,21,36,43,47,74,76,81,97,104" /><INIT seed="3,1,1,3,2,32" ten="187,200,200,403" oya="3" hai0="128,93,100,131,124,126,72,82,30,89,39,51,97" hai1="59,119,18,31,116,115,73,43,62,123,92,101,113" hai2="50,38,83,69,133,36,84,74,34,23,53,47,19" hai3="99,27,54,56,87,86,105,21,14,106,67,110,16"/><W80/><G67/><T3/><D39/><U4/><E123/><V46/><F133/><W90/><G110/><T65/><D65/><U125/><E73/><V107/><F74/><W58/><G58/><T64/><D64/><N who="1" m="39007" /><E125/><N who="0" m="48233" /><D30/><U6/><E31/><V2/><F34/><W122/><G122/><T37/><D37/><U134/><E134/><V127/><F107/><W13/><G87/><N who="0" m="50423" /><D51/><U61/><E61/><V135/><F69/><W48/><REACH who="3" step="1"/><G105/><REACH who="3" ten="187,200,200,393" step="2"/><T63/><D72/><U78/><E116/><V60/><F127/><W45/><G45/><T52/><D3/><U95/><E119/><V109/><F2/><W7/><G7/><T10/><D10/><U98/><E4/><V42/><F135/><W41/><G41/><T35/><D35/><U22/><E43/><V85/><F42/><W26/><G26/><T8/><D8/><U25/><E6/><V68/><F46/><W49/><G49/><T15/><D15/><U130/><E25/><V114/><F47/><W112/><G112/><T70/><D70/><U88/><E113/><V55/><F68/><W77/><G77/><T132/><D132/><U79/><E115/><V20/><F114/><W29/><G29/><T81/><D81/><U5/><E5/><V17/><F83/><W28/><G28/><T11/><D11/><U96/><E78/><V111/><F50/><W104/><G104/><T117/><D117/><U129/><E79/><V91/><F60/><W40/><G40/><T71/><D71/><U120/><E120/><V121/><F121/><W57/><G57/><AGARI ba="1,2" hai="52,57,63,93,97,100,128,131" m="50423,48233" machi="57" ten="30,2000,0" yaku="18,1,54,1" doraHai="32" who="0" fromWho="3" sc="187,43,200,0,200,0,393,-23" /><INIT seed="4,0,0,0,2,110" ten="230,200,200,370" oya="0" hai0="23,114,35,60,88,31,111,44,54,92,86,20,131" hai1="0,51,71,56,108,120,11,16,66,1,7,49,4" hai2="8,90,45,87,127,76,62,73,18,112,36,129,25" hai3="79,134,27,80,33,48,119,17,46,133,15,59,42"/><T130/><D111/><U50/><E108/><V105/><F105/><W47/><G119/><T52/><D35/><U77/><E120/><V29/><F127/><W32/><G59/><N who="0" m="34919" /><D31/><U96/><E71/><V13/><F129/><N who="0" m="49162" /><D114/><U58/><E77/><V81/><F112/><W69/><G69/><T126/><D126/><U84/><E84/><V83/><F62/><W57/><G57/><N who="1" m="22122" /><E0/><V53/><F36/><W30/><G47/><T19/><D19/><U70/><E1/><V99/><F99/><W12/><G32/><T61/><D61/><U24/><E70/><V102/><F102/><W109/><G109/><T122/><D122/><U97/><E66/><V117/><F117/><W55/><G55/><T72/><D72/><U115/><E115/><V113/><F113/><W41/><G41/><T94/><D94/><U93/><E97/><V40/><F40/><W75/><REACH who="3" step="1"/><G12/><REACH who="3" ten="230,200,200,360" step="2"/><T26/><D26/><U68/><E68/><V5/><F53/><W116/><G116/><T28/><D28/><U100/><E24/><V124/><F124/><W63/><G63/><T34/><D34/><U3/><E3/><V121/><F45/><W37/><G37/><T135/><D135/><U103/><E51/><AGARI ba="0,1" hai="20,23,44,51,54,86,88,92" m="49162,34919" machi="51" ten="30,5800,0" yaku="19,1,54,2" doraHai="110" who="0" fromWho="1" sc="230,68,200,-58,200,0,360,0" /><INIT seed="4,1,0,5,3,45" ten="298,142,200,360" oya="0" hai0="28,115,37,51,107,111,122,30,63,104,15,91,58" hai1="38,92,123,129,52,71,42,48,108,103,127,109,6" hai2="113,94,83,49,125,64,88,124,16,120,121,18,134" hai3="106,98,119,36,82,79,101,131,132,47,84,93,56"/><T9/><D122/><U67/><E6/><V114/><F64/><W55/><G119/><T4/><D37/><U43/><E103/><V69/><F83/><W85/><G131/><T33/><D115/><N who="2" m="44042" /><F69/><W117/><G132/><T3/><D111/><N who="1" m="42571" /><E92/><V68/><F68/><W39/><G117/><T130/><D130/><U89/><E89/><V118/><F118/><W14/><G47/><T44/><D3/><U128/><E123/><N who="2" m="47179" /><F49/><W97/><G14/><T17/><D4/><U126/><E129/><V65/><F65/><W80/><G98/><T54/><D33/><U116/><E116/><V7/><F7/><W24/><G24/><T21/><D91/><U50/><E128/><V13/><F134/><W95/><G36/><T27/><REACH who="0" step="1"/><D30/><REACH who="0" ten="288,142,200,360" step="2"/><U20/><E38/><V1/><F1/><W86/><G39/><T34/><D34/><U22/><E127/><N who="2" m="48715" /><F13/><W53/><G79/><T8/><D8/><U11/><E11/><V2/><F2/><W66/><G82/><T77/><D77/><U70/><E126/><V62/><F62/><W102/><G80/><T73/><D73/><U0/><E0/><V23/><F23/><W87/><N who="3" m="21504" /><DORA hai="99" /><W59/><G102/><T25/><D25/><U35/><E35/><V12/><F12/><W57/><REACH who="3" step="1"/><G66/><AGARI ba="1,1" hai="9,15,17,21,27,28,44,51,54,58,63,66,104,107" machi="66" ten="30,11600,0" yaku="1,1,7,1,52,1,53,1" doraHai="45,99" doraHaiUra="76,19" who="0" fromWho="3" sc="288,129,142,0,200,0,360,-119" /><INIT seed="4,2,0,4,4,89" ten="417,142,200,241" oya="0" hai0="105,0,99,14,122,65,135,60,37,61,110,2,24" hai1="31,67,72,84,53,100,133,19,132,69,8,55,129" hai2="32,130,39,38,12,73,27,68,56,20,115,92,94" hai3="125,36,109,62,25,118,40,59,48,82,97,21,114"/><T108/><D122/><U79/><E72/><V124/><F68/><W45/><G118/><T121/><D121/><U41/><E129/><V51/><F73/><W107/><G109/><N who="0" m="42091" /><D37/><U1/><E31/><V98/><F130/><W101/><G114/><T126/><D126/><U119/><E119/><V71/><F71/><W95/><G125/><T87/><D14/><U116/><E116/><V35/><F124/><W102/><G82/><T112/><D112/><U23/><E41/><V74/><F74/><W111/><G111/><T49/><D49/><U42/><E42/><V34/><F12/><W6/><G6/><T10/><D10/><U13/><E1/><V15/><F15/><W44/><G44/><T43/><D43/><U85/><E8/><V22/><F115/><W90/><G107/><T50/><D50/><U57/><E13/><V81/><F39/><W47/><G47/><T18/><D87/><U28/><E85/><V128/><F38/><W7/><G7/><T127/><D135/><U63/><E132/><V29/><F128/><W91/><G36/><T64/><D61/><U58/><E84/><V120/><F120/><W131/><G131/><T26/><D65/><U86/><E133/><V17/><F51/><W52/><G91/><T113/><D113/><U96/><E67/><V66/><F66/><W76/><G76/><T9/><D64/><U77/><E79/><V123/><F123/><W80/><G80/><T104/><D127/><U93/><E69/><V46/><F81/><W106/><G106/><T103/><D105/><U3/><E77/><V33/><F46/><RYUUKYOKU ba="2,0" sc="417,-10,142,-10,200,-10,241,30" hai3="21,25,40,45,48,52,59,62,90,95,97,101,102" /><INIT seed="5,3,0,4,3,7" ten="407,132,190,271" oya="1" hai0="77,26,12,105,128,53,25,98,87,21,8,99,124" hai1="81,71,130,34,61,48,16,22,97,38,66,135,18" hai2="37,35,102,109,33,116,14,28,80,65,131,122,106" hai3="57,24,96,120,70,62,118,89,79,40,133,88,13"/><U41/><E34/><V73/><F65/><W82/><G120/><T64/><D64/><U121/><E121/><V67/><F67/><W115/><G70/><T9/><D124/><U63/><E130/><V129/><F14/><W90/><G115/><T19/><D128/><N who="2" m="49226" /><F37/><W68/><G68/><T29/><D105/><U39/><E135/><V59/><F122/><W42/><G133/><T44/><D77/><U15/><E63/><V110/><F59/><W17/><G24/><T83/><D26/><U11/><E81/><V84/><F73/><W5/><G5/><T23/><D87/><U86/><E86/><V0/><F0/><W54/><G96/><N who="0" m="36907" /><D83/><U31/><E31/><V123/><F28/><W85/><REACH who="3" step="1"/><G118/><REACH who="3" ten="407,132,190,261" step="2"/><T125/><D125/><U126/><E126/><V104/><F116/><W95/><G95/><T32/><D32/><U10/><E97/><V3/><F35/><W2/><G2/><T76/><D76/><U108/><E108/><V69/><F3/><W100/><G100/><T119/><D119/><U92/><E92/><V52/><F33/><W50/><G50/><AGARI ba="3,1" hai="8,9,12,19,21,23,25,29,44,50,53" m="36907" machi="50" ten="30,3900,0" yaku="8,1,52,2" doraHai="7" who="0" fromWho="3" sc="407,58,132,0,190,0,261,-48" /><INIT seed="6,0,0,4,5,121" ten="465,132,190,213" oya="2" hai0="113,25,124,1,83,109,96,85,116,107,30,65,54" hai1="129,24,31,103,63,106,74,80,115,44,0,131,130" hai2="57,62,123,114,70,28,36,6,13,78,46,76,61" hai3="60,18,45,120,93,55,134,2,52,27,5,43,15"/><V9/><F123/><W133/><G120/><T127/><D109/><U99/><E0/><V132/><F132/><N who="3" m="50795" /><G27/><T35/><D1/><U29/><E115/><V86/><F114/><W33/><G33/><T128/><D113/><U82/><E74/><V42/><F28/><W38/><G93/><T68/><D128/><U21/><E31/><V20/><F20/><N who="3" m="11359" /><G60/><N who="0" m="39975" /><D54/><U51/><REACH who="1" step="1"/><E63/><REACH who="1" ten="465,122,190,213" step="2"/><V26/><F62/><W110/><G110/><T125/><D116/><U11/><E11/><AGARI ba="0,1" hai="2,5,11,38,43,45,52,55" m="11359,50795" machi="11" ten="30,2000,0" yaku="20,1,54,1" doraHai="121" who="3" fromWho="1" sc="465,0,122,-20,190,0,213,30" /><INIT seed="7,0,0,0,4,52" ten="465,102,190,243" oya="3" hai0="44,50,109,69,20,128,125,92,98,99,51,104,132" hai1="55,93,34,124,126,56,105,2,127,37,29,9,82" hai2="31,16,47,57,108,12,30,78,24,41,107,63,27" hai3="70,100,74,95,114,135,101,18,72,120,102,21,64"/><W91/><G120/><T49/><D69/><U58/><E105/><V13/><F107/><W5/><G5/><T71/><D71/><U22/><E37/><V67/><F108/><W6/><G6/><T134/><D109/><U79/><E34/><V17/><F78/><W75/><G114/><T130/><D125/><N who="1" m="32003" /><U73/><DORA hai="76" /><E2/><V1/><F1/><W23/><G135/><N who="0" m="51755" /><D20/><U59/><E9/><N who="2" m="6159" /><F47/><W131/><G131/><N who="0" m="50219" /><D104/><U111/><E111/><V42/><F27/><W46/><G46/><T129/><D129/><U133/><E133/><V14/><F14/><W35/><G35/><T77/><D77/><U118/><E118/><V33/><F33/><W106/><G106/><T53/><D99/><U85/><E29/><N who="2" m="10763" /><F24/><W80/><G18/><T97/><D97/><U32/><E32/><V40/><F40/><W48/><G21/><AGARI ba="0,0" hai="13,17,21,41,42,57,63,67" m="10763,6159" machi="21" ten="30,3900,0" yaku="8,1,52,1,54,1" doraHai="52,76" who="2" fromWho="3" sc="465,0,102,0,190,39,243,-39" owari="465,56.5,102,-39.8,229,2.9,204,-19.6" /></mjloggm>