<mjloggm ver="2.3"><GO type="169" lobby="0"/><UN n0="%E7%B4%94%E5%85%A8%E5%B8%AF%E4%B8%89%E8%89%B2" n1="%E4%B8%9E%E9%A3%9B" n2="%6F%67%75%6B%65%6E" n3="%4A%4B%E3%81%97%E3%82%8D%E3%81%BE%E3%82%8B" dan="16,16,16,16" rate="2134.86,2086.38,2134.12,2124.29" sx="M,F,M,F"/><TAIKYOKU oya="0"/><INIT seed="0,0,0,4,4,29" ten="250,250,250,250" oya="0" hai0="9,117,118,17,130,37,92,107,84,101,33,133,105" hai1="102,53,26,99,132,120,12,0,122,35,47,74,10" hai2="127,113,51,16,59,13,18,52,100,97,44,77,36" hai3="63,14,75,108,112,21,32,41,64,42,34,66,93"/><T20/><D37/><U126/><E74/><V76/><F113/><W80/><G112/><T69/><D69/><U62/><E0/><V129/><F129/><W5/><G108/><T58/><D130/><U88/><E132/><V104/><F127/><W1/><G93/><T106/><D133/><U60/><E126/><V68/><F68/><N who="3" m="42015" /><G14/><T90/><D33/><U124/><E124/><V95/><F104/><W65/><G21/><T123/><D123/><U61/><E47/><V87/><F18/><W48/><G48/><T128/><D128/><U38/><E53/><V82/><F36/><W19/><G19/><T134/><D134/><U25/><E38/><V131/><F131/><W6/><G6/><T121/><D121/><U78/><E78/><V70/><F70/><W2/><G42/><T111/><D111/><U11/><E11/><V24/><F24/><W46/><G65/><T54/><D101/><U45/><E26/><V85/><F85/><W116/><G66/><T43/><D43/><U86/><E25/><V56/><F77/><N who="3" m="44095" /><G116/><T81/><D81/><U23/><E12/><V115/><F115/><W72/><G72/><T27/><REACH who="0" step="1"/><D9/><AGARI ba="0,0" hai="9,13,16,44,51,52,56,59,76,82,87,95,97,100" machi="9" ten="30,7700,0" yaku="7,1,8,1,54,2" doraHai="29" who="2" fromWho="0" sc="250,-77,250,0,250,77,250,0" /><INIT seed="1,0,0,5,1,25" ten="173,250,327,250" oya="1" hai0="3,93,43,52,113,80,26,20,75,111,66,124,90" hai1="87,62,63,130,116,108,35,50,101,115,96,78,44" hai2="41,2,69,18,65,14,133,32,23,68,112,12,70" hai3="132,48,45,104,98,118,76,17,117,1,120,16,30"/><U39/><E115/><V131/><F112/><W53/><G1/><T119/><D111/><U37/><E116/><N who="3" m="44650" /><G120/><T92/><D124/><U126/><E130/><V127/><F127/><W135/><G76/><T54/><D113/><U125/><E35/><V106/><F106/><W74/><G74/><T55/><D119/><U71/><E108/><V103/><F103/><N who="3" m="62583" /><G30/><N who="0" m="17735" /><D3/><U27/><E27/><V29/><F133/><AGARI ba="0,0" hai="16,17,45,48,53,132,133,135" m="62583,44650" machi="133" ten="30,3900,0" yaku="20,1,12,1,54,1" doraHai="25" who="3" fromWho="2" sc="173,0,250,0,327,-39,250,39" /><INIT seed="2,0,0,0,1,39" ten="173,250,288,289" oya="2" hai0="71,128,113,117,107,97,10,0,112,102,91,32,100" hai1="44,7,12,121,106,33,43,2,15,70,24,23,80" hai2="30,20,5,116,31,26,125,47,64,50,83,96,37" hai3="66,36,101,41,18,49,132,87,135,111,29,89,93"/><V35/><F116/><W45/><G111/><T67/><D91/><U75/><E70/><V53/><F125/><W46/><G29/><T58/><D58/><U109/><E106/><V99/><F37/><W52/><G101/><T28/><D128/><U124/><E109/><V84/><F35/><W65/><REACH who="3" step="1"/><G18/><REACH who="3" ten="173,250,288,279" step="2"/><T131/><D102/><U126/><E126/><V8/><F31/><W3/><G3/><T1/><D131/><U78/><E124/><V59/><F64/><AGARI ba="0,1" hai="36,41,45,46,49,52,64,65,66,87,89,93,132,135" machi="64" ten="40,8000,1" yaku="1,1,52,1,54,1,53,2" doraHai="39" doraHaiUra="130" who="3" fromWho="2" sc="173,0,250,0,288,-80,279,90" /><INIT seed="3,0,0,5,3,110" ten="173,250,208,369" oya="3" hai0="0,32,128,54,132,26,1,55,48,47,134,117,66" hai1="96,56,94,104,78,76,29,133,69,59,51,107,22" hai2="81,98,77,123,127,85,70,114,21,36,41,80,27" hai3="103,52,74,43,67,65,19,63,126,38,42,53,83"/><W79/><G126/><T4/><D117/><U37/><E69/><V102/><F127/><W16/><G103/><T5/><D128/><U24/><E37/><V33/><F70/><W75/><G38/><T95/><D95/><U122/><E122/><V87/><F123/><W20/><G75/><T91/><D91/><U3/><E3/><V49/><F33/><W15/><G67/><T2/><D66/><U119/><E119/><V93/><F36/><W72/><G72/><T105/><D105/><U45/><E133/><V64/><F64/><W57/><REACH who="3" step="1"/><G19/><REACH who="3" ten="173,250,208,359" step="2"/><T58/><D134/><U90/><E104/><V84/><F102/><W92/><G92/><T11/><D132/><U50/><E107/><V44/><F81/><W9/><G9/><T99/><D11/><U62/><E96/><V61/><F80/><W115/><G115/><T30/><REACH who="0" step="1"/><D99/><REACH who="0" ten="163,250,208,359" step="2"/><U100/><E94/><V124/><F93/><W86/><G86/><T31/><D31/><U112/><E100/><V113/><F98/><W121/><G121/><T108/><D108/><U120/><E29/><V10/><F10/><W34/><G34/><T40/><D40/><AGARI ba="0,2" hai="15,16,20,40,42,43,52,53,57,63,65,74,79,83" machi="40" ten="40,7700,0" yaku="1,1,54,2,53,0" doraHai="110" doraHaiUra="88" who="3" fromWho="0" sc="163,-77,250,0,208,0,359,97" /><INIT seed="3,1,0,3,3,13" ten="86,250,208,456" oya="3" hai0="24,105,25,18,27,86,132,15,95,102,42,85,55" hai1="131,71,23,9,34,113,130,16,83,39,62,125,100" hai2="128,52,67,17,49,65,26,45,129,81,126,89,119" hai3="77,117,28,21,120,7,0,41,32,91,93,97,11"/><W33/><G117/><T48/><D132/><U88/><E34/><V116/><F126/><W40/><G120/><T12/><D42/><U68/><E125/><V84/><F119/><W35/><G77/><T114/><D105/><U30/><E39/><V36/><F36/><W109/><G109/><T78/><D114/><U8/><E100/><V106/><F106/><W123/><G123/><T5/><D5/><U134/><E30/><V124/><F124/><W133/><G133/><T96/><D15/><U111/><E134/><V19/><F116/><W70/><G70/><T1/><D1/><U4/><E9/><V82/><F82/><W110/><G110/><T57/><REACH who="0" step="1"/><D78/><REACH who="0" ten="76,250,208,456" step="2"/><U112/><E111/><V80/><F26/><W59/><G40/><T99/><D99/><U46/><E4/><V122/><F122/><W104/><G41/><T87/><D87/><U14/><E113/><V92/><F129/><W53/><G104/><T115/><D115/><U135/><E112/><V2/><F128/><W43/><G43/><T69/><D69/><U20/><E135/><V3/><F2/><W56/><G7/><T61/><D61/><U54/><E131/><V101/><F3/><W60/><G0/><T38/><D38/><U22/><E130/><V75/><F75/><W64/><G60/><T107/><D107/><U51/><E62/><V63/><F63/><W47/><G97/><T72/><D72/><U29/><E29/><V90/><F67/><W50/><G64/><T79/><D79/><U66/><E66/><V121/><F65/><W94/><G28/><T118/><D118/><RYUUKYOKU ba="1,1" sc="76,15,250,15,208,-15,456,-15" hai0="12,18,24,25,27,48,55,57,85,86,95,96,102" hai1="8,14,16,20,22,23,46,51,54,68,71,83,88" /><INIT seed="4,2,1,5,2,30" ten="91,265,193,441" oya="0" hai0="80,116,85,113,46,75,40,26,133,71,7,22,109" hai1="97,101,126,83,44,66,90,96,16,3,12,78,67" hai2="107,1,106,93,132,105,135,84,100,125,10,117,110" hai3="111,82,51,72,128,43,112,86,108,33,45,58,89"/><T121/><D121/><U68/><E126/><V15/><F110/><W65/><G33/><T14/><D116/><U34/><E3/><V8/><F125/><W88/><G72/><T87/><D113/><U76/><E68/><V36/><F36/><W77/><G112/><T64/><D133/><N who="2" m="51274" /><F117/><W24/><G128/><T92/><D109/><U19/><E34/><V32/><F32/><W122/><G122/><T29/><D92/><U23/><E90/><N who="2" m="53447" /><F1/><W104/><G104/><T79/><D64/><U69/><E78/><V98/><F8/><W28/><G111/><T124/><D71/><U41/><E69/><V73/><F73/><W39/><G108/><T9/><REACH who="0" step="1"/><D124/><REACH who="0" ten="81,265,193,441" step="2"/><U54/><E67/><V17/><AGARI ba="2,2" hai="10,15,17,98,100,105,106,107" m="53447,51274" machi="17" ten="30,1100,0" yaku="20,1" doraHai="30" who="2" fromWho="2" sc="81,-7,265,-5,193,37,441,-5" /><INIT seed="5,0,0,2,2,72" ten="74,260,230,436" oya="1" hai0="2,130,114,95,82,38,40,113,49,120,44,62,89" hai1="12,31,33,35,56,81,28,46,17,18,96,125,19" hai2="122,116,26,47,27,69,59,100,10,84,9,13,123" hai3="134,80,7,4,104,108,24,14,78,129,90,133,29"/><U25/><E125/><V57/><F116/><W60/><G108/><T99/><D2/><U16/><E46/><V55/><F69/><W87/><G104/><T67/><D130/><U43/><E43/><V70/><F70/><W3/><G3/><T65/><D120/><U103/><E56/><V54/><F100/><W0/><G0/><T39/><D67/><U132/><E132/><N who="3" m="50794" /><G129/><T74/><D114/><U53/><E53/><V110/><F84/><N who="3" m="48151" /><G14/><T83/><D113/><U34/><E81/><V32/><F13/><W105/><G105/><T119/><D119/><U66/><E66/><V58/><F58/><W109/><G60/><T98/><D98/><U94/><REACH who="1" step="1"/><E25/><REACH who="1" ten="74,250,230,436" step="2"/><V50/><F47/><W1/><G109/><T51/><D82/><U128/><E128/><V121/><F110/><W20/><G1/><T5/><D39/><U92/><E92/><AGARI ba="0,1" hai="4,7,20,24,29,87,90,92" m="48151,50794" machi="92" ten="30,2000,0" yaku="20,1,52,1" doraHai="72" who="3" fromWho="1" sc="74,0,250,-20,230,0,436,30" /><INIT seed="6,0,0,0,2,122" ten="74,230,230,466" oya="2" hai0="92,103,59,24,64,14,40,90,134,17,109,116,26" hai1="51,100,55,56,33,37,133,16,89,127,50,2,81" hai2="65,135,3,15,111,70,20,123,32,72,67,5,117" hai3="34,29,49,132,41,124,53,42,85,110,58,57,118"/><V12/><F123/><W1/><G1/><T22/><D134/><U39/><E2/><V60/><F135/><W106/><G106/><T115/><D115/><U11/><E33/><V82/><F117/><W76/><G118/><T54/><D116/><U68/><E68/><V102/><F102/><W35/><G124/><T126/><D126/><U44/><E133/><V101/><F101/><W128/><G128/><T66/><D40/><U120/><E120/><V113/><F32/><W125/><G125/><T23/><D103/><U130/><E130/><V28/><F67/><W129/><G129/><T93/><D109/><U19/><E100/><V91/><F3/><W78/><G85/><T25/><D23/><U46/><E56/><V45/><F45/><W13/><G13/><T61/><REACH who="0" step="1"/><D92/><REACH who="0" ten="64,230,230,466" step="2"/><U73/><E127/><V88/><F20/><W75/><G35/><T96/><AGARI ba="0,1" hai="14,17,22,24,25,26,54,59,61,64,66,90,93,96" machi="96" ten="30,8000,1" yaku="1,1,2,1,0,1,8,1,53,1" doraHai="122" doraHaiUra="48" who="0" fromWho="0" sc="64,90,230,-20,230,-40,466,-20" /><INIT seed="7,0,0,1,2,122" ten="154,210,190,446" oya="3" hai0="32,95,4,18,36,88,125,98,23,74,49,72,77" hai1="60,119,91,85,79,12,51,54,94,48,43,40,50" hai2="96,102,106,0,9,127,16,56,69,20,101,111,59" hai3="45,114,66,64,76,135,34,1,15,24,8,28,130"/><W97/><G114/><T92/><D36/><U134/><E134/><V83/><F69/><W132/><G130/><T58/><D32/><U104/><E104/><V19/><F127/><W70/><G1/><T41/><D125/><U38/><E38/><V116/><F116/><W57/><G70/><T103/><D4/><U128/><E128/><V55/><F102/><W46/><G76/><T90/><D77/><U67/><E119/><V5/><F19/><W118/><G97/><T82/><D82/><U121/><E121/><V21/><F21/><W109/><G109/><T39/><D39/><U17/><E79/><V107/><F83/><W42/><G118/><T26/><D103/><U53/><E67/><N who="3" m="25642" /><G57/><T22/><D22/><N who="1" m="11559" /><E53/><V123/><F107/><W73/><G73/><T30/><D30/><U35/><E35/><V2/><F2/><W124/><G42/><T61/><D41/><U52/><E54/><V13/><F123/><W100/><G100/><T65/><REACH who="0" step="1"/><D49/><REACH who="0" ten="144,210,190,446" step="2"/><U131/><E131/><V113/><F113/><W117/><G124/><T105/><D105/><U81/><E81/><V126/><F126/><W78/><G78/><T129/><D129/><U44/><E40/><V11/><F106/><W25/><G117/><T3/><D3/><U14/><E43/><V10/><F101/><W31/><G135/><T133/><D133/><U86/><E50/><V63/><F0/><W108/><G132/><T112/><D112/><U37/><E37/><V84/><F5/><W115/><G34/><T6/><D6/><U93/><E51/><V68/><F20/><N who="3" m="15367" /><G115/><T71/><D71/><RYUUKYOKU ba="0,1" sc="144,30,210,-10,190,-10,446,-10" hai0="18,23,26,58,61,65,72,74,88,90,92,95,98" owari="174,-32.6,200,0.0,180,-22.0,446,54.6" /></mjloggm>