<mjloggm ver="2.3"><GO type="169" lobby="0"/><UN n0="%E8%B5%A4%E7%BE%8E%E6%BF%83%E3%81%BE%E3%81%90%E3%82%8D" n1="%E6%81%8B%E3%81%AE%E3%81%86%E3%81%9F" n2="%63%2E%63%2D%76%2E%76" n3="%E3%83%9E%E3%82%B9%E3%82%BF%E3%83%BC%E3%83%93%E3%83%BC%E3%83%AB" dan="16,17,17,16" rate="2183.70,2219.00,2216.33,2201.87" sx="M,M,F,M"/><TAIKYOKU oya="0"/><INIT seed="0,0,0,4,1,74" ten="250,250,250,250" oya="0" hai0="123,52,29,122,2,28,86,117,25,77,54,104,92" hai1="50,79,102,42,124,97,68,120,21,36,125,71,4" hai2="107,48,110,63,98,33,93,24,9,130,3,114,103" hai3="64,60,34,75,49,116,57,131,111,95,5,91,14"/><T26/><D104/><U94/><E120/><V82/><F114/><W81/><G116/><T35/><D117/><U108/><E36/><V8/><F110/><W83/><G111/><T37/><D37/><U51/><E4/><V7/><F130/><W119/><G34/><T65/><D2/><U90/><E21/><V70/><F48/><N who="1" m="18473" /><E42/><V87/><F9/><W101/><G101/><T105/><D105/><U85/><E108/><V23/><F33/><W115/><G131/><T38/><D38/><U47/><E47/><V39/><F39/><W135/><G135/><T6/><D6/><U0/><E0/><V32/><F32/><W30/><G115/><T16/><D65/><U46/><E46/><V89/><F63/><W112/><G75/><T69/><D69/><U78/><E68/><V76/><F70/><W59/><G30/><T129/><D129/><U11/><E11/><V132/><F132/><W22/><G5/><T72/><D72/><U109/><E71/><V106/><REACH who="2" step="1"/><F103/><REACH who="2" ten="250,250,240,250" step="2"/><W41/><G112/><T31/><D35/><U100/><E100/><V20/><F20/><W55/><G119/><T19/><D123/><U88/><E109/><V67/><F67/><W17/><REACH who="3" step="1"/><G41/><REACH who="3" ten="250,250,240,240" step="2"/><T40/><D40/><U43/><E43/><V66/><F66/><W134/><G134/><T113/><D122/><U1/><E102/><V13/><F13/><W133/><G133/><T128/><D113/><U126/><E1/><V10/><F10/><W61/><G61/><T58/><D128/><U44/><E44/><V121/><F121/><W27/><G27/><T12/><D26/><RYUUKYOKU ba="0,2" sc="250,-30,250,10,240,10,240,10" hai1="78,79,85,88,90,94,97,124,125,126" hai2="3,7,8,23,24,76,82,87,89,93,98,106,107" hai3="14,17,22,49,55,57,59,60,64,81,83,91,95" /><INIT seed="1,1,2,0,3,125" ten="220,260,250,250" oya="1" hai0="14,18,110,26,98,119,57,33,80,36,20,55,66" hai1="71,111,11,30,7,78,117,4,124,0,92,135,47" hai2="31,48,24,115,6,116,102,118,75,122,40,87,83" hai3="74,103,15,112,34,84,86,68,23,2,59,91,25"/><U16/><E117/><V100/><F122/><W49/><G68/><T108/><D36/><U53/><E124/><V120/><F120/><W10/><G74/><T94/><D66/><U85/><E71/><V13/><F75/><W38/><G34/><T97/><D119/><U9/><E30/><V99/><F115/><W76/><G2/><T56/><D80/><U114/><E114/><V95/><F102/><W52/><G38/><T67/><D67/><U113/><E113/><V42/><F6/><N who="3" m="3543" /><G103/><T64/><D64/><U62/><E135/><V54/><F13/><W77/><G112/><T17/><D57/><U46/><E111/><N who="0" m="42537" /><D94/><U70/><E70/><V69/><F69/><W21/><G21/><N who="0" m="11447" /><D33/><U43/><E7/><V129/><F116/><W60/><G60/><AGARI ba="1,2" hai="18,20,26,55,56,60,97,98" m="11447,42537" machi="60" ten="30,1000,0" yaku="14,1" doraHai="125" who="0" fromWho="3" sc="220,33,260,0,250,0,250,-13" /><INIT seed="2,0,0,5,3,115" ten="253,260,250,237" oya="2" hai0="130,44,60,110,34,95,72,6,2,25,108,59,48" hai1="38,30,20,32,63,37,49,107,0,90,77,27,100" hai2="117,28,73,106,45,105,91,35,11,61,83,14,80" hai3="47,101,135,109,82,86,81,40,3,18,120,123,43"/><V121/><F121/><W79/><G3/><T102/><D72/><U56/><E0/><V62/><F117/><W98/><G109/><N who="0" m="42091" /><D130/><U12/><E77/><V104/><F45/><W132/><G18/><T8/><D95/><U52/><E90/><V55/><F73/><W88/><G47/><T54/><D102/><U119/><E119/><V7/><F55/><W99/><G43/><T31/><D44/><U66/><E20/><V84/><REACH who="2" step="1"/><F83/><REACH who="2" ten="253,260,240,237" step="2"/><W57/><G40/><T58/><D58/><U87/><E56/><V112/><F112/><W51/><G57/><T93/><D93/><U5/><E52/><V70/><F70/><W29/><G82/><T94/><D94/><U127/><E107/><V128/><F128/><W76/><G123/><T126/><D126/><U4/><E127/><V75/><F75/><W41/><G120/><T26/><D48/><U21/><E49/><V113/><F113/><W33/><G51/><T15/><D54/><U96/><E38/><V125/><F125/><W9/><G41/><T24/><D59/><U124/><E37/><V67/><F67/><W23/><G81/><T19/><D60/><U74/><E124/><V71/><F71/><W97/><G132/><T131/><D131/><U133/><E133/><V13/><F13/><W116/><G135/><T22/><AGARI ba="0,1" hai="2,6,8,15,19,22,24,25,26,31,34" m="42091" machi="22" ten="30,7900,0" yaku="24,1,14,1,34,2" doraHai="115" who="0" fromWho="0" sc="253,89,260,-20,240,-39,237,-20" /><INIT seed="3,0,0,0,3,38" ten="342,240,201,217" oya="3" hai0="51,19,88,123,118,72,1,53,47,86,3,125,122" hai1="84,75,32,134,61,129,27,46,133,69,17,93,18" hai2="36,79,15,30,52,85,105,103,37,109,62,31,110" hai3="45,12,57,73,130,41,5,78,98,81,99,48,25"/><W121/><G130/><T90/><D118/><U100/><E75/><V87/><F105/><W70/><G70/><T50/><D72/><U115/><E115/><V22/><F103/><W97/><G121/><T66/><D125/><U11/><E129/><V58/><F15/><W128/><G128/><T60/><D51/><U112/><E112/><V56/><F22/><W4/><G25/><T117/><D117/><U8/><E61/><V13/><F13/><W71/><G71/><T64/><D64/><U108/><E69/><V95/><F95/><W34/><G34/><T23/><D3/><U28/><E108/><V124/><F62/><W102/><G102/><T82/><D1/><U111/><E111/><V10/><F10/><N who="1" m="3625" /><E84/><V80/><F79/><W20/><REACH who="3" step="1"/><G57/><REACH who="3" ten="342,240,201,207" step="2"/><N who="0" m="37135" /><D123/><U83/><E32/><V116/><F116/><W126/><G126/><T131/><D122/><U54/><E27/><V104/><F124/><W40/><G40/><T107/><D131/><U135/><E135/><V101/><F101/><W59/><G59/><T77/><D107/><U42/><E134/><V63/><F104/><W76/><G76/><T68/><D68/><U91/><E100/><V94/><F63/><W89/><G89/><T0/><D0/><U44/><E91/><V14/><F109/><W2/><G2/><T106/><D106/><U21/><E133/><V92/><F110/><W132/><G132/><T120/><D120/><U26/><E42/><V6/><F58/><W96/><N who="3" m="24576" /><DORA hai="113" /><W67/><G67/><T119/><D119/><U9/><E26/><AGARI ba="0,1" hai="19,23,26,47,50,53,77,82,86,88,90" m="37135" machi="26" ten="30,2000,0" yaku="8,1,54,1" doraHai="38,113" who="0" fromWho="1" sc="342,30,240,-20,201,0,207,0" /><INIT seed="4,0,0,2,5,9" ten="372,220,201,207" oya="0" hai0="91,71,49,36,3,133,103,75,24,43,135,113,89" hai1="44,90,87,19,100,99,132,12,78,48,67,77,57" hai2="104,115,96,32,118,47,31,127,122,88,51,54,28" hai3="105,69,94,4,65,66,62,95,97,23,128,102,112"/><T109/><D3/><U111/><E132/><V38/><F122/><W11/><G112/><T46/><D71/><U41/><E111/><V21/><F115/><W22/><G128/><T61/><D75/><U1/><E1/><V34/><F127/><W2/><G66/><T42/><D61/><U129/><E129/><V117/><F38/><W30/><G30/><N who="2" m="11305" /><F21/><W114/><G114/><T55/><D113/><U120/><E120/><V50/><F50/><W45/><G45/><T126/><D126/><U29/><E29/><V119/><F104/><W53/><G53/><T17/><D103/><U107/><E67/><V40/><F40/><W10/><G10/><T81/><D109/><U116/><E116/><V110/><F110/><W68/><G68/><T72/><D72/><U82/><REACH who="1" step="1"/><E57/><REACH who="1" ten="372,210,201,207" step="2"/><V16/><F34/><W18/><REACH who="3" step="1"/><G22/><AGARI ba="0,1" hai="12,19,22,41,44,48,77,78,82,87,90,99,100,107" machi="22" ten="30,8000,1" yaku="1,1,2,1,7,1,52,1,53,1" doraHai="9" doraHaiUra="39" who="1" fromWho="3" sc="372,0,210,90,201,0,207,-80" /><INIT seed="5,0,0,5,4,87" ten="372,300,201,127" oya="1" hai0="50,72,47,51,4,106,3,66,36,94,28,112,100" hai1="43,64,23,108,111,12,54,85,77,39,15,96,57" hai2="131,44,120,27,34,107,115,53,135,20,40,93,102" hai3="63,11,97,33,109,10,73,128,113,46,70,134,92"/><U105/><E64/><V19/><F120/><W61/><G109/><N who="1" m="42058" /><E43/><V89/><F131/><W82/><G113/><T78/><D106/><U88/><E39/><V21/><F135/><W60/><G70/><T71/><D66/><U56/><E77/><V37/><F102/><W62/><N who="3" m="15360" /><DORA hai="126" /><W125/><G125/><T18/><D78/><U25/><E96/><V8/><F107/><W26/><G134/><T68/><D36/><U98/><E98/><V95/><F53/><W127/><G127/><T1/><D47/><U35/><E35/><V101/><F34/><W65/><G65/><T30/><D72/><U2/><E2/><V83/><F115/><W132/><G132/><T9/><D100/><U81/><E105/><V58/><F58/><N who="1" m="22633" /><E54/><V130/><F40/><W69/><G69/><T48/><D1/><U0/><E0/><V14/><F37/><W84/><G73/><T29/><D112/><U91/><E91/><V133/><F89/><N who="3" m="51351" /><G33/><T41/><D41/><U67/><E67/><V114/><F133/><W74/><G74/><T45/><D45/><U16/><AGARI ba="0,0" hai="12,15,16,23,25,81,85,88" m="22633,42058" machi="16" ten="30,11700,0" yaku="10,1,52,1,54,2" doraHai="87,126" who="1" fromWho="1" sc="372,-39,300,117,201,-39,127,-39" /><INIT seed="5,1,0,2,1,96" ten="333,417,162,88" oya="1" hai0="15,112,97,76,73,101,57,33,81,32,51,106,42" hai1="5,116,120,94,46,109,22,21,121,80,64,63,35" hai2="14,41,50,55,54,20,133,47,58,27,130,91,13" hai3="110,4,131,107,3,99,31,79,25,74,83,70,7"/><U18/><E116/><V100/><F130/><W44/><G110/><T11/><D112/><U19/><E35/><V111/><F111/><W119/><G131/><T0/><D0/><U113/><E109/><V127/><F133/><W66/><G119/><T95/><D106/><U122/><E113/><V37/><F127/><W118/><G118/><T114/><D114/><U49/><E5/><V65/><F65/><W132/><G132/><T56/><D56/><U69/><E80/><V43/><F43/><W102/><G44/><T88/><D88/><U2/><E2/><V8/><F91/><W78/><G78/><T53/><REACH who="0" step="1"/><D42/><REACH who="0" ten="323,417,162,88" step="2"/><U40/><E94/><V59/><F59/><W39/><G3/><T125/><D125/><U92/><E92/><V72/><F58/><W117/><G117/><T30/><D30/><U82/><E82/><V89/><F89/><W23/><REACH who="3" step="1"/><G39/><REACH who="3" ten="323,417,162,78" step="2"/><T17/><AGARI ba="1,2" hai="11,15,17,32,33,51,53,57,73,76,81,95,97,101" machi="17" ten="20,5200,0" yaku="1,1,0,1,7,1,52,1,53,0" doraHai="96" doraHaiUra="87" who="0" fromWho="0" sc="323,75,417,-27,162,-14,78,-14" /><INIT seed="6,0,0,3,5,35" ten="398,390,148,64" oya="2" hai0="33,74,67,19,10,109,107,132,14,130,6,88,16" hai1="52,65,22,71,20,91,104,12,44,69,100,105,53" hai2="122,133,64,13,83,8,93,11,0,43,114,41,26" hai3="121,99,51,110,57,54,118,94,129,2,38,27,80"/><V134/><F122/><W126/><G118/><T81/><D33/><U31/><E65/><V49/><F64/><W125/><G110/><T112/><D109/><U63/><E100/><V50/><F26/><W73/><G38/><T123/><D123/><U37/><E37/><V32/><F32/><W97/><G121/><T82/><D107/><U34/><E34/><V78/><F93/><W55/><G129/><T85/><D130/><U23/><E31/><V15/><F114/><W127/><G27/><T102/><D112/><U29/><E29/><V30/><F30/><W45/><G2/><T103/><D132/><U61/><E12/><V95/><F95/><W56/><G94/><T66/><D74/><U75/><E75/><V70/><F78/><W119/><G119/><T76/><D67/><U18/><E18/><N who="0" m="6697" /><D66/><U120/><E120/><V116/><F116/><W46/><G73/><T39/><D39/><U108/><E108/><V68/><F83/><W1/><G80/><T47/><D47/><U89/><E22/><V36/><F36/><W79/><G79/><T92/><D82/><U111/><E111/><V4/><F4/><W25/><G25/><T42/><D42/><U48/><E44/><N who="3" m="17002" /><G1/><AGARI ba="0,0" hai="0,1,8,11,13,15,41,43,49,50,68,70,133,134" machi="1" ten="25,9600,0" yaku="22,2,52,2" doraHai="35" who="2" fromWho="3" sc="398,0,390,0,148,96,64,-96" owari="398,49.8,390,19.0,244,-15.6,-32,-53.2" /></mjloggm>