<mjloggm ver="2.3"><GO type="169" lobby="0"/><UN n0="%E3%83%AF%E3%82%BF%E3%82%B7%E3%81%8C%E9%A3%9B%E3%82%93%E3%81%A0%E6%97%A5" n1="%4E%6F%73%75%6B%65" n2="%E5%BA%84%E5%8F%B8%E5%81%A5%E5%A4%AA%E6%9C%97" n3="%E3%81%A9%E3%82%93%E3%81%9F%E3%82%83%E3%82%93" dan="16,16,16,16" rate="2129.38,2157.04,2059.46,2180.53" sx="M,M,M,F"/><TAIKYOKU oya="0"/><INIT seed="0,0,0,0,2,84" ten="250,250,250,250" oya="0" hai0="130,113,109,48,124,58,123,47,68,102,62,33,67" hai1="14,129,82,8,79,10,86,25,42,59,121,104,127" hai2="77,85,116,4,28,9,3,65,11,23,45,38,103" hai3="95,70,50,29,93,49,133,66,100,19,96,35,73"/><T16/><D33/><U51/><E121/><V117/><F103/><W94/><G73/><T61/><D123/><U105/><E129/><V99/><F99/><W132/><G19/><T131/><D102/><U43/><E127/><V63/><F11/><W40/><G40/><N who="0" m="24679" /><D113/><U15/><E25/><V89/><F77/><W97/><G29/><T53/><D124/><U22/><E22/><V46/><F23/><W87/><G87/><T69/><D16/><N who="1" m="8263" /><E105/><V78/><F78/><W119/><G35/><T135/><D135/><N who="3" m="51785" /><G119/><N who="2" m="45641" /><F38/><W101/><G95/><T134/><D134/><U20/><E20/><V6/><F6/><W122/><G122/><T36/><D36/><U52/><E104/><V55/><F55/><W76/><G76/><T98/><D98/><U26/><E26/><V39/><F39/><W90/><G101/><T72/><D72/><U120/><E120/><V107/><F28/><W41/><G41/><T60/><D131/><U44/><E59/><N who="2" m="37119" /><F107/><W114/><G114/><T75/><D75/><U80/><E80/><AGARI ba="0,0" hai="3,4,9,45,46,80,85,89" m="37119,45641" machi="80" ten="30,2000,0" yaku="12,1,52,1" doraHai="84" who="2" fromWho="1" sc="250,0,250,-20,250,20,250,0" /><INIT seed="1,0,0,2,2,34" ten="250,230,270,250" oya="1" hai0="70,31,22,117,44,49,132,41,109,36,11,58,61" hai1="47,93,45,111,56,89,37,48,103,46,120,32,15" hai2="18,5,52,85,50,106,128,87,90,20,88,55,1" hai3="35,43,82,76,29,16,57,124,51,84,25,102,14"/><U130/><E120/><V86/><F106/><W125/><G102/><T92/><D117/><U113/><E113/><V119/><F119/><W114/><G114/><T6/><D132/><U94/><E32/><V79/><F79/><W69/><G69/><T66/><D109/><U74/><E74/><V110/><F128/><W4/><G4/><T62/><D92/><U9/><E130/><V10/><F110/><W63/><G51/><T27/><D61/><U42/><E111/><V108/><F55/><W116/><G43/><T101/><D101/><U40/><E103/><V81/><F90/><W24/><G24/><T12/><D70/><U121/><E121/><V78/><F78/><W97/><G97/><T2/><D2/><U75/><E75/><V104/><F104/><W115/><G115/><T123/><D123/><U118/><E118/><V122/><F122/><W60/><G116/><T80/><D80/><U0/><E0/><V26/><F108/><W91/><G76/><T39/><AGARI ba="0,0" hai="6,11,12,22,27,31,36,39,41,44,49,58,62,66" machi="39" ten="30,1100,0" yaku="0,1" doraHai="34" who="0" fromWho="0" sc="250,11,230,-5,270,-3,250,-3" /><INIT seed="2,0,0,4,4,110" ten="261,225,267,247" oya="2" hai0="80,124,18,84,47,51,77,54,131,15,2,44,24" hai1="117,114,39,45,12,90,104,29,122,113,94,26,34" hai2="27,9,112,63,68,41,13,97,121,4,42,72,73" hai3="11,7,99,100,82,115,36,57,59,118,88,38,96"/><V32/><F121/><W128/><G118/><T119/><D2/><U8/><E117/><V56/><F68/><W0/><G128/><T116/><D131/><U49/><E39/><V61/><F61/><W22/><G115/><T53/><D124/><U14/><E104/><V126/><F126/><W31/><G59/><T108/><D108/><U23/><E34/><V85/><F73/><W123/><G123/><T67/><D67/><U6/><E14/><V83/><F72/><W71/><G71/><T64/><D64/><U60/><E60/><V127/><F112/><W21/><G57/><T134/><D134/><U66/><E66/><V86/><F86/><W92/><G22/><T46/><D24/><U25/><E25/><V111/><F97/><W3/><G3/><T105/><D105/><U109/><E109/><V93/><F93/><W30/><G21/><T16/><D18/><U133/><E133/><V132/><F132/><W89/><G89/><T20/><REACH who="0" step="1"/><D46/><REACH who="0" ten="251,225,267,247" step="2"/><U75/><E122/><V102/><F111/><W129/><G129/><T19/><D19/><U70/><E70/><V91/><F127/><W98/><G31/><T50/><AGARI ba="0,1" hai="15,16,20,44,47,50,51,53,54,77,80,84,116,119" machi="50" ten="30,8000,1" yaku="1,1,0,1,9,1,54,1,53,1" doraHai="110" doraHaiUra="10" who="0" fromWho="0" sc="251,90,225,-20,267,-40,247,-20" /><INIT seed="3,0,0,1,4,43" ten="341,205,227,227" oya="3" hai0="56,78,102,87,84,130,29,7,54,91,28,2,67" hai1="118,0,36,46,42,17,59,134,70,71,8,26,122" hai2="51,5,123,6,48,105,49,57,72,50,41,9,61" hai3="135,34,116,129,12,39,114,128,14,19,104,47,93"/><W111/><G104/><T22/><D130/><N who="3" m="50281" /><G114/><T107/><D67/><U45/><E122/><V25/><F123/><W10/><G116/><T44/><D107/><U1/><E118/><V27/><F105/><W79/><G34/><T132/><D7/><U15/><E134/><V117/><F72/><W133/><G79/><T83/><D2/><U65/><E59/><V124/><F124/><W121/><G121/><T88/><D132/><N who="3" m="50761" /><G111/><T75/><D75/><U74/><E74/><V127/><F127/><W35/><G35/><T23/><D102/><U63/><E71/><V90/><F90/><N who="0" m="34346" /><D87/><U38/><E26/><V82/><F82/><W80/><G80/><T69/><D69/><U108/><E108/><V37/><F37/><W58/><G58/><T76/><D76/><U119/><E119/><V99/><F99/><W81/><G81/><T53/><D29/><U100/><E100/><V55/><F6/><N who="3" m="3159" /><G93/><T126/><D83/><U18/><E18/><V31/><F31/><W40/><G14/><T32/><D84/><U16/><E17/><AGARI ba="0,0" hai="17,19,39,40,47" m="3159,50761,50281" machi="17" ten="30,5800,0" yaku="19,1,20,1,52,1" doraHai="43" who="3" fromWho="1" sc="341,0,205,-58,227,0,227,58" /><INIT seed="3,1,0,4,3,101" ten="341,147,227,285" oya="3" hai0="108,97,79,26,107,100,11,135,45,76,27,116,114" hai1="35,6,111,19,57,42,95,49,83,46,128,10,1" hai2="133,77,59,28,126,16,23,122,63,47,103,99,91" hai3="54,129,85,43,0,92,86,89,104,96,2,73,24"/><W123/><G123/><T109/><D116/><U32/><E111/><N who="0" m="42569" /><D135/><U50/><E128/><V134/><F126/><W17/><G73/><T131/><D131/><U113/><E113/><V25/><F122/><W78/><G129/><T124/><D124/><U106/><E106/><V44/><F77/><N who="0" m="29770" /><D114/><U72/><E72/><V119/><F91/><W80/><G43/><T12/><D45/><U120/><E83/><V37/><F119/><W21/><REACH who="3" step="1"/><G54/><REACH who="3" ten="341,147,227,275" step="2"/><T82/><D82/><U36/><E120/><V56/><F134/><W22/><G22/><T130/><D130/><U15/><E42/><V13/><F133/><W117/><G117/><T110/><D110/><U9/><E35/><V3/><F37/><W52/><G52/><T60/><D60/><U88/><E32/><V51/><F51/><W53/><G53/><T29/><D29/><U40/><REACH who="1" step="1"/><E57/><REACH who="1" ten="341,137,227,275" step="2"/><V118/><F118/><W94/><G94/><T61/><D61/><U98/><AGARI ba="1,2" hai="1,6,9,10,15,19,36,40,46,49,50,88,95,98" machi="98" ten="20,12000,2" yaku="1,1,2,1,0,1,7,1,54,1,53,1" doraHai="101" doraHaiUra="90" who="1" fromWho="1" sc="341,-31,137,143,227,-31,275,-61" /><INIT seed="4,0,0,3,4,50" ten="310,280,196,214" oya="0" hai0="102,48,106,12,46,40,84,24,121,31,107,66,7" hai1="83,10,82,94,17,0,89,75,127,134,99,96,90" hai2="131,55,113,98,126,69,64,44,23,119,8,13,26" hai3="101,39,108,125,45,58,36,1,115,68,35,3,49"/><T78/><D121/><U51/><E127/><V32/><F126/><W22/><G125/><T74/><D74/><U124/><E124/><V43/><F113/><W5/><G35/><T103/><D66/><U28/><E28/><V117/><F32/><W59/><G101/><T86/><D107/><U132/><E51/><V42/><F131/><W9/><G1/><T4/><D106/><U54/><E54/><V128/><F128/><W114/><G68/><T123/><D123/><U105/><E17/><V97/><F64/><W130/><G108/><T85/><D78/><N who="1" m="44383" /><E10/><V116/><F69/><W53/><G130/><T88/><D12/><U91/><E0/><V25/><F43/><W73/><G73/><T52/><D40/><U133/><E83/><V80/><F80/><W104/><G104/><T81/><D103/><AGARI ba="0,0" hai="89,90,91,94,96,99,103,105,132,133,134" m="44383" machi="103" ten="30,3900,0" yaku="20,1,34,2" doraHai="50" who="1" fromWho="0" sc="310,-39,280,39,196,0,214,0" /><INIT seed="5,0,0,5,1,92" ten="271,319,196,214" oya="1" hai0="80,41,123,59,78,32,15,51,25,45,95,52,100" hai1="19,56,65,106,58,23,113,5,54,46,79,120,117" hai2="69,121,82,0,34,125,110,39,98,17,126,2,53" hai3="119,101,44,72,61,57,111,7,28,43,89,13,86"/><U29/><E117/><V68/><F110/><W63/><G111/><T93/><D123/><U20/><E120/><V31/><F121/><W88/><G72/><T135/><D135/><U67/><E106/><V84/><F39/><W94/><G119/><T40/><D40/><U105/><E105/><V21/><F31/><W104/><G28/><T91/><D100/><U14/><E5/><V74/><F74/><W9/><G89/><T1/><D1/><U37/><E113/><V109/><F34/><W133/><G133/><T16/><D25/><N who="1" m="16551" /><E79/><N who="2" m="46175" /><F53/><W118/><G118/><T112/><D32/><U90/><E37/><V11/><F98/><W26/><G26/><T71/><D71/><N who="2" m="27210" /><F11/><W87/><G87/><N who="0" m="50663" /><D78/><U27/><E27/><N who="2" m="14767" /><F109/><W103/><G104/><T55/><D41/><U102/><E102/><V129/><F129/><W96/><G86/><T77/><D77/><U30/><E30/><V122/><F122/><W8/><G8/><N who="0" m="6247" /><D112/><U22/><E22/><V38/><F38/><W4/><G4/><T3/><D3/><U49/><E90/><V10/><F10/><W24/><G24/><T6/><D6/><U66/><AGARI ba="0,0" hai="14,19,23,46,49,54,56,58,65,66,67" m="16551" machi="66" ten="30,1500,0" yaku="8,1" doraHai="92" who="1" fromWho="1" sc="271,-5,319,15,196,-5,214,-5" /><INIT seed="5,1,0,4,3,51" ten="266,334,191,209" oya="1" hai0="70,108,65,48,123,69,27,17,104,115,23,33,62" hai1="116,127,40,80,94,46,57,52,37,39,58,30,38" hai2="45,2,118,19,18,63,131,135,87,8,76,3,12" hai3="100,97,41,49,14,10,106,117,0,59,75,44,35"/><U90/><E116/><V53/><F118/><W36/><G117/><T99/><D108/><U66/><E30/><V84/><F131/><W105/><G35/><T13/><D69/><U119/><E119/><V120/><F120/><W98/><G75/><T134/><D123/><U20/><E127/><V81/><F135/><W91/><G0/><T11/><D134/><U68/><E20/><V21/><F87/><W129/><G129/><T15/><D115/><U112/><E80/><V107/><F107/><W42/><G42/><T93/><D104/><U25/><E25/><V64/><F45/><W82/><G82/><T77/><D77/><U92/><E112/><V88/><F76/><W16/><G91/><T83/><D83/><U56/><E94/><V6/><F19/><W55/><G98/><T4/><D33/><U102/><E102/><V34/><F34/><W133/><G133/><T50/><REACH who="0" step="1"/><D27/><REACH who="0" ten="256,334,191,209" step="2"/><U26/><E26/><V125/><F125/><W130/><G130/><T29/><D29/><U73/><E68/><V1/><REACH who="2" step="1"/><F53/><REACH who="2" ten="256,334,181,209" step="2"/><W9/><REACH who="3" step="1"/><G106/><REACH who="3" ten="256,334,181,199" step="2"/><T126/><D126/><U103/><E52/><V54/><F54/><W113/><G113/><T24/><D24/><U5/><E40/><V47/><F47/><W78/><G78/><T7/><D7/><U43/><E5/><V32/><F32/><W85/><G85/><T124/><D124/><U31/><E46/><V128/><F128/><W79/><G79/><T28/><D28/><U132/><E31/><V101/><F101/><AGARI ba="1,3" hai="4,11,13,15,17,23,48,50,62,65,70,93,99,101" machi="101" ten="30,3900,0" yaku="1,1,7,1,53,1" doraHai="51" doraHaiUra="89" who="0" fromWho="2" sc="256,72,334,0,181,-42,199,0" /><INIT seed="6,0,0,5,4,102" ten="328,334,139,199" oya="2" hai0="122,44,87,97,128,99,56,74,94,16,22,59,95" hai1="61,21,121,23,107,120,20,28,110,32,14,10,103" hai2="35,6,81,98,2,68,93,62,27,34,124,77,13" hai3="50,104,40,114,78,111,36,65,92,60,19,83,70"/><V54/><F2/><W123/><G111/><T41/><D74/><U25/><E61/><V8/><F124/><W67/><G123/><N who="1" m="47178" /><E103/><V115/><F115/><W86/><G67/><T135/><D122/><U0/><E107/><V5/><F5/><W73/><G114/><T17/><D128/><U3/><E110/><V91/><F27/><W18/><G36/><T58/><D135/><U105/><E105/><V109/><F109/><W52/><G40/><T100/><D87/><U88/><E88/><V113/><F113/><W127/><G104/><T64/><D64/><U118/><E118/><V125/><F125/><W12/><G127/><T4/><D4/><AGARI ba="0,0" hai="0,3,4,10,14,20,21,23,25,28,32" m="47178" machi="4" ten="30,3900,0" yaku="13,1,34,2" doraHai="102" who="1" fromWho="0" sc="328,-39,334,39,139,0,199,0" /><INIT seed="7,0,0,5,0,62" ten="289,373,139,199" oya="3" hai0="15,94,122,77,5,23,10,133,120,44,41,100,132" hai1="9,73,82,61,129,103,87,58,16,8,95,19,116" hai2="74,92,31,130,1,125,106,118,42,84,27,110,85" hai3="18,54,2,4,68,93,49,65,108,70,135,48,59"/><W124/><G4/><T109/><D109/><U13/><E129/><V123/><F1/><W12/><G2/><T67/><D122/><U80/><E73/><V86/><F110/><W104/><G104/><T71/><D120/><U112/><E112/><V76/><F123/><W30/><G108/><T91/><D100/><U6/><E82/><V127/><F42/><W37/><G37/><T111/><D111/><U56/><E56/><V51/><F51/><W7/><G7/><T17/><D77/><N who="1" m="46479" /><E9/><V35/><F118/><W57/><G124/><T46/><D46/><U96/><E116/><V88/><F106/><W78/><G78/><T69/><D69/><U81/><E81/><V20/><F130/><W43/><G30/><T115/><D115/><U79/><E79/><V55/><F55/><AGARI ba="0,0" hai="6,8,13,16,19,55,58,61,95,96,103" m="46479" machi="55" ten="30,2000,0" yaku="8,1,54,1" doraHai="62" who="1" fromWho="2" sc="289,0,373,20,139,-20,199,0" owari="289,8.9,393,49.3,119,-38.1,199,-20.1" /></mjloggm>