<mjloggm ver="2.3"><GO type="169" lobby="0"/><UN n0="%E3%81%8B%E3%81%AA%E3%81%8D%E3%83%BC" n1="%E3%83%A8%E3%83%BC%E3%83%BB%E3%83%9E%E3%82%A4%E3%82%AB" n2="%65%2D%6D%61%6E" n3="%6B%65%79%33" dan="17,17,16,16" rate="2251.49,2188.98,2095.23,2071.40" sx="F,M,M,M"/><TAIKYOKU oya="0"/><INIT seed="0,0,0,0,2,37" ten="250,250,250,250" oya="0" hai0="55,24,82,87,81,74,88,52,35,131,124,120,12" hai1="90,68,72,106,70,79,115,29,62,77,11,116,75" hai2="28,113,53,84,125,129,69,26,96,39,30,133,0" hai3="80,93,42,43,58,100,16,38,121,114,44,95,64"/><T9/><D120/><U5/><E90/><V135/><F113/><W36/><G114/><T14/><D131/><U108/><E115/><V104/><F0/><W111/><G121/><T71/><D71/><U31/><E62/><V60/><F129/><W25/><G111/><T21/><D35/><U112/><E112/><V105/><F125/><W123/><G123/><T50/><D124/><U63/><E63/><V46/><F84/><W41/><G64/><T49/><D74/><U57/><E57/><V1/><F1/><W128/><G128/><T59/><D9/><U45/><E45/><V10/><F10/><W78/><G58/><N who="0" m="33039" /><D82/><U99/><E11/><V18/><F69/><W2/><G2/><T51/><D51/><U134/><E99/><V89/><F39/><W34/><G34/><T85/><D85/><U119/><E106/><V23/><F104/><W54/><G38/><T118/><D118/><U98/><E98/><V117/><F117/><W15/><G36/><T101/><D101/><U27/><E108/><V130/><F130/><W67/><G100/><T107/><D107/><U73/><E72/><V83/><F105/><W47/><G67/><T33/><D33/><U132/><E5/><V4/><F4/><W6/><G54/><T66/><D66/><U8/><E8/><V61/><F83/><W127/><G127/><T110/><D110/><U19/><E73/><V22/><F53/><W122/><G122/><T65/><D65/><U92/><E75/><V48/><F48/><W40/><G80/><T3/><D3/><U91/><E116/><V103/><F103/><RYUUKYOKU ba="0,0" sc="250,30,250,-10,250,-10,250,-10" hai0="12,14,21,24,50,55,59,81,87,88" /><INIT seed="0,1,0,1,1,4" ten="280,240,240,240" oya="0" hai0="78,97,105,60,81,122,83,117,87,45,75,55,19" hai1="107,56,70,121,50,34,71,0,42,113,94,90,112" hai2="68,101,3,1,72,104,69,76,115,114,57,88,127" hai3="37,47,17,12,40,38,99,100,46,33,132,124,66"/><T130/><D117/><U25/><E107/><V29/><F127/><W15/><G33/><T53/><D122/><U84/><E0/><V5/><F29/><W111/><G111/><T32/><D32/><U13/><E121/><V108/><F108/><W44/><G124/><T102/><D130/><U54/><E42/><V77/><F57/><W118/><G118/><T7/><D19/><U116/><E116/><V22/><F22/><W95/><G132/><T43/><D7/><U26/><E13/><V74/><F5/><W133/><G133/><T18/><D18/><U86/><E84/><V103/><REACH who="2" step="1"/><F104/><REACH who="2" ten="280,240,230,240" step="2"/><W96/><G17/><T85/><D60/><U35/><E34/><V106/><F106/><W126/><G126/><T120/><D120/><U21/><E35/><V51/><F51/><W64/><G38/><T82/><D75/><U14/><E25/><V131/><F131/><W79/><G37/><T134/><D134/><U62/><E62/><V39/><F39/><W31/><G31/><T93/><D105/><U11/><E26/><V59/><F59/><W92/><G40/><T2/><D43/><U49/><E50/><V65/><F65/><W58/><G58/><T109/><D109/><U123/><E123/><V73/><F73/><W89/><G66/><T135/><D135/><U24/><E24/><V67/><F67/><W110/><G64/><T125/><D125/><U28/><E28/><V128/><F128/><W6/><G110/><T16/><D55/><U61/><E61/><V23/><F23/><W36/><G36/><T9/><D53/><U119/><E21/><RYUUKYOKU ba="1,1" sc="280,-10,240,-10,230,30,240,-10" hai2="1,3,68,69,72,74,76,77,88,101,103,114,115" /><INIT seed="1,2,1,2,1,116" ten="270,230,260,230" oya="1" hai0="1,41,114,61,122,86,17,118,24,90,25,60,98" hai1="0,26,110,2,5,108,51,55,101,129,79,6,67" hai2="44,109,132,22,77,89,39,126,95,48,54,36,31" hai3="81,15,97,112,72,100,128,83,75,19,65,111,30"/><U85/><E67/><V45/><F109/><N who="1" m="42089" /><E101/><V64/><F132/><W13/><G111/><T127/><D118/><U58/><E79/><V37/><F126/><W8/><G112/><T29/><D114/><U21/><E85/><V76/><F64/><W35/><G128/><T46/><D1/><N who="1" m="619" /><E51/><V134/><F134/><W92/><G65/><T11/><D127/><U80/><E80/><V43/><F22/><W125/><G125/><T71/><D98/><U27/><E58/><V123/><F31/><W34/><G30/><T94/><D71/><U135/><E55/><V73/><F73/><W66/><G66/><T3/><D3/><U10/><E135/><V115/><F115/><W12/><G83/><T130/><D46/><U52/><E52/><V56/><F36/><W113/><G113/><T9/><D41/><U20/><E129/><V62/><F45/><W131/><G131/><T106/><D130/><U82/><E82/><V16/><F37/><W133/><G133/><T57/><D57/><U68/><E68/><V103/><F39/><W28/><G72/><T87/><D87/><U88/><E88/><V102/><F102/><W63/><G63/><T96/><D60/><U42/><E42/><V93/><F103/><W38/><G38/><T33/><D61/><U4/><E10/><V120/><F77/><W18/><G8/><T121/><D9/><U50/><E50/><V78/><F78/><W32/><G75/><T7/><D86/><U104/><E104/><V117/><F62/><W74/><G74/><T14/><D106/><U40/><E40/><V99/><F43/><RYUUKYOKU ba="2,1" sc="270,15,230,15,260,-15,230,-15" hai0="7,11,14,17,24,25,29,33,90,94,96,121,122" hai1="4,5,6,20,21,26,27" /><INIT seed="1,3,1,4,4,110" ten="285,245,245,215" oya="1" hai0="13,20,8,83,107,18,52,11,39,109,60,82,42" hai1="16,89,114,30,53,94,84,45,1,115,117,40,9" hai2="90,61,81,133,27,87,64,24,79,129,122,76,33" hai3="34,108,38,7,5,131,28,67,4,31,49,19,59"/><U70/><E117/><V77/><F122/><W25/><G38/><T86/><D107/><U123/><E123/><V135/><F129/><W95/><G108/><T26/><D109/><U6/><E70/><V0/><F0/><W50/><G131/><T127/><D127/><U58/><E30/><N who="3" m="11306" /><G34/><T48/><D39/><U118/><E118/><V66/><F33/><W100/><G100/><T69/><D42/><U65/><E65/><V62/><F64/><W112/><G95/><T37/><D37/><U111/><E111/><V104/><F104/><W85/><G85/><T98/><D98/><U102/><E102/><V23/><F62/><N who="3" m="38367" /><G112/><T12/><D60/><U57/><E40/><V119/><F119/><W72/><G72/><T113/><D113/><U78/><E115/><V92/><F92/><W93/><G93/><T96/><D96/><U2/><E2/><V36/><F36/><W80/><G80/><T130/><D69/><U128/><E128/><V99/><F99/><W44/><G44/><T54/><D130/><U35/><E35/><V22/><F61/><W116/><G116/><T15/><D83/><N who="1" m="47223" /><E114/><V46/><F46/><W32/><G32/><T105/><D105/><U121/><E121/><V41/><F41/><W103/><G103/><T63/><D63/><N who="1" m="36271" /><E45/><V51/><F66/><W106/><G106/><T120/><D120/><U132/><E58/><V74/><F74/><W124/><G124/><T17/><D54/><U134/><E16/><N who="2" m="12359" /><F51/><N who="3" m="19467" /><G19/><T10/><D17/><U29/><E29/><V14/><F27/><AGARI ba="3,1" hai="4,5,7,25,27" m="19467,38367,11306" machi="27" ten="30,1000,0" yaku="8,1" doraHai="110" who="3" fromWho="2" sc="285,0,245,0,245,-19,215,29" /><INIT seed="2,0,0,0,2,109" ten="285,245,226,244" oya="2" hai0="117,94,0,64,28,102,59,120,72,35,97,130,63" hai1="45,79,56,17,125,16,57,18,87,101,7,121,47" hai2="1,76,78,129,135,115,41,29,66,105,83,74,70" hai3="58,98,48,82,62,60,77,31,86,21,108,5,54"/><V42/><F135/><W6/><G108/><T127/><D120/><U20/><E121/><V23/><F129/><W67/><G62/><T22/><D35/><U39/><E125/><V111/><F111/><W71/><G31/><T25/><D0/><U33/><E33/><V73/><F1/><W38/><G21/><T15/><D72/><U27/><E101/><V61/><F105/><W50/><G50/><T123/><D123/><U49/><E39/><V53/><F53/><W119/><G119/><T2/><D2/><U55/><E7/><V4/><F4/><W24/><G24/><T51/><D127/><U103/><E103/><V132/><F132/><W44/><REACH who="3" step="1"/><G98/><REACH who="3" ten="285,245,226,234" step="2"/><T128/><D117/><U131/><E131/><V99/><F99/><W104/><G104/><T34/><D51/><U13/><E27/><V124/><F124/><W89/><G89/><T81/><D34/><U93/><E20/><V37/><F37/><W90/><G90/><T134/><D134/><U14/><E49/><V85/><F29/><W88/><G88/><T118/><D118/><U106/><E106/><V112/><F23/><W8/><G8/><T75/><D128/><U68/><E47/><V40/><REACH who="2" step="1"/><F78/><REACH who="2" ten="285,245,216,234" step="2"/><W32/><G32/><T19/><D130/><U46/><E79/><V65/><F65/><W9/><G9/><T95/><D28/><U122/><E122/><V30/><F30/><W84/><G84/><T10/><D10/><N who="1" m="6199" /><E87/><V92/><F92/><W3/><G3/><T36/><D95/><U91/><E93/><V126/><F126/><W133/><G133/><T116/><D36/><RYUUKYOKU ba="0,2" sc="285,-15,245,-15,216,15,234,15" hai2="40,41,42,61,66,70,73,74,76,83,85,112,115" hai3="5,6,38,44,48,54,58,60,67,71,77,82,86" /><INIT seed="2,1,2,3,2,130" ten="270,230,231,249" oya="2" hai0="118,121,120,116,68,1,51,15,25,39,92,40,34" hai1="115,53,110,133,87,32,35,48,90,123,97,56,80" hai2="78,77,129,16,114,64,22,26,96,67,126,17,124" hai3="94,50,47,38,119,37,104,54,125,106,29,127,122"/><V99/><F114/><W61/><G119/><N who="0" m="45611" /><D1/><U72/><E115/><V132/><F129/><W11/><G122/><T6/><D68/><U3/><E123/><V82/><F132/><W100/><G29/><N who="0" m="19759" /><D39/><N who="3" m="14857" /><G11/><N who="0" m="4599" /><D92/><U0/><E0/><V2/><F2/><W73/><G73/><T81/><D81/><U12/><E72/><V69/><F69/><W75/><G75/><T107/><D107/><U63/><E3/><V36/><F36/><W86/><G61/><T84/><D84/><U62/><E62/><V24/><F22/><W52/><G86/><T85/><D85/><U45/><E32/><V46/><REACH who="2" step="1"/><F46/><AGARI ba="1,2" hai="40,46,51,120,121" m="4599,19759,45611" machi="46" ten="30,1000,0" yaku="12,1" doraHai="130" who="0" fromWho="2" sc="270,33,230,0,231,-13,249,0" /><INIT seed="3,0,0,3,3,101" ten="303,230,218,249" oya="3" hai0="108,29,122,18,31,21,38,45,135,124,110,125,91" hai1="72,103,61,97,4,59,6,63,55,99,51,83,88" hai2="27,23,24,118,30,40,78,94,127,86,20,115,66" hai3="73,82,11,2,80,12,117,26,84,74,109,0,102"/><W79/><G117/><T87/><D38/><U9/><E6/><V44/><F118/><W89/><G109/><N who="0" m="42091" /><D45/><U134/><E134/><V52/><F115/><W41/><G41/><T46/><D46/><U1/><E72/><V131/><F131/><W126/><G126/><N who="0" m="48747" /><D87/><U50/><E50/><V54/><F127/><W77/><G102/><T28/><D91/><U34/><E34/><V43/><F66/><W49/><G26/><N who="0" m="14647" /><D135/><U119/><E119/><V113/><F113/><W128/><G128/><T42/><D42/><N who="2" m="15914" /><F44/><W107/><G49/><T47/><D47/><U10/><E99/><V105/><F105/><W112/><G107/><T116/><D116/><U48/><E51/><V95/><F78/><W35/><G112/><T92/><D92/><N who="2" m="35370" /><F86/><W90/><G35/><T3/><D3/><U93/><E48/><V132/><F132/><W75/><G75/><T22/><D122/><U129/><E129/><V16/><AGARI ba="0,0" hai="16,20,23,24,27,30,52,54" m="35370,15914" machi="16" ten="30,4000,0" yaku="8,1,54,2" doraHai="101" who="2" fromWho="2" sc="303,-10,230,-10,218,40,249,-20" /><INIT seed="4,0,0,2,3,30" ten="293,220,258,229" oya="0" hai0="95,68,51,14,0,84,119,13,74,65,54,37,102" hai1="82,2,110,99,101,11,39,91,131,7,86,34,122" hai2="103,121,61,123,134,118,21,115,36,73,100,94,23" hai3="70,45,133,85,67,35,114,4,6,3,10,29,15"/><T12/><D119/><U22/><E122/><V88/><F118/><W5/><G114/><T31/><D0/><U96/><E110/><V108/><F108/><W46/><G133/><T49/><D37/><U40/><E131/><V69/><F115/><W104/><G104/><T47/><D74/><U116/><E116/><V48/><F36/><W16/><G67/><T42/><D31/><U55/><E96/><V59/><F73/><W113/><G70/><T19/><D68/><U24/><E39/><V107/><F134/><W33/><G113/><T92/><D65/><U63/><E40/><V130/><F130/><W50/><G29/><T112/><D112/><U28/><E55/><V1/><F1/><W79/><G3/><T129/><D129/><U135/><E63/><V25/><F69/><W38/><G79/><T124/><D124/><U72/><E72/><V53/><F48/><W111/><G85/><T9/><D95/><U125/><E135/><V83/><F83/><W93/><G93/><T128/><D128/><U8/><E8/><V126/><F21/><W26/><G26/><T90/><REACH who="0" step="1"/><D102/><REACH who="0" ten="283,220,258,229" step="2"/><U52/><E125/><V106/><F126/><W41/><REACH who="3" step="1"/><G111/><REACH who="3" ten="283,220,258,219" step="2"/><T127/><D127/><U120/><E28/><N who="2" m="17471" /><F107/><W75/><G75/><T80/><D80/><U105/><E82/><V78/><F106/><W66/><G66/><T109/><D109/><U76/><E105/><V71/><F71/><W32/><G32/><T62/><D62/><U18/><E34/><V60/><F60/><W20/><G20/><T132/><D132/><U117/><E22/><V81/><F81/><RYUUKYOKU ba="0,2" sc="283,15,220,-15,258,-15,219,15" hai0="9,12,13,14,19,42,47,49,51,54,84,90,92" hai3="4,5,6,10,15,16,33,35,38,41,45,46,50" /><INIT seed="4,1,2,1,1,112" ten="298,205,243,234" oya="0" hai0="13,70,78,58,128,21,95,30,94,57,134,105,122" hai1="39,34,88,79,113,104,23,25,120,107,123,135,103" hai2="56,42,54,53,64,119,45,114,43,55,6,44,89" hai3="68,82,132,109,85,16,130,96,9,111,97,29,117"/><T4/><D70/><U100/><E34/><V74/><F74/><W11/><G68/><T60/><D105/><N who="1" m="40523" /><E23/><V62/><F89/><W19/><G29/><T67/><D122/><N who="1" m="46635" /><E25/><V72/><F72/><W63/><G63/><T83/><D128/><U87/><E39/><N who="2" m="21599" /><F6/><W0/><G130/><T102/><D134/><U129/><E129/><V38/><F114/><W69/><G69/><T65/><D30/><U116/><E113/><V90/><F90/><W33/><G33/><T77/><D102/><N who="1" m="38955" /><E135/><V22/><F22/><W75/><G132/><T84/><D77/><U98/><E116/><AGARI ba="1,2" hai="38,43,45,53,54,55,56,62,64,116,119" m="21599" machi="116" ten="30,7700,0" yaku="34,2,52,2" doraHai="112" who="2" fromWho="1" sc="298,0,205,-80,243,100,234,0" /><INIT seed="5,0,0,2,1,33" ten="298,125,343,234" oya="1" hai0="129,115,60,53,38,81,116,64,17,96,127,40,108" hai1="8,83,94,123,44,26,36,62,21,49,43,105,91" hai2="19,119,2,7,85,86,128,20,15,82,75,80,66" hai3="11,71,135,59,113,1,58,77,39,104,87,5,57"/><U89/><E105/><V22/><F119/><W72/><G104/><T29/><D108/><U0/><E123/><V61/><F128/><W3/><G71/><T110/><D110/><U65/><E83/><V121/><F121/><W48/><G39/><T97/><D115/><U103/><E36/><V88/><F75/><W34/><G34/><T98/><D127/><U93/><E8/><V28/><F28/><W106/><G106/><T54/><D116/><U51/><E51/><V4/><F20/><W133/><G72/><T73/><D129/><U134/><E134/><N who="3" m="51210" /><G113/><T124/><D124/><U102/><E0/><V27/><F27/><W130/><G130/><T109/><D29/><U63/><E63/><V99/><F99/><W67/><G67/><T18/><D40/><U95/><E102/><V69/><REACH who="2" step="1"/><F2/><REACH who="2" ten="298,125,333,234" step="2"/><N who="3" m="439" /><G48/><T14/><D38/><U52/><E103/><V56/><F56/><W100/><G100/><T112/><D109/><U10/><E10/><V74/><F74/><W42/><G1/><T101/><D101/><U70/><REACH who="1" step="1"/><E43/><REACH who="1" ten="298,115,333,234" step="2"/><V32/><F32/><W76/><G42/><T122/><D122/><U84/><E84/><V12/><F12/><W132/><G132/><T92/><D14/><U131/><E131/><V6/><F6/><W31/><G3/><T120/><D120/><U47/><E47/><V118/><F118/><W45/><G45/><T117/><D117/><U114/><E114/><V9/><F9/><W126/><G87/><T41/><D112/><U13/><E13/><V90/><AGARI ba="0,2" hai="4,7,15,19,22,61,66,69,80,82,85,86,88,90" machi="90" ten="20,8000,1" yaku="1,1,0,1,7,1,9,1,54,1,53,0" doraHai="33" doraHaiUra="30" who="2" fromWho="2" sc="298,-20,115,-40,333,100,234,-20" /><INIT seed="6,0,0,4,1,37" ten="278,75,433,214" oya="2" hai0="28,104,111,69,50,119,12,97,4,43,6,75,62" hai1="67,18,110,82,92,61,30,25,77,78,101,33,56" hai2="107,129,95,94,81,14,13,35,108,114,83,88,99" hai3="51,45,132,31,121,47,58,49,135,1,134,90,72"/><V128/><F35/><W109/><G72/><T103/><D111/><U54/><E110/><V11/><F108/><W65/><G1/><T84/><D75/><U38/><E38/><V93/><F114/><W100/><G100/><T120/><D120/><U24/><E101/><V59/><F59/><W76/><G90/><T126/><D126/><U124/><E124/><V40/><F40/><N who="3" m="24743" /><G76/><T80/><D28/><U52/><E92/><V34/><F34/><W130/><G31/><T8/><D119/><U125/><E125/><V15/><F11/><W89/><G89/><T23/><D23/><U127/><E127/><V118/><F118/><W85/><G85/><T10/><D43/><U16/><E78/><V27/><F27/><W74/><G74/><T2/><D50/><U29/><E54/><V57/><F57/><W64/><G109/><T46/><D46/><U66/><E66/><N who="3" m="25706" /><G130/><N who="2" m="50281" /><F88/><W91/><G91/><T36/><D36/><U39/><E67/><V105/><F99/><W42/><G58/><T123/><D123/><AGARI ba="0,0" hai="42,47,51,121,123,132,134,135" m="25706,24743" machi="123" ten="40,8000,1" yaku="20,1,34,2,52,2" doraHai="37" who="3" fromWho="0" sc="278,-80,75,0,433,0,214,80" /><INIT seed="7,0,0,0,2,65" ten="198,75,433,294" oya="3" hai0="12,32,45,86,92,11,129,49,112,56,75,28,131" hai1="15,57,88,48,122,62,17,106,84,103,34,58,94" hai2="87,97,16,111,120,80,90,102,99,54,113,38,61" hai3="95,89,59,117,46,119,108,14,39,125,132,96,41"/><W67/><G125/><T37/><D75/><U72/><E122/><V31/><F111/><W25/><G132/><T133/><D133/><U42/><E34/><V105/><F38/><W98/><G108/><T30/><D112/><U20/><E42/><V70/><F113/><W60/><G25/><T44/><D56/><U107/><E72/><V73/><F120/><W79/><G79/><T76/><D37/><U19/><E103/><V135/><F135/><W101/><REACH who="3" step="1"/><G14/><REACH who="3" ten="198,75,433,284" step="2"/><T64/><D12/><U35/><E35/><V115/><F115/><W110/><G110/><T7/><D76/><U123/><E123/><V124/><F124/><W126/><G126/><T22/><D32/><U4/><E4/><V29/><F29/><W8/><G8/><T50/><D11/><U24/><E24/><V128/><F31/><W66/><G66/><T104/><D64/><U83/><E17/><V33/><F16/><W47/><G47/><T1/><D44/><U40/><E40/><V18/><F18/><W81/><G81/><T100/><D45/><U10/><E10/><V93/><F33/><W71/><G71/><T13/><D13/><U77/><E77/><V82/><F70/><W118/><G118/><T127/><D127/><U6/><E6/><V85/><F80/><W78/><G78/><T116/><D116/><U53/><REACH who="1" step="1"/><E83/><REACH who="1" ten="198,65,433,284" step="2"/><V2/><F82/><W21/><G21/><T52/><D22/><U91/><E91/><V130/><F90/><W5/><G5/><T121/><D121/><U55/><AGARI ba="0,2" hai="15,19,20,48,53,55,57,58,62,84,88,94,106,107" machi="55" ten="20,12000,2" yaku="1,1,0,1,7,1,25,2,54,1,53,0" doraHai="65" doraHaiUra="43" who="1" fromWho="1" sc="198,-30,65,140,433,-30,284,-60" owari="168,-33.2,205,-19.5,403,50.3,224,2.4" /></mjloggm>