<mjloggm ver="2.3"><GO type="169" lobby="0"/><UN n0="%6E%61%67%61%69%6D%6F" n1="%E5%8C%97%E6%AC%A7%E3%81%AE%E3%82%82%E3%81%93%E3%81%86" n2="%E5%9C%A7%E5%80%92%E7%9A%84%E3%83%9D%E3%83%B3" n3="%6F%69%6E%61%72%69%6E%67" dan="16,16,17,16" rate="2143.46,2127.76,2204.97,2091.24" sx="M,M,M,M"/><TAIKYOKU oya="0"/><INIT seed="0,0,0,0,0,81" ten="250,250,250,250" oya="0" hai0="123,16,53,74,68,132,62,38,13,96,58,19,51" hai1="93,49,69,64,82,7,84,30,32,115,112,1,88" hai2="109,40,18,134,83,44,104,98,2,23,66,61,133" hai3="106,127,102,71,101,97,76,122,89,128,46,130,15"/><T0/><D123/><U95/><E32/><V37/><F2/><W129/><G71/><T57/><D0/><U73/><E30/><V52/><F109/><W55/><G122/><T111/><D74/><U79/><E49/><V27/><F83/><W75/><G75/><T9/><D38/><U118/><E118/><V110/><F110/><W116/><G116/><T85/><D68/><U114/><E64/><V47/><F104/><W50/><G76/><T6/><D111/><U113/><E69/><V67/><F98/><W4/><G127/><T125/><D125/><U24/><E24/><V25/><F25/><W94/><REACH who="3" step="1"/><G106/><REACH who="3" ten="250,250,250,240" step="2"/><T20/><D132/><U126/><E126/><V41/><F134/><W43/><G43/><T90/><D96/><U105/><E105/><V78/><F78/><W124/><G124/><T11/><D11/><AGARI ba="0,1" hai="4,11,15,46,50,55,89,94,97,101,102,128,129,130" machi="11" ten="40,5200,0" yaku="1,1,19,1,53,1" doraHai="81" doraHaiUra="3" who="3" fromWho="0" sc="250,-52,250,0,250,0,240,62" /><INIT seed="1,0,0,3,2,4" ten="198,250,250,302" oya="1" hai0="74,33,51,47,127,86,117,61,13,115,56,112,25" hai1="113,31,123,39,126,35,78,6,20,21,96,11,121" hai2="107,104,97,40,63,38,71,85,16,128,67,15,94" hai3="109,72,5,26,52,3,28,44,83,82,98,111,119"/><U55/><E39/><V14/><F128/><W37/><G119/><T103/><D74/><U116/><E78/><V132/><F132/><W93/><G72/><T125/><D103/><U59/><E116/><V8/><F85/><W102/><G3/><T57/><D117/><U105/><E113/><V88/><REACH who="2" step="1"/><F15/><REACH who="2" ten="198,250,240,302" step="2"/><W30/><G111/><T58/><D86/><U87/><E87/><V53/><F53/><W114/><G52/><N who="0" m="29823" /><D13/><U1/><E55/><V130/><F130/><W90/><G109/><T36/><D61/><U12/><E12/><V131/><F131/><W9/><G114/><T118/><D118/><U100/><E121/><V73/><F73/><W49/><G98/><T42/><D25/><U75/><E123/><V29/><F29/><W7/><G30/><T18/><D33/><U27/><E75/><V19/><F19/><W22/><G28/><T101/><D18/><U48/><E35/><V23/><F23/><W122/><G22/><T50/><D115/><U68/><E20/><V120/><F120/><W60/><G26/><T77/><D112/><U62/><E21/><V124/><F124/><W110/><G122/><T106/><D127/><U79/><E126/><V45/><AGARI ba="0,1" hai="8,14,16,38,40,45,63,67,71,88,94,97,104,107" machi="45" ten="30,12000,2" yaku="1,1,0,1,52,1,54,2,53,1" doraHai="4" doraHaiUra="95" who="2" fromWho="2" sc="198,-30,250,-60,240,130,302,-30" /><INIT seed="2,0,0,0,4,3" ten="168,190,370,272" oya="2" hai0="60,111,8,85,4,57,84,87,76,80,103,125,73" hai1="120,79,114,67,123,42,66,132,110,133,75,94,43" hai2="23,16,117,59,102,29,61,68,90,130,74,34,104" hai3="65,10,53,47,58,26,39,121,22,2,77,89,64"/><V108/><F117/><W0/><G121/><N who="1" m="46666" /><E94/><V91/><F74/><W32/><G32/><T45/><D111/><U83/><E110/><V118/><F118/><W30/><G77/><T82/><D125/><U122/><N who="1" m="46674" /><U86/><DORA hai="24" /><E75/><V88/><F68/><W127/><G127/><T6/><D103/><U71/><E114/><V72/><F72/><W40/><G89/><T69/><D69/><U81/><E81/><V52/><F108/><W13/><G0/><T93/><D93/><U49/><E49/><V1/><F1/><W25/><G25/><T62/><D82/><U50/><E50/><V46/><F46/><W78/><G78/><T92/><D92/><U134/><E71/><V100/><F104/><W129/><G2/><T15/><D45/><U99/><E99/><V44/><F44/><W115/><G129/><T96/><D96/><U51/><E51/><V109/><F109/><W112/><G115/><T119/><D119/><U38/><E38/><V126/><F126/><W20/><G20/><T97/><D97/><U18/><E18/><V55/><F130/><W106/><G106/><T11/><REACH who="0" step="1"/><D57/><REACH who="0" ten="158,190,370,272" step="2"/><U12/><E12/><AGARI ba="0,1" hai="4,6,8,11,12,15,60,62,73,76,80,84,85,87" machi="12" ten="40,12000,2" yaku="1,1,2,1,9,1,52,2,53,1" doraHai="3,24" doraHaiUra="54,107" who="0" fromWho="1" sc="158,130,190,-120,370,0,272,0" /><INIT seed="3,0,0,5,4,38" ten="288,70,370,272" oya="3" hai0="131,41,24,128,45,99,68,91,48,74,65,120,14" hai1="96,72,117,119,53,25,52,109,83,18,93,55,43" hai2="16,75,13,23,62,123,44,127,3,90,66,39,79" hai3="50,5,12,114,30,69,102,54,76,89,64,20,87"/><W57/><G114/><T122/><D74/><U15/><E109/><V113/><F123/><W118/><G118/><T132/><D24/><U78/><E25/><V121/><F121/><N who="0" m="46698" /><D91/><U40/><E117/><V88/><F113/><W135/><G135/><T104/><D14/><U107/><E107/><V129/><F127/><W47/><G102/><T63/><D99/><U103/><REACH who="1" step="1"/><E119/><REACH who="1" ten="288,60,370,272" step="2"/><V110/><F110/><W28/><G28/><T0/><D104/><U70/><E70/><V37/><F37/><W134/><G69/><T51/><D0/><U9/><AGARI ba="0,1" hai="9,15,18,40,43,52,53,55,72,78,83,93,96,103" machi="9" ten="30,8000,1" yaku="1,1,0,1,52,2,54,1,53,0" doraHai="38" doraHaiUra="124" who="1" fromWho="1" sc="288,-20,60,90,370,-20,272,-40" /><INIT seed="4,0,0,0,3,61" ten="268,150,350,232" oya="0" hai0="8,129,67,83,50,111,40,79,117,27,20,48,86" hai1="12,113,97,124,72,35,126,89,55,115,23,7,69" hai2="105,33,73,68,49,66,85,125,123,94,87,30,31" hai3="134,43,22,74,116,107,24,10,122,78,88,80,3"/><T16/><D117/><U15/><E72/><V32/><F105/><W54/><G116/><T98/><D129/><U101/><E35/><V99/><F73/><W106/><G134/><T56/><D111/><U45/><E69/><V42/><F123/><W38/><G122/><T37/><D37/><U6/><E89/><V120/><F120/><W75/><G74/><T108/><D108/><U18/><E45/><V93/><F125/><N who="1" m="48233" /><E55/><V133/><F133/><W52/><G106/><T65/><D98/><U100/><E100/><V128/><F128/><W104/><G107/><T110/><D110/><U102/><E102/><V47/><F33/><W4/><G104/><T21/><D8/><N who="1" m="6407" /><E97/><V29/><F32/><W58/><G88/><T90/><D90/><U131/><E101/><V34/><F34/><W39/><G43/><T81/><D81/><U103/><E103/><V51/><F99/><W121/><G54/><N who="0" m="31815" /><D21/><U19/><E131/><V130/><F130/><W127/><G121/><T63/><D63/><U5/><AGARI ba="0,0" hai="5,6,7,15,19,23,113,115" m="6407,48233" machi="5" ten="40,5200,0" yaku="18,1,34,2" doraHai="61" who="1" fromWho="1" sc="268,-26,150,52,350,-13,232,-13" /><INIT seed="5,0,0,0,4,55" ten="242,202,337,219" oya="1" hai0="12,11,35,9,40,26,72,54,43,73,41,118,117" hai1="115,76,104,39,79,97,108,126,31,30,113,7,13" hai2="128,65,103,53,89,70,2,129,101,75,78,74,93" hai3="56,6,94,27,86,1,87,85,58,83,64,47,63"/><U124/><E39/><V71/><F2/><W60/><G1/><T127/><D127/><N who="1" m="48683" /><E104/><V107/><F65/><W3/><G3/><T51/><D35/><U122/><E97/><V37/><F37/><W36/><G6/><T28/><D28/><N who="1" m="10795" /><E122/><V69/><F107/><W123/><G123/><T110/><D26/><U21/><E79/><V52/><F78/><W25/><G83/><T19/><D110/><U23/><E76/><V91/><F71/><W14/><G14/><T17/><D9/><N who="1" m="4287" /><E108/><V0/><F0/><W109/><G109/><T102/><D102/><U112/><AGARI ba="0,0" hai="21,23,112,113,115" m="4287,10795,48683" machi="112" ten="40,12000,1" yaku="15,1,18,1,34,2" doraHai="55" who="1" fromWho="1" sc="242,-40,202,120,337,-40,219,-40" /><INIT seed="5,1,0,3,3,79" ten="202,322,297,179" oya="1" hai0="32,28,42,120,80,19,25,83,127,50,121,115,72" hai1="9,135,77,81,95,53,55,44,60,24,36,129,119" hai2="96,38,130,41,46,103,40,69,74,51,11,124,101" hai3="104,134,33,34,102,98,111,21,110,118,106,6,20"/><U112/><E112/><V35/><F124/><W14/><G134/><T89/><D72/><U18/><E119/><V117/><F117/><W30/><G118/><T59/><D115/><U87/><E129/><V73/><F69/><W61/><G61/><T56/><D127/><U70/><E135/><V116/><F35/><N who="3" m="13323" /><G98/><T17/><D89/><U62/><E36/><V78/><F116/><W82/><G102/><T15/><D19/><U47/><E95/><V58/><F103/><W43/><G43/><T52/><D59/><U27/><E9/><V7/><F130/><W108/><G30/><T90/><D90/><U107/><E107/><N who="3" m="41002" /><G6/><T100/><D100/><U133/><E133/><V66/><F66/><W92/><G92/><T91/><D91/><U12/><E70/><V113/><F113/><W49/><G49/><T132/><D42/><U68/><E68/><V122/><F41/><W29/><G29/><T10/><REACH who="0" step="1"/><D132/><REACH who="0" ten="192,322,297,179" step="2"/><U1/><E18/><V75/><F75/><W48/><G111/><T126/><D126/><U64/><E44/><V109/><F74/><W65/><G110/><T45/><D45/><U84/><E47/><V128/><F109/><W131/><G108/><T3/><D3/><U71/><E1/><V5/><F46/><W85/><G131/><T2/><D2/><U93/><E71/><V76/><F128/><W63/><G14/><T31/><D31/><U67/><E12/><V99/><F101/><W22/><G48/><T88/><D88/><N who="1" m="53383" /><E60/><V0/><F0/><W23/><N who="3" m="5120" /><DORA hai="26" /><W105/><G105/><T8/><D8/><U39/><E62/><RYUUKYOKU ba="1,1" sc="192,30,322,-10,297,-10,179,-10" hai0="10,15,17,25,28,32,50,52,56,80,83,120,121" /><INIT seed="6,2,1,0,5,55" ten="222,312,287,169" oya="2" hai0="113,125,105,115,19,38,123,98,42,11,43,8,81" hai1="116,29,49,39,61,131,7,90,48,86,89,76,77" hai2="94,6,118,9,106,127,112,15,104,46,108,57,91" hai3="33,58,101,62,23,12,120,79,64,122,121,1,107"/><V70/><F118/><W66/><G1/><T67/><D123/><U16/><E39/><V132/><F70/><W25/><G79/><T50/><D38/><U128/><E116/><V84/><F112/><W53/><G33/><T93/><D105/><U30/><E7/><V100/><F127/><W10/><G101/><T87/><D125/><U114/><E61/><V20/><F132/><W99/><G99/><T130/><D130/><U117/><E117/><V14/><F108/><W134/><G107/><T0/><D0/><U35/><E35/><V97/><F46/><W135/><G134/><T47/><D43/><U5/><E5/><V52/><F20/><W21/><G135/><T110/><D110/><U26/><E114/><N who="0" m="43529" /><D67/><U129/><E48/><V2/><F106/><W82/><G82/><T96/><D19/><U109/><E49/><AGARI ba="2,1" hai="2,6,9,14,15,49,52,57,84,91,94,97,100,104" machi="49" ten="30,5800,0" yaku="7,1,52,1,54,1" doraHai="55" who="2" fromWho="1" sc="222,0,312,-64,287,74,169,0" /><INIT seed="6,3,0,5,4,20" ten="222,248,361,169" oya="2" hai0="45,18,25,109,78,96,67,36,86,117,44,43,130" hai1="63,134,92,55,72,121,80,22,57,5,129,107,28" hai2="42,64,26,100,91,66,31,81,62,51,102,17,29" hai3="99,131,115,79,76,48,34,60,58,89,69,132,4"/><V23/><F66/><W50/><G131/><T13/><D130/><U101/><E107/><V12/><F31/><W111/><G111/><T7/><D109/><U122/><E134/><V118/><F118/><W127/><G132/><T14/><D117/><U125/><E129/><V10/><F42/><W68/><G127/><T85/><D67/><U3/><E125/><V116/><F51/><W65/><G115/><T61/><D61/><U39/><E39/><V104/><F104/><W15/><G34/><T73/><D45/><U94/><E5/><V24/><F116/><W93/><G50/><T56/><D56/><U119/><E3/><V27/><F100/><W0/><G0/><T47/><D47/><U123/><E101/><V128/><F102/><W37/><G37/><T33/><D96/><U38/><E38/><V70/><REACH who="2" step="1"/><F128/><REACH who="2" ten="222,248,351,169" step="2"/><W35/><G48/><T135/><D36/><U54/><E119/><V8/><F8/><W97/><G69/><T46/><D43/><U114/><E114/><V133/><F133/><W75/><G68/><T106/><D106/><U16/><E28/><V74/><F74/><W41/><G41/><T52/><D73/><U59/><E72/><V21/><F21/><W53/><G75/><T110/><D135/><U103/><E103/><V105/><F105/><W30/><G65/><T2/><D110/><U6/><E22/><V82/><F82/><W98/><G30/><T112/><D112/><U83/><E122/><V124/><F124/><W87/><G35/><T1/><D33/><U90/><E123/><V108/><F108/><W95/><G93/><RYUUKYOKU ba="3,1" sc="222,-15,248,-15,351,15,169,15" hai2="10,12,17,23,24,26,27,29,62,64,70,81,91" hai3="4,15,53,58,60,76,79,87,89,95,97,98,99" /><INIT seed="6,4,1,4,5,45" ten="207,233,366,184" oya="2" hai0="124,77,103,1,101,72,83,58,32,129,54,75,31" hai1="128,68,135,71,125,8,12,42,47,44,14,127,48" hai2="52,112,100,113,30,130,106,17,2,6,29,116,66" hai3="22,16,91,80,82,102,59,95,61,86,40,4,69"/><V74/><F116/><W90/><G69/><T109/><D1/><U13/><E128/><V23/><F74/><W53/><G102/><T24/><D109/><U118/><E118/><V49/><F66/><W7/><G40/><T123/><D123/><U60/><E135/><V63/><F63/><W76/><G82/><T120/><D120/><U114/><E114/><N who="2" m="44139" /><F130/><W73/><REACH who="3" step="1"/><G90/><REACH who="3" ten="207,233,366,174" step="2"/><T38/><D129/><U20/><E71/><V110/><F100/><W62/><G62/><T92/><D75/><U108/><E60/><V88/><F88/><W50/><G50/><T34/><D38/><U3/><E68/><V132/><F110/><W117/><G117/><T121/><D121/><U11/><E108/><V28/><F132/><W122/><G122/><T133/><D133/><U41/><E127/><V43/><F43/><W115/><G115/><T134/><D134/><U55/><E125/><V19/><F106/><W0/><G0/><T36/><D36/><U65/><E3/><V85/><F2/><W5/><G5/><T64/><D124/><U87/><E42/><V79/><F6/><W37/><G37/><T25/><D92/><U78/><E41/><V97/><F23/><W96/><G96/><T70/><D70/><U98/><E20/><V111/><F97/><W56/><G56/><T26/><D72/><U51/><E98/><V35/><F111/><W39/><G39/><T46/><D103/><U33/><E48/><V104/><F104/><W107/><G107/><T27/><D101/><U81/><E51/><V18/><F49/><W93/><G93/><T67/><D58/><RYUUKYOKU ba="4,2" sc="207,-10,233,-10,366,-10,174,30" hai3="4,7,16,22,53,59,61,73,76,80,86,91,95" /><INIT seed="7,5,2,4,0,125" ten="197,223,356,204" oya="3" hai0="53,108,96,74,91,121,52,55,128,19,63,106,87" hai1="69,88,35,132,45,66,111,13,18,31,133,36,14" hai2="110,113,12,38,48,112,103,32,4,40,82,28,58" hai3="127,8,84,131,94,0,101,115,71,126,67,20,9"/><W65/><G115/><N who="2" m="44105" /><F110/><W134/><G134/><T24/><D108/><U27/><E45/><V47/><F103/><W25/><G131/><T64/><D74/><U107/><E14/><V85/><F28/><W78/><G78/><T80/><D121/><U102/><E66/><N who="3" m="25098" /><G71/><T15/><D128/><U81/><E81/><V109/><F109/><W117/><G117/><T114/><D114/><U10/><E10/><N who="2" m="4167" /><F32/><W95/><G95/><T59/><D106/><U30/><E107/><V49/><F58/><W90/><G0/><T86/><D24/><U118/><E27/><V33/><F33/><W93/><G127/><T57/><D86/><U46/><E35/><V70/><F70/><W122/><G122/><T130/><D130/><U123/><E69/><V7/><F7/><W34/><G34/><T1/><D1/><U75/><E111/><V42/><F40/><W68/><G68/><T16/><D96/><U37/><E123/><V116/><F116/><W119/><G119/><T56/><D19/><U5/><E18/><V83/><F83/><N who="3" m="49439" /><G126/><T98/><D98/><U17/><E118/><V129/><F129/><W105/><G105/><T2/><D2/><U97/><E133/><V50/><F38/><W26/><G26/><T60/><D64/><U89/><E132/><V44/><F42/><W11/><G101/><T99/><D99/><U62/><E97/><V72/><F72/><W6/><G6/><T43/><D43/><U92/><E75/><V135/><F135/><W124/><G124/><T79/><D79/><AGARI ba="5,2" hai="44,47,48,49,50,79,82,85" m="4167,44105" machi="79" ten="30,1000,0" yaku="15,1" doraHai="125" who="2" fromWho="0" sc="197,-25,223,0,356,45,204,0" owari="172,-32.8,223,2.3,401,50.1,204,-19.6" /></mjloggm>