<mjloggm ver="2.3"><GO type="225" lobby="0"/><UN n0="%E6%A1%9C%E8%8A%B1%E9%96%83%E3%80%85" n1="%E3%81%BE%E3%81%A8%E3%81%9F" n2="%E3%83%B4%E3%83%A0%EF%BC%99%E3%81%A6" n3="%E8%B5%A4%E3%81%84%E8%9B%99%31%31" dan="16,16,17,16" rate="2225.34,2114.43,2137.07,2054.25" sx="M,M,M,M"/><TAIKYOKU oya="0"/><INIT seed="0,0,0,5,5,71" ten="250,250,250,250" oya="0" hai0="81,65,28,73,16,132,59,61,85,77,133,68,108" hai1="42,125,19,100,127,22,106,10,55,121,34,94,2" hai2="80,97,44,54,0,98,87,105,31,62,40,1,9" hai3="46,52,109,130,96,38,3,84,90,66,32,57,41"/><T23/><D28/><U76/><E34/><V50/><F31/><W25/><G130/><T111/><D68/><U86/><E106/><V103/><F97/><W128/><G128/><T60/><D60/><U29/><E29/><V123/><F123/><W8/><G32/><T36/><D36/><U107/><E55/><V13/><F62/><W64/><G109/><N who="0" m="42059" /><D73/><U30/><E30/><V83/><F83/><W58/><G25/><AGARI ba="0,0" hai="16,23,25,59,61,65,77,81,85,132,133" m="42059" machi="25" ten="30,5800,0" yaku="14,1,10,1,54,1" doraHai="71" who="0" fromWho="3" sc="250,58,250,0,250,0,250,-58" /><INIT seed="0,1,0,1,4,135" ten="308,250,250,192" oya="0" hai0="77,134,123,12,81,106,61,27,15,65,45,92,107" hai1="114,86,101,122,63,130,32,60,29,17,5,120,10" hai2="39,20,97,23,75,38,9,133,41,85,68,42,104" hai3="14,119,132,33,3,6,117,126,2,59,127,62,78"/><T111/><D123/><U69/><E130/><V129/><F75/><W56/><G33/><T4/><D134/><U36/><E36/><V110/><F133/><W79/><G132/><T22/><D111/><U71/><E101/><V105/><F68/><W118/><G14/><T113/><D113/><U37/><E37/><V55/><F85/><W70/><G70/><T102/><D45/><U125/><E114/><V116/><F116/><W44/><G44/><T121/><D121/><U93/><E17/><V25/><F129/><W94/><G94/><T115/><D106/><U30/><E86/><V0/><F9/><W1/><G6/><T24/><D24/><U108/><E10/><V31/><F0/><W100/><G100/><T53/><D53/><U112/><E93/><V13/><F13/><W11/><G11/><T7/><D107/><U99/><E99/><V57/><F110/><W124/><G62/><T89/><D102/><U51/><E112/><V91/><F104/><W35/><G35/><T18/><D115/><U83/><E108/><V40/><F105/><W84/><G84/><N who="0" m="52263" /><D12/><U80/><E32/><N who="2" m="20591" /><F39/><W82/><G82/><T8/><D7/><U26/><E5/><V67/><F38/><W96/><G96/><T28/><D4/><U48/><E26/><V131/><F131/><W66/><G66/><T90/><D65/><U103/><E103/><V34/><F34/><W50/><G50/><T46/><D81/><U49/><E51/><N who="2" m="30975" /><F67/><W95/><G95/><T52/><D27/><U73/><E73/><V58/><F58/><AGARI ba="1,0" hai="1,2,3,56,58,59,78,79,117,118,119,124,126,127" machi="58" ten="60,16000,3" yaku="29,2,28,2,18,1,52,3" doraHai="135" who="3" fromWho="2" sc="308,0,250,0,250,-163,192,163" /><INIT seed="1,0,0,4,0,26" ten="308,250,87,355" oya="1" hai0="134,25,28,34,60,117,104,8,100,39,76,97,118" hai1="119,23,17,2,121,103,44,0,77,13,40,80,131" hai2="12,6,9,129,85,110,93,65,58,106,123,132,111" hai3="81,64,126,66,96,51,5,86,82,21,30,37,4"/><U20/><E119/><V94/><F123/><W122/><G37/><T133/><D39/><U127/><E121/><V109/><F106/><W27/><G126/><T114/><D114/><U72/><E127/><V102/><F129/><W62/><G122/><T53/><D76/><U99/><E23/><V48/><F132/><N who="0" m="50794" /><D8/><U63/><E63/><V10/><F102/><W98/><G51/><T74/><D74/><U135/><E131/><V42/><F85/><W68/><G66/><T1/><D1/><U22/><E22/><V128/><F128/><W120/><G120/><T7/><D7/><U83/><E83/><V41/><F10/><W35/><G35/><T19/><D19/><U125/><E125/><V54/><REACH who="2" step="1"/><F65/><REACH who="2" ten="308,250,77,355" step="2"/><W24/><G86/><T92/><D104/><U91/><E135/><V47/><F47/><W18/><G96/><T113/><D113/><U29/><E103/><V75/><F75/><W67/><G98/><T14/><D117/><U105/><E105/><V88/><F88/><W56/><G67/><T49/><D118/><U33/><E91/><V32/><F32/><W112/><G112/><T45/><D100/><U36/><E99/><V124/><F124/><W57/><G64/><T11/><D97/><U84/><E72/><V107/><F107/><W38/><G57/><T116/><D116/><U90/><E90/><V130/><F130/><W101/><G56/><T43/><D11/><U108/><E108/><V115/><F115/><W46/><G101/><T73/><D73/><U16/><E33/><V3/><F3/><N who="1" m="1065" /><E44/><V79/><F79/><W59/><G46/><RYUUKYOKU ba="0,1" sc="308,-10,250,-10,77,30,355,-10" hai2="6,9,12,41,42,48,54,58,93,94,109,110,111" /><INIT seed="2,1,1,5,5,29" ten="298,240,107,345" oya="2" hai0="58,6,10,89,24,50,41,95,18,117,11,25,42" hai1="31,101,70,45,110,67,36,129,109,33,98,56,85" hai2="44,127,104,47,118,122,107,113,128,37,61,133,48" hai3="116,91,126,74,96,2,54,71,64,12,121,83,27"/><V8/><F113/><W0/><G116/><T81/><D117/><U90/><E56/><V94/><F118/><W115/><G121/><T119/><D81/><U59/><E59/><V22/><F122/><W73/><G12/><N who="0" m="5207" /><D11/><U75/><E75/><V53/><F127/><W60/><G126/><T5/><D5/><U106/><E129/><V34/><F34/><W72/><G27/><N who="0" m="10315" /><D18/><U39/><E33/><V82/><F128/><W93/><G115/><T77/><D77/><U9/><E9/><V69/><F133/><W108/><G108/><N who="1" m="41578" /><E45/><V132/><F132/><W46/><REACH who="3" step="1"/><G83/><REACH who="3" ten="298,240,107,335" step="2"/><T76/><D119/><U88/><E31/><V100/><F69/><W114/><G114/><T65/><D76/><U52/><E90/><V120/><F120/><W3/><G3/><T20/><D20/><U123/><E123/><V19/><F37/><W17/><G17/><T7/><D7/><U135/><E135/><V99/><F104/><W87/><G87/><N who="0" m="52671" /><D65/><U131/><E85/><V43/><F107/><W134/><G134/><T80/><D80/><U13/><E13/><N who="2" m="7591" /><F82/><W4/><G4/><T97/><D97/><U28/><E28/><V32/><F22/><W112/><G112/><T35/><D35/><U102/><E36/><N who="2" m="21607" /><F32/><W55/><G55/><AGARI ba="1,2" hai="41,42,50,55,58" m="52671,10315,5207" machi="55" ten="30,1000,0" yaku="8,1" doraHai="29" who="0" fromWho="3" sc="298,33,240,0,107,0,335,-13" /><INIT seed="3,0,0,5,4,60" ten="331,240,107,322" oya="3" hai0="58,15,121,68,5,118,115,17,114,65,30,93,0" hai1="35,4,113,104,49,92,50,96,27,23,10,57,108" hai2="90,99,33,102,28,51,103,127,135,86,55,1,39" hai3="83,79,25,45,126,48,12,123,119,36,32,122,40"/><W100/><G119/><T91/><D118/><U69/><E69/><V14/><F39/><W70/><G126/><T134/><D121/><U9/><E35/><V21/><F33/><W71/><G12/><T6/><D68/><N who="3" m="26153" /><G48/><T78/><D78/><U87/><E104/><V22/><F135/><W44/><G44/><T16/><D30/><U88/><E113/><N who="0" m="43017" /><D0/><U117/><E108/><V106/><F1/><W84/><G84/><N who="0" m="52455" /><D134/><U29/><E117/><V61/><F106/><W95/><G95/><T24/><D24/><U54/><E4/><N who="0" m="1641" /><D15/><U59/><E87/><V2/><F2/><W13/><G13/><T31/><D31/><U3/><E3/><V98/><F127/><W18/><G100/><T46/><D46/><U97/><E97/><V56/><F103/><W128/><G18/><T101/><D101/><U85/><E96/><V72/><F102/><W120/><G128/><T131/><D131/><U81/><E92/><V80/><F72/><N who="3" m="43495" /><G123/><T82/><D82/><U37/><E37/><V20/><F28/><AGARI ba="0,0" hai="25,28,32,36,40,45,120,122" m="43495,26153" machi="28" ten="30,1500,0" yaku="23,1" doraHai="60" who="3" fromWho="2" sc="331,0,240,0,107,-15,322,15" owari="331,13.1,240,-16.0,92,-40.8,337,43.7" /></mjloggm>