<mjloggm ver="2.3"><GO type="169" lobby="0"/><UN n0="%E3%81%A6%E3%82%93%E3%81%8F%E3%81%86" n1="%E8%B5%A4%E5%BA%A7%E3%81%82%E3%81%8B%E3%82%8A%45%58" n2="%E7%A5%9E%E3%81%AE%E5%8F%B3%E5%B8%AD" n3="%E3%82%A2%E3%83%A9%E3%82%B5%E3%83%BC%E3%81%A0%E3%82%88%21%21" dan="16,16,16,18" rate="2175.50,2152.60,2148.48,2230.95" sx="M,M,M,F"/><TAIKYOKU oya="0"/><INIT seed="0,0,0,4,5,70" ten="250,250,250,250" oya="0" hai0="83,98,135,76,115,67,12,9,102,93,95,112,78" hai1="2,53,131,72,96,124,90,91,63,133,6,68,114" hai2="58,48,64,30,35,19,21,11,16,126,79,82,105" hai3="29,134,45,56,20,121,81,43,0,26,14,5,40"/><T61/><D135/><U127/><E72/><V25/><F105/><W110/><G121/><T117/><D117/><U55/><E133/><V85/><F126/><N who="1" m="48169" /><E131/><V39/><F39/><W129/><G134/><T113/><D95/><N who="1" m="56439" /><E114/><V50/><F11/><W36/><G110/><T15/><D83/><U92/><E6/><V86/><F86/><W27/><G129/><T119/><D119/><U33/><E33/><V52/><F64/><W101/><G101/><T130/><D130/><U71/><E2/><V80/><F80/><W23/><G43/><T34/><D34/><U31/><E31/><V13/><REACH who="2" step="1"/><F19/><REACH who="2" ten="250,250,240,250" step="2"/><W28/><G81/><T4/><REACH who="0" step="1"/><D15/><REACH who="0" ten="240,250,240,250" step="2"/><U94/><E94/><V49/><AGARI ba="0,2" hai="13,16,21,25,30,35,48,49,50,52,58,79,82,85" machi="49" ten="20,12000,2" yaku="1,1,2,1,0,1,7,1,54,2,53,0" doraHai="70" doraHaiUra="65" who="2" fromWho="2" sc="240,-60,250,-30,240,140,250,-30" /><INIT seed="1,0,0,5,4,76" ten="180,220,380,220" oya="1" hai0="88,62,105,67,56,134,32,5,65,49,52,111,114" hai1="126,95,93,86,23,82,22,129,27,36,108,83,14" hai2="25,41,1,24,30,2,133,122,107,127,9,75,102" hai3="39,110,37,11,135,66,69,57,80,58,92,31,10"/><U61/><E36/><V45/><F122/><W99/><G110/><T123/><D114/><U26/><E108/><V42/><F75/><W117/><G135/><T46/><D111/><U116/><E116/><V59/><F133/><W130/><G117/><T128/><D134/><U120/><E120/><V33/><F127/><W73/><G130/><T103/><D32/><U38/><E38/><V81/><F59/><W35/><G69/><T106/><D123/><U91/><E126/><V34/><F81/><N who="1" m="30729" /><E129/><V125/><F125/><W15/><G39/><T64/><D128/><U98/><E61/><V44/><F107/><W20/><G37/><T0/><D106/><U132/><E132/><V70/><F9/><W96/><G35/><T63/><D105/><U29/><E14/><V3/><F70/><W13/><G73/><T50/><D103/><N who="1" m="60879" /><E29/><V84/><F30/><W72/><G31/><T12/><D0/><U18/><E18/><V48/><F3/><W79/><G15/><T16/><D5/><U43/><E43/><V51/><F2/><W94/><G13/><T77/><D77/><U21/><AGARI ba="0,0" hai="21,22,23,26,27,86,91,95" m="60879,30729" machi="21" ten="30,11700,0" yaku="8,1,52,3" doraHai="76" who="1" fromWho="1" sc="180,-39,220,117,380,-39,220,-39" /><INIT seed="1,1,0,0,2,55" ten="141,337,341,181" oya="1" hai0="124,74,87,110,35,26,57,132,90,0,100,119,5" hai1="83,3,78,51,9,61,17,89,101,8,40,66,117" hai2="23,77,20,134,111,33,16,68,38,116,12,84,96" hai3="7,65,129,126,92,79,130,2,62,104,93,1,113"/><U4/><E117/><V131/><F116/><W21/><G104/><T60/><D119/><U102/><E89/><V46/><F68/><W80/><G113/><T22/><D74/><U30/><E30/><V32/><F111/><W28/><G126/><T133/><D35/><U48/><E17/><V105/><F131/><N who="3" m="50187" /><G21/><T125/><D100/><U128/><E9/><V43/><F134/><N who="0" m="51818" /><D110/><U50/><E40/><V41/><F41/><W120/><G28/><N who="0" m="17495" /><D5/><U29/><E29/><V52/><F23/><W107/><G107/><T39/><D39/><U45/><E45/><V75/><F75/><N who="3" m="43135" /><G120/><T64/><D0/><N who="3" m="105" /><G7/><T11/><D11/><U127/><E127/><V73/><F73/><W115/><G115/><T118/><D118/><U123/><E123/><V34/><F105/><W15/><G15/><T114/><D114/><U86/><REACH who="1" step="1"/><E128/><REACH who="1" ten="141,327,341,181" step="2"/><V71/><F43/><W106/><G106/><T25/><D25/><U27/><E27/><V14/><F16/><W58/><AGARI ba="1,1" hai="58,62,65,92,93" m="105,43135,50187" machi="58" ten="30,2000,0" yaku="19,1,52,1" doraHai="55" who="3" fromWho="3" sc="141,-6,327,-11,341,-6,181,33" /><INIT seed="2,0,0,2,2,36" ten="135,316,335,214" oya="2" hai0="34,95,59,39,114,22,85,101,119,122,106,66,52" hai1="78,96,67,104,11,93,71,3,50,21,18,23,79" hai2="132,5,103,24,68,9,128,45,94,6,123,2,116" hai3="58,37,84,126,86,117,12,87,54,74,17,30,81"/><V40/><F116/><W110/><G117/><T29/><D119/><U19/><E104/><V60/><F123/><W44/><G110/><T82/><D122/><U1/><E71/><V118/><F118/><W55/><G126/><T64/><D34/><U129/><E67/><V32/><F128/><W27/><G74/><T111/><D106/><U80/><E11/><V135/><F6/><W20/><G81/><T124/><D39/><U91/><E129/><V53/><F68/><W75/><G75/><T10/><D10/><U4/><E4/><V134/><F53/><W7/><G7/><T48/><D111/><U92/><E50/><V65/><F94/><W15/><G15/><T133/><D133/><U105/><E105/><V90/><F90/><W131/><G131/><T88/><D124/><U99/><E91/><V47/><F103/><W16/><G17/><T63/><D63/><U72/><E72/><V113/><F113/><W73/><G73/><T69/><D69/><U127/><E80/><V125/><F125/><AGARI ba="0,0" hai="1,3,18,19,21,23,78,79,92,93,96,99,125,127" machi="125" ten="25,1600,0" yaku="22,2" doraHai="36" who="1" fromWho="2" sc="135,0,316,16,335,-16,214,0" /><INIT seed="3,0,0,5,2,117" ten="135,332,319,214" oya="3" hai0="8,88,112,50,31,86,24,3,38,85,7,47,51" hai1="96,80,35,18,27,110,134,81,59,39,113,111,93" hai2="82,23,127,84,48,98,130,26,32,13,40,114,1" hai3="12,101,2,99,119,87,126,92,45,15,29,16,75"/><W73/><G119/><T10/><D112/><U56/><E39/><V91/><F1/><W5/><G126/><T53/><D38/><U102/><E113/><V83/><F114/><W20/><G2/><T89/><D8/><U61/><E134/><V104/><F127/><W49/><G29/><T0/><D0/><U37/><E37/><V70/><F70/><W129/><G129/><T118/><D118/><U115/><E115/><V74/><F32/><W41/><G5/><T78/><D78/><U11/><E11/><V4/><F104/><W21/><REACH who="3" step="1"/><G87/><REACH who="3" ten="135,332,319,204" step="2"/><T42/><D86/><U54/><E110/><V131/><F84/><W57/><G57/><T106/><D85/><U128/><E111/><V46/><F4/><W95/><G95/><T79/><D106/><U66/><E128/><V58/><F58/><W105/><G105/><T25/><D79/><U68/><E59/><V52/><F130/><W65/><G65/><T125/><D125/><U9/><E66/><V72/><F131/><W124/><G124/><T122/><D31/><U135/><E56/><V14/><F74/><W60/><G60/><T97/><D3/><U36/><E61/><V103/><F72/><W132/><G132/><T6/><D6/><U77/><E93/><V90/><F83/><W22/><G22/><T64/><D64/><U62/><E81/><V55/><F82/><W107/><G107/><T109/><D109/><U63/><E80/><V120/><F23/><W17/><AGARI ba="0,1" hai="12,15,16,17,20,21,41,45,49,73,75,92,99,101" machi="17" ten="30,11700,0" yaku="1,1,0,1,9,1,54,1,53,0" doraHai="117" doraHaiUra="33" who="3" fromWho="3" sc="135,-39,332,-39,319,-39,204,127" /><INIT seed="3,1,0,0,2,131" ten="96,293,280,331" oya="3" hai0="130,127,129,42,94,106,100,66,71,98,81,47,101" hai1="19,123,84,55,99,27,78,65,18,33,7,68,4" hai2="74,87,105,44,38,89,90,43,58,122,9,39,97" hai3="37,133,110,116,16,24,120,109,80,132,119,56,52"/><W26/><G37/><T29/><D29/><U12/><E123/><V113/><F74/><W17/><G80/><T104/><D66/><U114/><E114/><V23/><F113/><W54/><REACH who="3" step="1"/><G56/><REACH who="3" ten="96,293,280,321" step="2"/><T21/><D81/><U49/><E78/><V62/><F39/><W92/><G92/><T11/><D94/><U10/><E68/><V118/><F58/><W8/><G8/><T77/><D11/><U126/><E10/><V59/><F9/><W124/><G124/><T88/><D77/><U2/><E126/><V82/><F122/><AGARI ba="1,1" hai="16,17,24,26,52,54,109,110,116,119,120,122,132,133" machi="122" ten="25,24000,3" yaku="1,1,22,2,52,2,54,2,53,2" doraHai="131" doraHaiUra="128" who="3" fromWho="2" sc="96,0,293,0,280,-243,321,253" /><INIT seed="3,2,0,2,3,68" ten="96,293,37,574" oya="3" hai0="122,111,23,31,61,38,105,74,85,64,91,107,110" hai1="57,75,127,125,130,126,90,8,21,63,103,99,109" hai2="0,14,84,36,80,132,54,87,37,2,16,104,69" hai3="70,94,62,53,67,13,81,76,11,15,28,39,131"/><W7/><G131/><T25/><D74/><U115/><E115/><V106/><F69/><W133/><G133/><T45/><D122/><U65/><E130/><V52/><F80/><W118/><G118/><T4/><D4/><U29/><E75/><V49/><F49/><W9/><G28/><T17/><D17/><U100/><E109/><N who="0" m="41481" /><D91/><U71/><E71/><V93/><F93/><W24/><G24/><T72/><D85/><U123/><E123/><V77/><F16/><W73/><G94/><T26/><D26/><N who="1" m="16591" /><E8/><V119/><F77/><W34/><G34/><T101/><D101/><N who="1" m="38987" /><E90/><V42/><F42/><W108/><G108/><T112/><D72/><U60/><E60/><V128/><F14/><W19/><G53/><T56/><D112/><U92/><E92/><V95/><F95/><W46/><G19/><T124/><D124/><U51/><E51/><V6/><F6/><W117/><G117/><T43/><AGARI ba="2,0" hai="23,25,31,38,43,45,56,61,64,105,107" m="41481" machi="43" ten="30,2000,0" yaku="14,1,52,1" doraHai="68" who="0" fromWho="0" sc="96,26,293,-7,37,-7,574,-12" /><INIT seed="4,0,0,0,1,97" ten="122,286,30,562" oya="0" hai0="129,23,69,56,77,34,122,57,58,135,128,84,114" hai1="111,51,127,101,81,55,19,46,133,11,60,18,12" hai2="47,96,14,54,30,124,10,88,35,70,74,102,107" hai3="36,112,48,116,7,37,16,67,104,25,64,1,72"/><T53/><D122/><U103/><E111/><V8/><F74/><W131/><G104/><T32/><D69/><U110/><E110/><V43/><F124/><W63/><G72/><T44/><D114/><U66/><E127/><V26/><F54/><W134/><G112/><T20/><D135/><U105/><E105/><V125/><F125/><W49/><G116/><T108/><D108/><U5/><E133/><V61/><F14/><W40/><G134/><T120/><D120/><U106/><E81/><V28/><F28/><W119/><G40/><T68/><D77/><U76/><E76/><V109/><F109/><W117/><G7/><T4/><D4/><U100/><REACH who="1" step="1"/><E106/><REACH who="1" ten="122,276,30,562" step="2"/><V99/><F99/><W75/><G119/><T39/><D129/><U24/><E24/><V33/><F33/><W95/><G131/><T41/><D128/><U31/><E31/><V22/><F22/><W73/><G117/><T91/><D20/><U80/><E80/><V79/><F79/><W92/><G25/><T89/><D23/><U50/><E50/><N who="2" m="27007" /><F88/><W90/><G90/><T113/><D91/><U59/><AGARI ba="0,1" hai="5,11,12,18,19,46,51,55,59,60,66,100,101,103" machi="59" ten="30,12000,2" yaku="1,1,0,1,8,1,52,3,53,0" doraHai="97" doraHaiUra="115" who="1" fromWho="1" sc="122,-60,276,130,30,-30,562,-30" /><INIT seed="5,0,0,5,3,48" ten="62,406,0,532" oya="1" hai0="34,41,98,58,107,29,123,54,117,43,7,15,24" hai1="73,106,19,133,128,62,125,113,31,10,27,14,99" hai2="57,11,91,9,3,75,84,17,108,47,51,55,87" hai3="5,110,112,38,39,124,45,61,13,71,2,50,79"/><U78/><E113/><V76/><F108/><W92/><G110/><T97/><D117/><U36/><E36/><V25/><F75/><W20/><G2/><T40/><D107/><U59/><E125/><V88/><F3/><W33/><G33/><T109/><D109/><U114/><E114/><V69/><F69/><W81/><G92/><T32/><D32/><U127/><E127/><V130/><F130/><W131/><G124/><T72/><D72/><U42/><E42/><V66/><F76/><W70/><G131/><T35/><D35/><U37/><E37/><V115/><F115/><W26/><G112/><T18/><D7/><U85/><E73/><V103/><F103/><W95/><G95/><T120/><D15/><U111/><E111/><V30/><F30/><N who="3" m="17735" /><G61/><N who="0" m="36055" /><D18/><U90/><E128/><V12/><F25/><W67/><G67/><T100/><D100/><U65/><E133/><V132/><F132/><W44/><G39/><T49/><D49/><U83/><E106/><V102/><F102/><W0/><G0/><T89/><D89/><N who="2" m="34378" /><F11/><N who="3" m="4335" /><G38/><T28/><D28/><U135/><E135/><V126/><F126/><W56/><G71/><T96/><D34/><U116/><E116/><V134/><F134/><W6/><G70/><T8/><D8/><U101/><E101/><V82/><F82/><W22/><G6/><T52/><D120/><U80/><E80/><V74/><F74/><N who="3" m="43255" /><G22/><N who="0" m="15511" /><D123/><U129/><E129/><V118/><F118/><W68/><G68/><T93/><D93/><N who="1" m="56759" /><E31/><V63/><AGARI ba="0,0" hai="9,12,17,47,51,55,57,63,66,84,87" m="34378" machi="63" ten="30,4000,0" yaku="8,1,52,1,54,1" doraHai="48" who="2" fromWho="2" sc="62,-10,406,-20,0,40,532,-10" /><INIT seed="6,0,0,2,4,88" ten="52,386,40,522" oya="2" hai0="24,45,95,6,90,0,62,103,97,121,87,126,101" hai1="93,4,89,66,51,57,109,2,128,92,54,106,17" hai2="82,122,108,25,130,123,84,7,73,1,29,8,120" hai3="21,69,85,14,33,37,53,67,42,77,22,105,65"/><V38/><F130/><W63/><G105/><T18/><D126/><U107/><E109/><V15/><F108/><W46/><G33/><T39/><D121/><U114/><E114/><V40/><F15/><W56/><G67/><T96/><D0/><U111/><E111/><V36/><F40/><W13/><G77/><T64/><D6/><U49/><E66/><V41/><F41/><W34/><G34/><T31/><D18/><U116/><E116/><V102/><F102/><W75/><G85/><T19/><D19/><U104/><E128/><V47/><F47/><W134/><G134/><T27/><D45/><U58/><E89/><V80/><F80/><W132/><G75/><T5/><D39/><U9/><REACH who="1" step="1"/><E17/><REACH who="1" ten="52,376,40,522" step="2"/><V72/><F73/><W113/><G113/><T83/><D90/><U23/><E23/><N who="3" m="8714" /><G132/><T81/><D64/><U76/><E76/><N who="2" m="44295" /><F84/><W48/><AGARI ba="0,1" hai="13,14,37,42,46,48,53,56,63,65,69" m="8714" machi="48" ten="30,1100,0" yaku="24,1" doraHai="88" who="3" fromWho="3" sc="52,-3,376,-3,40,-5,522,21" /><INIT seed="7,0,0,2,2,33" ten="49,373,35,543" oya="3" hai0="48,39,6,15,26,9,125,28,135,23,99,49,129" hai1="66,73,97,116,7,37,53,1,10,106,57,44,77" hai2="31,83,32,13,85,132,60,70,58,118,111,20,40" hai3="95,54,94,2,25,114,102,24,91,82,43,88,51"/><W80/><G2/><T104/><D39/><U117/><E53/><V5/><F118/><W113/><G43/><T21/><D21/><U105/><E57/><V8/><F111/><W30/><G102/><T19/><D135/><U96/><E96/><V124/><F132/><W87/><G114/><T50/><D129/><U90/><E90/><V68/><F124/><W107/><G113/><T119/><D125/><U22/><E22/><V86/><F40/><W122/><G107/><T76/><D76/><U121/><E121/><V75/><F32/><W103/><G122/><T14/><D119/><U34/><E66/><V38/><F38/><W42/><G103/><T17/><D104/><U64/><E64/><N who="2" m="38935" /><F75/><W71/><G42/><T92/><D49/><U61/><E61/><V55/><F55/><W11/><G11/><N who="0" m="6367" /><D6/><U47/><E47/><V108/><F108/><W134/><G88/><AGARI ba="0,0" hai="9,15,19,23,26,28,48,50,88,92,99" m="6367" machi="88" ten="30,2000,0" yaku="8,1,54,1" doraHai="33" who="0" fromWho="3" sc="49,20,373,0,35,0,543,-20" owari="69,-33.1,373,17.3,35,-46.5,523,62.3" /></mjloggm>