<mjloggm ver="2.3"><GO type="169" lobby="0"/><UN n0="%43%72%37" n1="%E6%AD%8C%E3%81%AE%E3%82%88%E3%81%86%E3%81%AB%E8%8B%A6%E3%81%84" n2="%E5%8D%97%E5%B8%9D%E5%8D%97%E6%B5%A6" n3="%E8%B5%A4%E5%BA%A7%E3%81%82%E3%81%8B%E3%82%8A%45%58" dan="18,16,17,16" rate="2224.87,2067.73,2207.78,2154.73" sx="M,M,M,M"/><TAIKYOKU oya="0"/><INIT seed="0,0,0,4,0,39" ten="250,250,250,250" oya="0" hai0="2,79,65,58,67,125,115,117,64,113,128,32,11" hai1="92,27,118,96,46,28,63,42,18,85,104,105,129" hai2="108,43,69,17,25,16,90,21,87,89,31,15,24" hai3="111,36,74,122,80,99,70,72,100,82,126,20,23"/><T30/><BYE who="2" /><D117/><U112/><E112/><V1/><F1/><W116/><G70/><T66/><D79/><U52/><E129/><V47/><F47/><W45/><G116/><T68/><D68/><UN n2="%E5%8D%97%E5%B8%9D%E5%8D%97%E6%B5%A6" /><U110/><E118/><V26/><F108/><W3/><G3/><T84/><D128/><U101/><E110/><V94/><F69/><W59/><G111/><T10/><D125/><U22/><E85/><V83/><F43/><W6/><G6/><T41/><D84/><U12/><E42/><V123/><F123/><W56/><G122/><T114/><D2/><U135/><E135/><V61/><F61/><W29/><G29/><T54/><N who="0" m="16384" /><DORA hai="57" /><T75/><D75/><U119/><E119/><V130/><F130/><W51/><G36/><T4/><D4/><U103/><E103/><V19/><REACH who="2" step="1"/><F31/><REACH who="2" ten="250,250,240,250" step="2"/><W78/><G126/><T95/><D41/><U131/><E131/><V33/><F33/><W48/><G45/><T60/><REACH who="0" step="1"/><D95/><REACH who="0" ten="240,250,240,250" step="2"/><U5/><E92/><V55/><F55/><W62/><G82/><T124/><D124/><U133/><E104/><V9/><F9/><W76/><G80/><T107/><D107/><U34/><E105/><V109/><F109/><W38/><G38/><T37/><D37/><U40/><E40/><V13/><F13/><W50/><G74/><T121/><D121/><U93/><E12/><V127/><F127/><W98/><G72/><T132/><D132/><U106/><E93/><V53/><F53/><W35/><G35/><T88/><D88/><U77/><E106/><V120/><F120/><W71/><G71/><T0/><D0/><RYUUKYOKU ba="0,2" sc="240,15,250,-15,240,15,250,-15" hai0="10,11,30,32,54,58,60,113,114,115" hai2="15,16,17,19,21,24,25,26,83,87,89,90,94" /><INIT seed="0,1,2,4,1,120" ten="255,235,255,235" oya="0" hai0="1,89,72,43,0,105,114,87,61,29,86,110,132" hai1="17,13,32,15,119,59,26,50,52,103,106,5,31" hai2="129,78,27,82,42,54,102,73,93,6,90,53,40" hai3="80,10,39,131,94,92,85,71,126,16,57,37,4"/><T21/><D114/><U22/><E119/><V2/><F129/><W79/><G71/><T99/><D72/><U121/><E121/><V68/><F68/><W108/><G131/><T36/><D132/><U133/><E133/><V7/><F102/><W28/><G28/><T62/><D36/><U66/><E66/><V20/><F54/><W70/><G70/><T65/><D43/><U98/><REACH who="1" step="1"/><E5/><REACH who="1" ten="255,225,255,235" step="2"/><V41/><F2/><W8/><G4/><T76/><D65/><U3/><E3/><V30/><REACH who="2" step="1"/><F53/><REACH who="2" ten="255,225,245,235" step="2"/><W112/><G112/><T122/><D0/><U55/><E55/><V64/><F64/><W95/><G126/><T38/><D1/><U117/><E117/><V83/><F83/><W75/><G80/><T25/><D122/><U46/><E46/><V14/><F14/><AGARI ba="1,4" hai="13,14,15,17,22,26,31,32,50,52,59,98,103,106" machi="14" ten="30,7700,0" yaku="1,1,7,1,54,1,53,1" doraHai="120" doraHaiUra="12" who="1" fromWho="2" sc="255,0,225,120,245,-80,235,0" /><INIT seed="1,0,0,3,4,61" ten="255,345,165,235" oya="1" hai0="20,114,113,8,30,107,66,109,76,85,25,95,120" hai1="65,5,118,16,110,124,11,43,67,131,90,70,132" hai2="133,102,12,127,103,42,29,21,77,59,40,35,72" hai3="117,49,1,24,48,100,14,58,111,64,63,122,26"/><U104/><E118/><V6/><F127/><W135/><G1/><T121/><D107/><U106/><E124/><V23/><F133/><W96/><G122/><N who="0" m="47211" /><D109/><U68/><E132/><V73/><F35/><W74/><G135/><T46/><D46/><U88/><E43/><V119/><F77/><W53/><G74/><T128/><D128/><U87/><E131/><V112/><F112/><W17/><G111/><T92/><D8/><U98/><E68/><V89/><F89/><W116/><G116/><T129/><D129/><U75/><E70/><V79/><F79/><W44/><G49/><T0/><D0/><U130/><E75/><V108/><F108/><W9/><REACH who="3" step="1"/><G117/><REACH who="3" ten="255,345,165,225" step="2"/><T91/><D114/><U54/><E110/><V38/><F73/><W2/><G2/><T34/><D113/><U45/><E130/><V86/><F72/><W28/><G28/><T93/><D76/><U4/><E104/><AGARI ba="0,1" hai="9,14,17,24,26,44,48,53,58,63,64,96,100,104" machi="104" ten="30,3900,0" yaku="1,1,7,1,52,1,53,0" doraHai="61" doraHaiUra="115" who="3" fromWho="1" sc="255,0,345,-39,165,0,225,49" /><INIT seed="2,0,0,5,3,79" ten="255,306,165,274" oya="2" hai0="10,12,68,30,125,69,32,114,73,67,44,82,4" hai1="55,129,39,13,121,65,8,11,90,45,48,38,17" hai2="132,66,99,86,96,6,59,77,75,104,24,103,26" hai3="94,123,98,118,111,43,100,110,9,128,83,60,95"/><V51/><F132/><W2/><G43/><T120/><D120/><U92/><E129/><V20/><F6/><W18/><G123/><T112/><D125/><U28/><E121/><V3/><F3/><W131/><G118/><T89/><D44/><U84/><E65/><V16/><F75/><W50/><G50/><T93/><D30/><U14/><REACH who="1" step="1"/><E28/><REACH who="1" ten="255,296,165,274" step="2"/><V46/><F66/><W52/><G128/><T25/><D67/><U64/><E64/><V72/><F72/><W34/><G131/><T127/><D73/><U122/><E122/><V134/><F134/><W57/><G110/><T130/><D130/><U41/><E41/><N who="2" m="25039" /><F104/><W47/><G111/><T116/><D69/><U23/><E23/><N who="2" m="13415" /><F103/><W40/><G100/><T106/><D106/><U22/><E22/><V53/><F20/><W109/><G109/><T15/><D68/><U58/><E58/><V37/><F26/><W31/><G57/><T102/><D25/><U115/><E115/><V49/><F37/><W54/><G40/><T126/><D112/><U36/><E36/><V33/><F33/><W101/><G34/><T29/><D114/><U97/><E97/><V113/><F113/><W91/><G98/><N who="0" m="59727" /><D29/><U124/><E124/><V35/><F35/><W62/><G31/><T42/><D32/><U5/><AGARI ba="0,1" hai="5,8,11,13,14,17,38,39,45,48,55,84,90,92" machi="5" ten="20,8000,1" yaku="1,1,0,1,7,1,53,2" doraHai="79" doraHaiUra="70" who="1" fromWho="1" sc="255,-20,296,90,165,-40,274,-20" /><INIT seed="3,0,0,4,0,80" ten="235,386,125,254" oya="3" hai0="79,40,23,133,49,10,45,81,74,126,17,86,99" hai1="42,52,8,48,73,21,119,72,22,88,57,4,65" hai2="69,85,92,76,130,109,59,18,19,91,55,106,39" hai3="87,20,41,118,5,38,43,13,90,128,67,84,61"/><W121/><G118/><T27/><D126/><U64/><E73/><V51/><F109/><W96/><G121/><T123/><D133/><U28/><E72/><V12/><F130/><W31/><G128/><T103/><D123/><U77/><E77/><V131/><F131/><W63/><G38/><T44/><D74/><U34/><E34/><V127/><F127/><W33/><G33/><T0/><D0/><U100/><E100/><V89/><F106/><W98/><G5/><T93/><D45/><U7/><E42/><N who="3" m="15882" /><G67/><T68/><D68/><U32/><E32/><V104/><F104/><W124/><G124/><T25/><REACH who="0" step="1"/><D10/><REACH who="0" ten="225,386,125,254" step="2"/><U78/><E8/><V35/><F69/><W132/><G132/><T46/><D46/><U16/><E119/><V24/><F39/><W60/><G13/><AGARI ba="0,1" hai="13,17,23,25,27,40,44,49,79,81,86,93,99,103" machi="13" ten="30,7700,0" yaku="1,1,7,1,8,1,52,1,53,0" doraHai="80" doraHaiUra="3" who="0" fromWho="3" sc="225,87,386,0,125,0,254,-77" /><INIT seed="4,0,0,0,4,21" ten="312,386,125,177" oya="0" hai0="100,104,13,95,17,128,80,130,73,3,12,84,131" hai1="98,78,55,1,119,110,38,19,76,103,11,126,75" hai2="62,6,108,67,90,25,23,97,94,10,68,49,135" hai3="66,50,26,46,69,118,93,24,101,88,125,121,34"/><T83/><D3/><U91/><E110/><V40/><F108/><W122/><G118/><T9/><D104/><U56/><E38/><V52/><F135/><W87/><G125/><T32/><D32/><U99/><E91/><V106/><F106/><W30/><G101/><T43/><D43/><U18/><E99/><V35/><F40/><W117/><G117/><T57/><D73/><U102/><E102/><V113/><F35/><W79/><G79/><T8/><D57/><U85/><E75/><V27/><F23/><W129/><G129/><T92/><D100/><U81/><E76/><V111/><F113/><W16/><G66/><T4/><REACH who="0" step="1"/><D83/><REACH who="0" ten="302,386,125,177" step="2"/><N who="1" m="47351" /><E119/><V105/><F105/><W114/><G114/><T96/><D96/><U45/><E1/><V115/><F115/><W51/><G69/><T109/><D109/><U74/><E81/><V116/><F116/><W22/><REACH who="3" step="1"/><G46/><REACH who="3" ten="302,386,125,167" step="2"/><T14/><D14/><U36/><E45/><V127/><F127/><W48/><AGARI ba="0,2" hai="16,22,24,26,30,34,48,50,51,87,88,93,121,122" machi="48" ten="30,12000,2" yaku="1,1,2,1,0,1,52,2,54,2,53,0" doraHai="21" doraHaiUra="60" who="3" fromWho="3" sc="302,-60,386,-30,125,-30,167,140" /><INIT seed="5,0,0,0,3,31" ten="242,356,95,307" oya="1" hai0="91,49,29,57,70,62,55,120,15,83,38,56,28" hai1="113,95,88,134,115,24,21,85,129,41,10,118,72" hai2="131,125,106,14,112,43,78,54,30,61,71,97,22" hai3="116,48,96,86,51,34,60,84,101,44,37,13,109"/><U123/><E118/><V98/><F125/><W104/><G109/><T36/><D70/><U124/><E123/><V1/><F131/><W132/><G132/><T12/><D120/><U20/><E72/><V9/><F1/><W89/><G37/><T64/><D38/><U82/><E129/><V102/><F43/><W76/><G34/><T32/><D36/><U133/><E41/><V66/><F78/><W46/><G60/><T117/><D117/><U47/><E47/><V92/><F54/><W33/><G33/><T42/><D42/><U67/><E67/><V8/><F112/><N who="1" m="43081" /><E124/><V87/><F87/><W79/><G13/><N who="0" m="5195" /><D32/><U75/><E10/><V63/><F63/><W52/><G116/><T50/><D49/><U126/><E126/><V107/><F107/><W121/><G121/><T77/><D77/><N who="1" m="44351" /><E21/><V0/><F0/><W130/><G130/><T99/><D83/><U58/><E58/><V27/><F14/><W103/><G103/><AGARI ba="0,0" hai="8,9,22,27,30,61,66,71,92,97,98,102,103,106" machi="103" ten="30,1000,0" yaku="7,1" doraHai="31" who="2" fromWho="3" sc="242,0,356,0,95,10,307,-10" /><INIT seed="6,0,0,5,3,32" ten="242,356,105,297" oya="2" hai0="96,9,49,41,27,103,118,92,7,114,95,132,67" hai1="88,6,119,30,129,120,81,48,112,121,2,54,79" hai2="85,60,90,116,91,53,58,15,22,126,113,57,45" hai3="123,73,43,68,69,33,100,76,111,23,77,64,98"/><V21/><F116/><W97/><G111/><T122/><D122/><N who="1" m="47211" /><E112/><V3/><F113/><W130/><G33/><T108/><D108/><U16/><E129/><V50/><F126/><W84/><G73/><T78/><D114/><U40/><E30/><V117/><F117/><W29/><G123/><T127/><D132/><U66/><E66/><V39/><F39/><W62/><G69/><T70/><D118/><U104/><E104/><V82/><F3/><W55/><G43/><T56/><D70/><U135/><E40/><V110/><F110/><W71/><G68/><T83/><D27/><U128/><E128/><V35/><F35/><W36/><G36/><T89/><D127/><U52/><E6/><V10/><F91/><W38/><G98/><T133/><D133/><U28/><E2/><V65/><REACH who="2" step="1"/><F58/><REACH who="2" ten="242,356,95,297" step="2"/><W101/><G38/><T72/><D89/><U47/><E88/><V134/><F134/><W124/><G124/><T61/><D56/><U75/><E135/><V25/><F25/><W5/><G130/><T125/><D125/><U18/><E119/><V12/><F12/><W106/><G71/><T34/><D34/><U99/><E79/><V115/><F115/><W42/><G77/><T51/><D78/><U37/><E37/><V44/><F44/><W1/><G76/><T13/><D13/><U31/><E47/><V0/><F0/><W4/><G1/><T19/><D72/><U11/><E75/><V74/><F74/><W17/><G100/><T105/><D103/><U93/><E31/><V94/><F94/><N who="3" m="58551" /><G29/><T87/><D95/><U14/><E93/><RYUUKYOKU ba="0,1" sc="242,-10,356,-10,95,30,297,-10" hai2="10,15,21,22,45,50,53,57,60,65,82,85,90" /><INIT seed="6,1,1,4,2,114" ten="232,346,125,287" oya="2" hai0="61,15,123,77,134,24,33,17,97,3,94,9,93" hai1="26,25,64,40,115,116,29,81,128,10,16,36,102" hai2="99,72,131,14,83,130,121,27,18,62,1,88,109" hai3="66,57,112,100,75,120,69,55,0,53,46,56,58"/><V30/><F121/><W67/><G0/><T7/><D123/><U54/><E128/><N who="2" m="49195" /><F109/><W22/><G75/><T122/><D134/><U78/><E102/><V85/><F1/><W70/><G100/><T68/><D122/><U19/><E115/><V133/><F133/><W41/><G22/><T92/><D77/><U125/><E64/><N who="3" m="24618" /><G120/><T45/><D68/><N who="3" m="26217" /><G112/><T113/><D61/><U103/><E103/><V6/><F62/><W21/><G21/><N who="0" m="11455" /><D45/><U35/><E35/><N who="2" m="20959" /><F99/><W20/><G20/><T87/><D113/><U73/><E10/><N who="2" m="6487" /><F6/><W89/><G89/><N who="0" m="53311" /><D97/><U118/><E73/><AGARI ba="1,1" hai="72,73,83,85,88" m="6487,20959,49195" machi="73" ten="30,2900,0" yaku="19,1,54,1" doraHai="114" who="2" fromWho="1" sc="232,0,346,-32,125,42,287,0" /><INIT seed="6,2,0,3,1,39" ten="232,314,167,287" oya="2" hai0="99,40,45,46,93,29,126,48,30,51,95,3,16" hai1="1,73,35,80,124,106,63,86,92,96,25,111,71" hai2="115,114,53,121,87,101,69,10,34,117,18,125,120" hai3="31,88,54,85,89,60,49,67,28,14,127,15,84"/><V44/><F34/><W6/><G127/><T61/><D3/><U76/><E1/><V81/><F69/><W123/><G123/><T135/><D126/><U11/><E111/><V52/><F125/><W27/><G60/><T94/><D135/><U23/><E11/><V118/><F101/><W66/><G49/><T12/><D99/><U13/><E124/><V131/><F131/><W113/><G54/><N who="2" m="21097" /><F18/><W74/><G74/><T19/><D61/><U79/><E106/><V91/><F10/><W9/><G113/><N who="2" m="43017" /><F44/><W130/><G130/><T109/><D109/><U36/><E35/><V132/><F132/><W43/><G9/><N who="0" m="6159" /><D19/><U32/><E32/><V24/><F24/><W2/><G6/><T83/><D83/><U59/><E80/><V8/><F8/><W97/><G2/><T0/><D0/><U103/><E25/><V112/><N who="2" m="43025" /><V20/><DORA hai="58" /><F20/><W90/><G27/><T41/><AGARI ba="2,0" hai="29,30,40,41,45,46,48,51,93,94,95" m="6159" machi="41" ten="30,7900,0" yaku="8,1,52,2,54,1" doraHai="39,58" who="0" fromWho="0" sc="232,85,314,-22,167,-41,287,-22" /><INIT seed="7,0,0,3,5,78" ten="317,292,126,265" oya="3" hai0="50,6,9,28,15,106,22,75,114,64,33,43,21" hai1="58,35,111,62,76,96,128,34,102,132,55,36,87" hai2="113,72,27,69,49,109,133,24,59,77,110,120,1" hai3="31,100,10,117,70,122,39,17,32,60,130,103,23"/><W57/><G117/><T44/><D75/><U119/><E111/><V68/><F1/><W115/><G122/><T116/><D116/><U47/><E119/><V127/><F120/><W84/><G39/><T134/><D106/><U123/><E123/><V46/><F24/><W38/><G38/><T88/><D114/><U83/><E132/><V56/><F27/><W19/><G70/><T126/><D33/><U25/><E128/><V129/><F77/><W13/><G115/><T29/><D126/><U4/><E4/><V71/><F72/><W108/><G108/><T98/><D64/><U5/><E5/><V90/><F113/><W67/><G130/><T14/><D134/><U125/><E125/><V8/><F8/><W66/><G66/><T20/><D14/><U97/><E97/><V131/><F90/><W80/><G31/><T135/><D135/><U54/><E25/><V0/><F0/><W61/><G61/><T104/><D104/><U95/><E36/><V101/><F101/><W41/><G41/><T86/><D98/><U52/><REACH who="1" step="1"/><E47/><REACH who="1" ten="317,282,126,265" step="2"/><V74/><F133/><W65/><G65/><AGARI ba="0,1" hai="34,35,52,54,55,58,62,65,76,83,87,95,96,102" machi="65" ten="40,8000,1" yaku="1,1,2,1,52,1,54,1,53,1" doraHai="78" doraHaiUra="63" who="1" fromWho="3" sc="317,0,282,90,126,0,265,-80" owari="317,11.7,372,47.2,126,-37.4,185,-21.5" /></mjloggm>