<mjloggm ver="2.3"><GO type="169" lobby="0"/><UN n0="%E3%81%99%E3%81%84%E3%81%BF%E3%82%87%E3%82%93%44%5A" n1="%45%7A%61%6B%69" n2="%E5%A4%A9%E6%89%8D%E3%82%A4%E3%83%99%E3%83%AA%E3%82%B3%E8%B1%9A" n3="%E6%88%B8%E9%83%B7%E7%BF%94%E5%BE%81" dan="16,16,16,17" rate="2111.53,2105.03,2067.88,2202.94" sx="M,M,F,M"/><TAIKYOKU oya="0"/><INIT seed="0,0,0,0,5,9" ten="250,250,250,250" oya="0" hai0="0,62,53,122,20,84,21,40,65,3,134,27,79" hai1="8,18,100,48,14,92,6,113,124,80,70,57,34" hai2="90,117,94,82,75,76,61,78,10,105,87,107,32" hai3="72,135,67,69,116,81,126,99,109,95,19,5,112"/><T89/><D122/><U127/><E70/><V66/><F117/><W38/><G38/><T93/><D134/><U98/><E113/><V115/><F32/><W125/><G5/><T1/><D40/><U133/><E133/><V46/><F115/><W41/><G41/><T108/><D108/><U55/><E34/><V44/><F44/><W132/><G112/><T39/><D39/><U131/><E131/><V118/><F118/><W68/><G116/><T11/><D53/><U15/><REACH who="1" step="1"/><E80/><REACH who="1" ten="250,240,250,250" step="2"/><V30/><F82/><W23/><G81/><T111/><D111/><U77/><E77/><V128/><F78/><W110/><G69/><T49/><D79/><U60/><E60/><V24/><F61/><W2/><G68/><T28/><D49/><U56/><E56/><V71/><F76/><W45/><G110/><T51/><D51/><U121/><E121/><V58/><F71/><W102/><G109/><T85/><D62/><U42/><E42/><V64/><F58/><W17/><G132/><T83/><D83/><U101/><E101/><V86/><F128/><W130/><G102/><T103/><D103/><U59/><E59/><V47/><F66/><W37/><G67/><T114/><D65/><U129/><E129/><V43/><F43/><W26/><G130/><T7/><D114/><U91/><E91/><V4/><F64/><W97/><G135/><T106/><D89/><U29/><E29/><V73/><F90/><W12/><G37/><T120/><D28/><U104/><E104/><V22/><F107/><W63/><G63/><T33/><D106/><U16/><E16/><RYUUKYOKU ba="0,1" sc="250,-10,240,30,250,-10,250,-10" hai1="6,8,14,15,18,48,55,57,92,98,100,124,127" /><INIT seed="1,1,1,1,0,80" ten="240,270,240,240" oya="1" hai0="76,65,14,129,51,105,42,46,32,38,103,110,62" hai1="18,64,11,96,122,25,47,117,59,99,52,28,85" hai2="121,58,97,48,33,2,78,35,108,7,0,112,88" hai3="119,9,55,12,40,19,13,44,6,16,126,118,132"/><U21/><E117/><V30/><F121/><W87/><G132/><T113/><D113/><U17/><E122/><V57/><F108/><W106/><G106/><T79/><D110/><U127/><E127/><V131/><F131/><W20/><G55/><T134/><D134/><U95/><E64/><V107/><F112/><W68/><G68/><T23/><D32/><U77/><E47/><V114/><F114/><W98/><G98/><N who="1" m="37418" /><E11/><V133/><F78/><W67/><G67/><T66/><D103/><U53/><E53/><V111/><F111/><W109/><G109/><T92/><D105/><U15/><E15/><V83/><F35/><W74/><G74/><T94/><D38/><U34/><E34/><V90/><F107/><W50/><G126/><T41/><D41/><U22/><E22/><V26/><F7/><W54/><G54/><T130/><D66/><U1/><E1/><V120/><F120/><W116/><G19/><N who="0" m="10743" /><D130/><U69/><E69/><V89/><F133/><W125/><G125/><T82/><D129/><U75/><E75/><V104/><F2/><W135/><G135/><T3/><D3/><U4/><E4/><V45/><F0/><W61/><G61/><T91/><D62/><N who="1" m="36199" /><E77/><N who="0" m="29769" /><D65/><U31/><E31/><V93/><F104/><W43/><G43/><T5/><D5/><U36/><E36/><V115/><F115/><W49/><G49/><T8/><D8/><U128/><E128/><V84/><F57/><W81/><G81/><T10/><D10/><U71/><E71/><V60/><F58/><W29/><G29/><T56/><D56/><U27/><E27/><RYUUKYOKU ba="1,1" sc="240,10,270,10,240,-30,240,10" hai0="42,46,51,82,91,92,94" hai1="17,18,21,25,28,85,95" hai3="6,9,12,13,16,20,40,44,50,87,116,118,119" /><INIT seed="1,2,1,2,5,50" ten="250,280,210,250" oya="1" hai0="48,124,7,108,131,51,75,30,23,106,87,41,127" hai1="60,92,111,93,135,2,79,117,65,57,119,90,9" hai2="80,34,14,109,47,128,58,52,44,107,55,102,29" hai3="91,130,94,42,24,84,21,99,40,6,0,74,4"/><U33/><E33/><V104/><F109/><W76/><G74/><T81/><D75/><U61/><E111/><V39/><F128/><W35/><G35/><T113/><D113/><U77/><E135/><V132/><F132/><W3/><G3/><T116/><D116/><U37/><E37/><V13/><F34/><W22/><G22/><T19/><D108/><U120/><E120/><V68/><F68/><W125/><G125/><N who="0" m="48203" /><D30/><U103/><E103/><V85/><F102/><W53/><G130/><T83/><D106/><U129/><E129/><V59/><F29/><W56/><G0/><T25/><D83/><U49/><E49/><N who="2" m="30991" /><F39/><W31/><G76/><N who="0" m="46503" /><D131/><U12/><E2/><V110/><F107/><W17/><G31/><T101/><D101/><U28/><E28/><V112/><F104/><W45/><G84/><T133/><D133/><U96/><E93/><V88/><F110/><W16/><G17/><T1/><D41/><N who="3" m="15977" /><G45/><N who="2" m="17481" /><F112/><W123/><G123/><T122/><D122/><U105/><E105/><V36/><F36/><W126/><G126/><T78/><D78/><U97/><E97/><V134/><F134/><W95/><G95/><T98/><D98/><U27/><E119/><V54/><F59/><W64/><G64/><T72/><D72/><U62/><E117/><V82/><F82/><W11/><G11/><AGARI ba="2,1" hai="1,7,11,19,23,25,48,51" m="46503,48203" machi="11" ten="30,1000,0" yaku="18,1" doraHai="50" who="0" fromWho="3" sc="250,26,280,0,210,0,250,-16" /><INIT seed="2,0,0,5,1,75" ten="276,280,210,234" oya="2" hai0="82,125,39,9,128,44,115,104,5,81,103,86,68" hai1="122,95,24,41,64,80,31,8,83,30,56,20,59" hai2="45,129,85,123,132,62,88,49,108,107,26,51,63" hai3="114,16,2,94,6,32,38,135,130,84,118,33,19"/><V27/><F123/><W89/><G38/><T4/><D115/><U28/><E122/><V46/><F107/><W65/><G118/><T29/><D68/><U53/><E41/><N who="2" m="24751" /><F129/><W78/><G130/><T37/><D128/><U74/><E8/><V42/><F132/><W117/><G117/><T23/><D103/><U100/><E64/><V52/><F108/><W79/><G135/><T0/><D104/><U35/><E35/><V131/><F131/><W120/><G120/><T34/><D34/><U40/><E40/><V87/><F87/><W25/><G2/><T98/><D98/><U22/><E59/><N who="2" m="35175" /><F63/><W66/><G6/><T13/><D5/><U113/><E113/><V15/><F15/><W111/><G111/><T50/><D0/><U90/><E100/><V127/><F127/><W14/><G114/><T76/><D125/><U73/><E74/><V110/><F110/><W91/><G33/><T69/><D69/><U92/><E73/><V106/><F106/><W101/><G32/><T17/><D39/><U134/><E134/><V57/><F57/><W126/><G126/><T47/><D37/><U43/><E43/><V116/><F116/><W55/><G14/><T112/><D112/><U119/><E119/><V71/><F71/><W105/><G105/><T102/><D13/><U77/><E56/><V70/><F70/><W93/><G25/><T72/><D72/><U36/><E24/><V96/><F96/><W18/><G84/><T99/><D86/><U10/><E36/><V60/><F60/><W7/><G66/><T48/><D99/><U54/><E54/><RYUUKYOKU ba="0,0" sc="276,-10,280,-10,210,30,234,-10" hai2="26,27,42,46,51,85,88" /><INIT seed="2,1,0,0,5,2" ten="266,270,240,224" oya="2" hai0="36,14,73,110,74,38,133,101,7,48,28,76,34" hai1="30,109,51,56,9,125,39,129,75,55,53,102,31" hai2="92,96,114,59,108,29,41,62,80,130,42,120,61" hai3="68,33,35,46,112,60,23,128,26,78,69,86,6"/><V44/><F120/><W113/><G128/><T88/><D110/><U50/><E109/><V77/><F108/><W54/><G35/><T5/><D101/><U97/><E129/><V57/><F130/><W70/><G33/><T1/><D1/><U124/><E39/><V40/><F29/><W20/><G6/><T98/><D133/><U12/><E75/><V43/><F114/><W37/><G37/><T45/><D38/><U71/><E71/><V126/><F126/><W93/><G46/><T19/><D36/><U82/><E82/><V63/><F44/><W121/><G121/><T32/><D76/><U131/><E131/><V85/><N who="2" m="10240" /><DORA hai="103" /><V13/><REACH who="2" step="1"/><F13/><REACH who="2" ten="266,270,230,224" step="2"/><W15/><G15/><T25/><D14/><U3/><E124/><V52/><F52/><W47/><G54/><T21/><D28/><U106/><E125/><V105/><F105/><W16/><G47/><T27/><D45/><U115/><E115/><V94/><F94/><W4/><G93/><T99/><D34/><U90/><E3/><V117/><F117/><W89/><G113/><T87/><D32/><U84/><E12/><V49/><F49/><W91/><G112/><T79/><D48/><U111/><E111/><V127/><F127/><W24/><G60/><T132/><D27/><U100/><E51/><V64/><F64/><W67/><G67/><T65/><D65/><U0/><E55/><V134/><F134/><W8/><G26/><T10/><D132/><U123/><E123/><V72/><F72/><W122/><G24/><T119/><D74/><U104/><E0/><V58/><F58/><RYUUKYOKU ba="1,1" sc="266,-10,270,-10,230,30,224,-10" hai2="57,59,61,62,63,77,80,85,92,96" /><INIT seed="2,2,1,3,2,66" ten="256,260,260,214" oya="2" hai0="58,89,86,57,35,25,78,110,51,2,27,45,99" hai1="37,80,18,31,60,16,98,46,81,74,104,64,21" hai2="12,91,123,96,72,92,76,30,65,134,108,54,109" hai3="47,71,43,103,36,85,101,34,113,112,56,33,24"/><V68/><F123/><W88/><G56/><T59/><D35/><U124/><E124/><V48/><F134/><W77/><G77/><T8/><D110/><N who="2" m="42602" /><F30/><N who="3" m="19655" /><G34/><T70/><D70/><U84/><E74/><V114/><F114/><N who="3" m="44139" /><G71/><T20/><D78/><U44/><E31/><V3/><F3/><W28/><G28/><T52/><D99/><U49/><E37/><V118/><F118/><W9/><G9/><T67/><D67/><U6/><E6/><V116/><F116/><W55/><G55/><T42/><D42/><U107/><E18/><V120/><F120/><W133/><G133/><T97/><D97/><U121/><E121/><V95/><F12/><W13/><G13/><T7/><REACH who="0" step="1"/><D20/><REACH who="0" ten="246,260,260,214" step="2"/><U115/><E98/><N who="2" m="57631" /><F68/><W117/><G117/><T11/><D11/><U10/><E10/><V79/><F65/><W5/><G5/><T26/><D26/><U62/><E115/><V41/><F41/><W94/><AGARI ba="2,2" hai="36,43,47,85,88,94,101,103" m="44139,19655" machi="94" ten="30,2000,0" yaku="11,1,54,1" doraHai="66" who="3" fromWho="3" sc="246,-7,260,-7,260,-12,214,46" /><INIT seed="3,0,0,5,1,44" ten="239,253,248,260" oya="3" hai0="89,93,85,106,114,103,64,108,8,130,128,51,69" hai1="45,79,35,58,77,124,50,26,33,135,52,21,104" hai2="127,118,36,31,59,91,73,14,16,120,84,54,68" hai3="110,131,121,22,96,83,98,97,72,20,109,60,43"/><W94/><G121/><T29/><D108/><N who="3" m="41577" /><G131/><N who="0" m="50219" /><D114/><U41/><E124/><V117/><F36/><W86/><G43/><T62/><D29/><U132/><E104/><V18/><F127/><W75/><G60/><T0/><D51/><U23/><E35/><V49/><F73/><N who="3" m="28235" /><G22/><T88/><D89/><U67/><E67/><V30/><F68/><W53/><G53/><T112/><D112/><U7/><E7/><V105/><F120/><W133/><G20/><T122/><D122/><U123/><E123/><V38/><F38/><W24/><G24/><T1/><D8/><U55/><E33/><V2/><F2/><W99/><G133/><N who="1" m="51274" /><E23/><V37/><F37/><W100/><G99/><AGARI ba="0,0" hai="0,1,62,64,69,85,88,93,99,103,106" m="50219" machi="99" ten="30,2000,0" yaku="19,1,54,1" doraHai="44" who="0" fromWho="3" sc="239,20,253,0,248,0,260,-20" /><INIT seed="4,0,0,2,3,72" ten="259,253,248,240" oya="0" hai0="27,86,58,80,111,66,28,108,19,53,109,11,103" hai1="35,98,101,26,90,16,43,54,106,8,61,77,40" hai2="44,25,83,63,15,123,50,42,89,30,71,97,48" hai3="113,120,20,13,99,46,65,31,38,102,69,7,117"/><T131/><D131/><U9/><E90/><V18/><F123/><W104/><G113/><T49/><D103/><U134/><E134/><V81/><F71/><W76/><G117/><T126/><D126/><U12/><E8/><V3/><F3/><W36/><G120/><T84/><D66/><U37/><E37/><V92/><F63/><W115/><G115/><T87/><D11/><U82/><E61/><V127/><F127/><W39/><G65/><T114/><D19/><U23/><E54/><V24/><F50/><W60/><G60/><T57/><D57/><U62/><E62/><V5/><F5/><W64/><G64/><T68/><D68/><U129/><E35/><V21/><REACH who="2" step="1"/><F24/><REACH who="2" ten="259,253,238,240" step="2"/><W94/><G7/><T47/><D114/><U100/><E129/><V88/><F88/><W55/><G39/><T78/><REACH who="0" step="1"/><D58/><REACH who="0" ten="249,253,238,240" step="2"/><U91/><E101/><V110/><F110/><W17/><G102/><T121/><D121/><U128/><E128/><V74/><F74/><W96/><G69/><T132/><D132/><U105/><E105/><V70/><F70/><W107/><G104/><T93/><D93/><U67/><E67/><V34/><AGARI ba="0,2" hai="15,18,21,25,30,34,42,44,48,81,83,89,92,97" machi="34" ten="20,2700,0" yaku="1,1,0,1,7,1,53,0" doraHai="72" doraHaiUra="73" who="2" fromWho="2" sc="249,-13,253,-7,238,47,240,-7" /><INIT seed="5,0,0,2,2,108" ten="236,246,285,233" oya="1" hai0="91,32,84,20,94,125,104,124,88,11,12,70,45" hai1="120,63,48,121,71,0,61,80,132,90,114,105,5" hai2="8,112,39,74,82,72,130,103,15,30,86,47,69" hai3="96,102,118,62,3,9,53,83,98,101,42,97,126"/><U21/><E105/><V66/><F130/><W19/><G126/><T64/><D32/><U113/><E132/><V27/><F103/><W34/><G34/><T49/><D104/><U60/><E71/><V75/><F69/><W93/><G42/><T16/><D64/><U122/><E21/><V92/><F66/><W25/><G3/><T43/><D70/><U127/><E127/><V115/><F92/><W2/><G2/><T56/><D56/><U51/><E5/><V116/><F47/><W24/><G83/><T65/><D65/><U6/><E6/><V131/><F131/><W81/><G81/><T10/><D11/><U23/><E23/><V29/><F116/><W58/><G118/><T134/><D134/><U77/><E90/><V1/><F39/><W133/><G133/><T59/><D59/><U28/><E28/><V18/><F1/><W14/><REACH who="3" step="1"/><G98/><REACH who="3" ten="236,246,285,223" step="2"/><T44/><D44/><U111/><E0/><V37/><F37/><W17/><G17/><T107/><D107/><AGARI ba="0,1" hai="9,14,19,24,25,53,58,62,93,96,97,101,102,107" machi="107" ten="30,2000,0" yaku="1,1,7,1,53,0" doraHai="108" doraHaiUra="129" who="3" fromWho="0" sc="236,-20,246,0,285,0,223,30" /><INIT seed="6,0,0,5,2,24" ten="216,246,285,253" oya="2" hai0="27,124,18,41,77,21,19,133,65,50,28,4,44" hai1="122,11,32,69,2,102,80,99,37,55,10,61,97" hai2="125,43,6,73,53,5,104,82,103,105,12,91,71" hai3="20,68,58,70,35,63,60,57,33,30,39,111,106"/><V62/><F125/><W117/><G39/><T16/><D124/><U75/><E32/><V45/><F103/><W1/><G1/><T26/><D133/><U66/><E122/><V113/><F113/><W134/><G106/><T17/><D4/><N who="1" m="1303" /><E97/><V36/><F5/><W89/><G111/><T100/><D100/><U40/><E55/><V31/><F31/><W109/><G109/><T87/><D65/><U46/><E11/><V3/><F12/><W48/><G48/><T9/><D9/><U83/><E83/><V119/><F91/><W54/><G117/><T85/><REACH who="0" step="1"/><D77/><REACH who="0" ten="206,246,285,253" step="2"/><N who="1" m="44095" /><E102/><V120/><F120/><W7/><G134/><T101/><D101/><U34/><E99/><V64/><F119/><W78/><G78/><T110/><D110/><U118/><E34/><AGARI ba="0,1" hai="16,17,18,19,21,26,27,28,34,41,44,50,85,87" machi="34" ten="40,5200,0" yaku="1,1,52,1,54,1,53,0" doraHai="24" doraHaiUra="116" who="0" fromWho="1" sc="206,62,246,-52,285,0,253,0" /><INIT seed="7,0,0,2,3,110" ten="268,194,285,253" oya="3" hai0="119,99,135,108,122,15,32,16,101,55,63,116,73" hai1="18,75,97,46,125,72,29,85,30,24,94,80,10" hai2="36,84,3,28,11,115,78,124,82,56,100,102,7" hai3="5,45,98,68,60,107,133,83,92,21,1,66,96"/><W134/><G83/><T90/><D108/><U53/><E125/><V48/><F124/><W117/><G117/><T33/><D122/><U0/><E75/><V114/><F36/><W131/><G131/><T34/><D73/><U81/><E72/><V17/><F28/><W52/><G21/><T14/><D135/><N who="3" m="51721" /><G107/><T118/><D90/><U25/><E0/><V26/><F48/><N who="3" m="28687" /><G92/><T74/><D74/><U23/><E46/><V54/><F54/><W112/><G112/><N who="2" m="43049" /><F56/><W12/><G12/><T93/><D15/><U4/><E53/><V121/><F121/><W20/><G20/><AGARI ba="0,0" hai="3,7,11,17,20,26,78,82,84,100,102" m="43049" machi="20" ten="30,7700,0" yaku="15,1,52,3" doraHai="110" who="2" fromWho="3" sc="268,0,194,0,285,77,253,-77" owari="268,6.8,194,-20.6,362,46.2,176,-32.4" /></mjloggm>