<mjloggm ver="2.3"><GO type="225" lobby="0"/><UN n0="%E3%82%A4%E3%83%BC%E3%82%B1%E3%83%97%E3%83%A9" n1="%72%61%6B%33" n2="%E3%81%82%E3%81%84%E3%81%82%E3%81%8A%E3%81%84" n3="%E3%81%99%E3%83%BC%5F%E9%88%B4%E6%9C%A8%E6%B5%A9%E5%B9%B3" dan="16,16,18,16" rate="2112.57,2115.60,2195.11,2098.15" sx="M,M,M,M"/><TAIKYOKU oya="0"/><INIT seed="0,0,0,1,0,9" ten="250,250,250,250" oya="0" hai0="52,25,84,8,69,132,21,120,46,66,30,23,7" hai1="47,16,130,122,19,88,135,90,110,53,80,111,4" hai2="13,35,123,15,92,100,93,0,74,83,97,78,87" hai3="99,60,91,41,102,108,116,113,134,28,121,67,106"/><T55/><D120/><U79/><E122/><V31/><F0/><W10/><G121/><T24/><D132/><U59/><E135/><V109/><F123/><W14/><G134/><T133/><D133/><U105/><E105/><V42/><F109/><N who="1" m="41481" /><E47/><V17/><F17/><N who="1" m="6729" /><E4/><V125/><F125/><W107/><G116/><T56/><D69/><U73/><E130/><V50/><F42/><W44/><G108/><T89/><D46/><U54/><E54/><N who="0" m="20521" /><D56/><U58/><E58/><V2/><F50/><AGARI ba="0,0" hai="50,53,59,73,79,80,88,90" m="6729,41481" machi="50" ten="30,3900,0" yaku="14,1,54,2" doraHai="9" who="1" fromWho="2" sc="250,0,250,39,250,-39,250,0" /><INIT seed="1,0,0,1,3,79" ten="250,289,211,250" oya="1" hai0="22,50,134,121,131,135,21,18,95,112,129,32,120" hai1="38,0,117,93,63,126,52,106,68,12,101,60,2" hai2="10,80,56,115,130,65,92,31,122,57,132,48,85" hai3="37,39,127,35,123,19,119,13,78,23,110,4,118"/><U11/><E117/><N who="3" m="44554" /><G123/><N who="0" m="47179" /><D95/><U81/><E126/><V105/><F122/><W99/><G127/><T28/><D50/><U100/><E38/><V87/><F105/><W125/><G125/><T15/><D32/><U84/><E106/><V43/><F132/><N who="0" m="50730" /><D112/><U109/><E109/><V5/><F130/><N who="0" m="49674" /><D28/><U133/><E133/><V96/><F31/><W104/><G35/><T77/><D77/><U14/><E93/><V44/><F115/><W9/><G78/><T20/><AGARI ba="0,0" hai="15,18,20,21,22" m="49674,50730,47179" machi="20" ten="40,8000,1" yaku="13,1,20,1,19,1,34,2" doraHai="79" who="0" fromWho="0" sc="250,80,289,-40,211,-20,250,-20" /><INIT seed="2,0,0,5,2,64" ten="330,249,191,230" oya="2" hai0="99,58,44,29,14,47,133,91,85,76,50,82,27" hai1="62,129,55,72,120,20,89,112,83,42,23,19,123" hai2="128,119,40,4,43,35,7,81,12,104,108,65,118" hai3="105,8,16,131,74,13,45,100,37,21,134,97,30"/><V116/><F104/><W32/><G74/><T71/><D71/><U31/><E112/><V51/><F35/><W78/><G134/><T106/><D133/><U61/><E42/><V92/><F128/><W73/><G131/><T49/><D106/><U107/><E107/><V39/><F39/><W98/><G97/><T94/><D14/><U110/><E110/><V56/><F108/><W88/><G32/><T132/><D132/><U117/><E117/><V96/><F81/><W86/><G37/><T101/><D76/><U0/><E0/><V33/><F33/><W11/><G45/><N who="0" m="17483" /><D58/><U69/><E69/><V84/><F84/><W22/><G30/><T3/><D3/><U95/><E31/><V59/><F51/><W60/><G60/><T66/><D66/><U122/><E129/><V130/><F130/><W121/><G8/><T135/><D135/><U70/><E70/><V38/><F38/><W17/><G121/><T93/><D93/><U48/><E83/><V10/><F4/><W53/><G53/><T114/><D114/><U46/><E72/><V24/><F24/><W25/><G73/><T18/><D29/><U124/><E20/><AGARI ba="0,0" hai="18,20,27,49,50,82,85,91,94,99,101" m="17483" machi="20" ten="30,1000,0" yaku="8,1" doraHai="64" who="0" fromWho="1" sc="330,10,249,-10,191,0,230,0" /><INIT seed="3,0,0,2,0,92" ten="340,239,191,230" oya="3" hai0="121,87,20,62,78,83,34,76,51,110,134,63,7" hai1="105,23,114,38,10,71,22,14,61,25,47,4,124" hai2="27,57,91,66,93,36,131,54,28,129,55,67,126" hai3="128,102,99,130,30,65,46,113,40,96,101,135,82"/><W73/><G113/><T109/><D121/><U120/><E114/><V26/><F36/><W127/><G135/><T19/><D34/><U8/><E105/><V16/><F126/><W9/><G127/><T132/><D7/><U17/><E120/><V59/><F28/><W94/><G65/><T37/><D37/><U5/><E124/><V116/><F116/><W21/><G9/><T98/><D51/><U115/><E115/><V70/><F70/><W81/><G30/><T24/><D98/><U112/><E112/><V95/><F91/><W35/><G21/><T77/><D63/><U75/><E75/><V89/><F89/><W85/><G35/><T44/><D44/><U18/><E61/><V43/><F43/><W86/><G73/><T72/><D62/><U108/><E71/><V0/><F0/><W79/><G46/><T50/><D50/><U123/><E108/><N who="0" m="41577" /><D72/><U33/><E47/><V69/><F69/><W41/><G40/><T97/><D97/><N who="3" m="37449" /><G41/><T11/><D11/><U80/><E38/><V6/><F6/><W2/><G2/><T49/><D49/><U122/><E33/><V84/><F84/><W125/><G125/><T39/><D39/><U3/><E80/><V60/><F60/><W88/><G94/><T74/><D74/><U133/><E133/><AGARI ba="0,0" hai="19,20,24,76,77,78,83,87,132,133,134" m="41577" machi="133" ten="30,2000,0" yaku="20,1,14,1" doraHai="92" who="0" fromWho="1" sc="340,20,239,-20,191,0,230,0" owari="360,46.0,219,-18.1,191,-30.9,230,3.0" /></mjloggm>