<mjloggm ver="2.3"><GO type="169" lobby="0"/><UN n0="%E3%81%A9%E3%82%93%E3%81%9F%E3%82%83%E3%82%93" n1="%E6%98%9F%E7%A9%BA%E3%81%AE%E3%83%A1%E3%83%A2%E3%83%AA%E3%82%A2" n2="%E6%9C%88%E5%A4%9C%E3%81%AB%E9%A2%A8" n3="%E3%81%BF%E3%81%8B%E3%82%93%EF%BC%A0%E3%82%8F%E3%81%8B%E3%82%81%E3%81%A6" dan="16,16,16,16" rate="2172.08,2078.28,2056.75,2149.10" sx="F,F,M,M"/><TAIKYOKU oya="0"/><INIT seed="0,0,0,4,4,101" ten="250,250,250,250" oya="0" hai0="97,133,48,7,58,99,78,119,87,77,96,64,84" hai1="62,55,35,51,57,20,2,76,23,98,115,36,124" hai2="30,61,73,16,68,83,22,10,81,135,9,40,118" hai3="19,120,3,107,59,95,43,24,116,42,0,45,117"/><T75/><D7/><U13/><E36/><V123/><F123/><W111/><G120/><T65/><D119/><U12/><E35/><V14/><F118/><W67/><G111/><T71/><D75/><U89/><E2/><V31/><F135/><W82/><G82/><T128/><D133/><U129/><E129/><V74/><F40/><W90/><G107/><T27/><D71/><U1/><E1/><V103/><F103/><W106/><G106/><T54/><D128/><U104/><E76/><N who="0" m="29289" /><D27/><U66/><E124/><V100/><F100/><W112/><G24/><T125/><D125/><U69/><E115/><V56/><F68/><W105/><G105/><T4/><D4/><U127/><E127/><V21/><F14/><N who="1" m="5737" /><E104/><V29/><F29/><W15/><G0/><T17/><D17/><U102/><E102/><V85/><F16/><W122/><G3/><T44/><D44/><N who="1" m="28135" /><E69/><V63/><F56/><W121/><G112/><T49/><D48/><U93/><AGARI ba="0,0" hai="20,23,57,62,66,89,93,98" m="28135,5737" machi="93" ten="30,1100,0" yaku="8,1" doraHai="101" who="1" fromWho="1" sc="250,-5,250,11,250,-3,250,-3" /><INIT seed="1,0,0,0,1,13" ten="245,261,247,247" oya="1" hai0="68,100,56,105,47,21,80,79,125,107,117,112,74" hai1="49,134,99,34,118,38,48,10,111,64,96,89,95" hai2="4,42,7,77,62,83,40,15,25,106,85,110,119" hai3="12,18,121,32,43,73,59,84,82,131,31,65,14"/><U132/><E118/><V116/><F106/><W0/><G121/><T124/><D68/><U135/><E38/><V94/><F110/><W87/><G0/><T30/><D117/><U22/><E34/><V52/><F119/><W81/><G131/><T104/><D47/><U20/><E111/><V37/><F37/><W2/><G2/><T33/><D33/><U114/><E114/><V129/><F129/><W67/><G32/><T76/><D56/><U29/><E64/><V109/><F109/><W63/><G31/><T54/><D54/><U123/><E123/><V86/><F25/><W69/><G73/><N who="0" m="43023" /><D21/><N who="1" m="8299" /><E29/><V36/><F36/><W78/><G43/><N who="2" m="16425" /><F116/><W9/><G14/><T88/><D30/><U5/><E99/><V6/><F15/><AGARI ba="0,0" hai="5,10,15,48,49,89,95,96,132,134,135" m="8299" machi="15" ten="30,1500,0" yaku="20,1" doraHai="13" who="1" fromWho="2" sc="245,0,261,15,247,-15,247,0" /><INIT seed="1,1,0,0,1,135" ten="245,276,232,247" oya="1" hai0="21,70,73,97,47,39,27,74,122,95,87,93,79" hai1="54,119,134,8,11,77,101,59,118,109,94,105,65" hai2="107,124,23,69,81,9,72,16,104,36,132,99,6" hai3="128,126,76,121,34,20,49,66,19,86,24,91,84"/><U1/><E105/><V51/><F36/><W26/><G121/><T55/><D70/><U98/><E134/><V92/><F132/><W102/><G128/><T103/><D122/><U63/><E77/><V3/><F69/><W80/><G126/><T67/><D67/><U85/><E85/><V45/><F124/><W33/><G102/><T57/><D47/><U78/><E78/><V7/><F7/><W56/><G26/><T110/><D39/><U43/><E43/><V52/><F81/><W71/><G71/><T44/><D44/><U12/><E109/><V83/><F83/><W133/><G133/><T18/><D110/><U5/><REACH who="1" step="1"/><E65/><REACH who="1" ten="245,266,232,247" step="2"/><V115/><F72/><W17/><G66/><T68/><D79/><U14/><E14/><V64/><F64/><W123/><G86/><T129/><D68/><U53/><E53/><V58/><F115/><W46/><G76/><T108/><D108/><U2/><E2/><V32/><F45/><W117/><G117/><T106/><D129/><U61/><E61/><V50/><F51/><W130/><G130/><T62/><D106/><U42/><E42/><V25/><REACH who="2" step="1"/><F32/><REACH who="2" ten="245,266,222,247" step="2"/><W37/><G33/><T82/><D82/><U75/><E75/><V60/><F60/><W22/><G34/><T125/><D125/><U41/><E41/><V15/><F15/><N who="3" m="9343" /><G37/><T113/><D113/><U48/><E48/><V111/><F111/><W30/><G123/><T29/><D74/><U96/><E96/><V13/><F13/><W120/><G120/><T31/><D73/><U0/><E0/><V127/><F127/><W35/><G46/><RYUUKYOKU ba="1,2" sc="245,10,266,10,222,10,247,-30" hai0="18,21,27,29,31,55,57,62,87,93,95,97,103" hai1="1,5,8,11,12,54,59,63,94,98,101,118,119" hai2="3,6,9,16,23,25,50,52,58,92,99,104,107" /><INIT seed="1,2,2,2,1,24" ten="255,276,232,217" oya="1" hai0="63,74,4,127,117,88,47,129,126,35,39,102,98" hai1="12,96,101,124,93,23,25,29,33,14,71,18,130" hai2="36,106,55,92,116,123,108,64,0,97,56,43,69" hai3="85,100,30,22,48,62,82,112,121,67,31,19,73"/><U7/><E71/><V113/><F116/><W40/><G121/><T6/><D117/><U10/><E130/><V50/><F0/><W60/><G73/><T51/><D39/><U44/><E44/><N who="2" m="23655" /><F123/><W41/><G112/><T91/><D129/><U27/><REACH who="1" step="1"/><E124/><REACH who="1" ten="255,266,232,217" step="2"/><V84/><F113/><W104/><G40/><T17/><D47/><U8/><E8/><V52/><F108/><W11/><G11/><T79/><D127/><U107/><E107/><V114/><F106/><W118/><G118/><T78/><D126/><U119/><E119/><V81/><F114/><W57/><G41/><T134/><D134/><U54/><E54/><V131/><F55/><W120/><G120/><T26/><D4/><U61/><E61/><N who="2" m="40079" /><F131/><W125/><G125/><T46/><D6/><U32/><E32/><V2/><F2/><AGARI ba="2,3" hai="2,7,10,12,14,18,23,25,27,29,33,93,96,101" machi="2" ten="30,12000,1" yaku="1,1,7,1,52,1,53,2" doraHai="24" doraHaiUra="20" who="1" fromWho="2" sc="255,0,266,156,232,-126,217,0" /><INIT seed="1,3,0,3,2,98" ten="255,422,106,217" oya="1" hai0="120,121,12,54,115,106,38,90,119,74,32,28,100" hai1="13,107,75,66,42,20,111,7,23,11,79,112,88" hai2="133,76,1,82,69,34,78,16,50,31,86,124,126" hai3="72,81,14,117,113,116,94,35,36,4,59,2,52"/><U44/><E112/><V103/><F1/><W26/><G113/><T68/><D115/><U39/><E66/><V97/><F133/><W8/><G36/><T41/><D119/><N who="3" m="45641" /><G94/><T96/><D74/><U40/><E40/><V105/><F69/><W85/><G72/><T10/><D68/><U18/><E111/><V5/><F5/><W45/><G45/><N who="0" m="23735" /><D54/><U77/><E107/><V53/><F78/><N who="3" m="46263" /><G26/><T92/><D32/><U101/><E79/><V46/><REACH who="2" step="1"/><F16/><REACH who="2" ten="255,422,96,217" step="2"/><W84/><G2/><T70/><D70/><U131/><E18/><V33/><F33/><W15/><G35/><T134/><D134/><U9/><E7/><V67/><F67/><W47/><G4/><T19/><D28/><U99/><E77/><V58/><F58/><W83/><G8/><T132/><D132/><U109/><E11/><V80/><F80/><W37/><G47/><T129/><D19/><U43/><E9/><V25/><AGARI ba="3,1" hai="25,31,34,46,50,53,76,82,86,97,103,105,124,126" machi="25" ten="30,4000,0" yaku="1,1,0,1,52,1,53,0" doraHai="98" doraHaiUra="3" who="2" fromWho="2" sc="255,-13,422,-23,96,59,217,-13" /><INIT seed="2,0,0,2,0,65" ten="242,399,155,204" oya="2" hai0="52,57,40,32,49,107,118,97,53,61,83,28,69" hai1="78,56,31,11,26,108,34,37,94,134,123,81,109" hai2="4,67,73,55,106,115,17,117,68,125,90,9,85" hai3="14,91,116,84,128,122,54,10,41,63,93,96,71"/><V124/><F115/><W126/><G116/><T64/><D118/><U36/><E134/><V135/><F117/><W39/><G122/><T46/><D83/><U74/><E123/><V51/><F135/><W101/><G128/><T20/><D20/><U42/><E56/><V59/><F73/><W27/><G126/><N who="2" m="48745" /><F106/><W16/><G27/><N who="0" m="18463" /><D57/><U119/><E119/><V18/><F67/><W6/><G39/><T87/><D87/><U72/><E72/><V75/><F75/><W77/><G41/><T12/><D12/><U104/><E104/><V131/><F131/><W132/><G132/><T30/><D30/><U5/><E94/><N who="2" m="54607" /><F68/><W7/><G77/><T110/><D110/><N who="1" m="42603" /><E42/><V23/><F23/><W114/><G114/><T127/><D127/><U3/><AGARI ba="0,0" hai="3,5,11,26,31,34,36,37,74,78,81" m="42603" machi="3" ten="30,2000,0" yaku="14,1,23,1" doraHai="65" who="1" fromWho="1" sc="242,-5,399,20,155,-10,204,-5" /><INIT seed="3,0,0,5,4,30" ten="237,419,145,199" oya="3" hai0="20,3,63,50,126,5,8,76,75,134,107,7,12" hai1="117,6,108,35,89,103,70,135,128,16,98,119,72" hai2="67,105,113,97,45,43,86,124,65,85,13,42,99" hai3="47,17,68,19,122,31,87,96,74,10,58,4,112"/><W1/><G112/><T61/><D107/><U118/><E108/><V78/><F113/><W100/><G122/><T80/><D126/><U123/><E123/><V73/><F73/><W34/><G74/><T23/><D134/><U54/><E135/><V79/><F105/><W59/><G68/><T110/><D110/><U129/><E72/><V69/><F69/><W84/><G47/><T132/><D132/><U46/><E70/><V24/><F45/><W9/><G31/><T38/><D38/><U32/><E6/><V93/><F93/><W62/><G34/><N who="1" m="12842" /><E89/><V120/><F13/><W2/><G4/><T92/><D50/><N who="1" m="29015" /><E16/><V111/><F111/><W64/><G62/><T39/><D39/><U77/><E77/><V95/><F95/><AGARI ba="0,0" hai="95,98,103,117,118,119,128,129" m="29015,12842" machi="95" ten="40,8000,1" yaku="12,1,52,3" doraHai="30" who="1" fromWho="2" sc="237,0,419,80,145,-80,199,0" /><INIT seed="4,0,0,0,1,60" ten="237,499,65,199" oya="0" hai0="84,76,62,7,42,113,112,47,13,99,100,55,132" hai1="37,77,35,43,91,98,69,129,101,6,10,57,58" hai2="21,124,45,81,65,67,22,117,72,88,26,71,75" hai3="108,93,15,18,9,34,130,125,1,97,128,134,40"/><T63/><D132/><U123/><E123/><V3/><F3/><W120/><G120/><T115/><D55/><U56/><E35/><V50/><F124/><W38/><G108/><T95/><D7/><U135/><E69/><V66/><F71/><W70/><G70/><T52/><D13/><U39/><E77/><V133/><F133/><W78/><G134/><T12/><D12/><U96/><E135/><V8/><F117/><W80/><G34/><T31/><D31/><U61/><E61/><V28/><F8/><W51/><G125/><T14/><D14/><U24/><E24/><V17/><F21/><W104/><G104/><T30/><D30/><U46/><E39/><V19/><F75/><W5/><G51/><N who="0" m="28799" /><D42/><U122/><E122/><V103/><F103/><W73/><G18/><T41/><D41/><U29/><E29/><V48/><F50/><W119/><G15/><T68/><D68/><U110/><E10/><V82/><F82/><AGARI ba="0,0" hai="62,63,76,82,84,95,99,100,112,113,115" m="28799" machi="82" ten="30,2900,0" yaku="15,1,54,1" doraHai="60" who="0" fromWho="2" sc="237,29,499,0,65,-29,199,0" /><INIT seed="4,1,0,1,2,53" ten="266,499,36,199" oya="0" hai0="7,4,14,54,51,84,42,106,125,81,40,92,69" hai1="116,21,11,73,86,36,115,100,88,95,57,132,59" hai2="113,10,67,135,31,101,18,37,121,25,133,8,120" hai3="80,52,43,29,13,6,105,127,93,60,108,78,48"/><T97/><D106/><U114/><E116/><V94/><F37/><W131/><G108/><T26/><D69/><U83/><E132/><N who="2" m="50763" /><F101/><W56/><G105/><T109/><D125/><U110/><E110/><V134/><N who="2" m="50771" /><V22/><DORA hai="41" /><F67/><W34/><G127/><T44/><D26/><U90/><E36/><V55/><F55/><W122/><G122/><N who="2" m="47209" /><F94/><W38/><G131/><T82/><D109/><U128/><E11/><N who="2" m="4139" /><F113/><N who="1" m="43017" /><E128/><V50/><F50/><W16/><G93/><T45/><D82/><U99/><E73/><V126/><F126/><W61/><G38/><T64/><D64/><U27/><E90/><V35/><F35/><W65/><G43/><T72/><D72/><U47/><E47/><V107/><F107/><W102/><G102/><N who="0" m="60711" /><D40/><U24/><E24/><V119/><F119/><W77/><G65/><T0/><D42/><U32/><E32/><V124/><F124/><W28/><G34/><T66/><D66/><U12/><E27/><V19/><AGARI ba="1,0" hai="18,19,22,25,31" m="4139,47209,50771" machi="19" ten="50,6400,0" yaku="20,1,34,2" doraHai="53,41" who="2" fromWho="2" sc="266,-33,499,-17,36,67,199,-17" /><INIT seed="5,0,0,1,1,29" ten="233,482,103,182" oya="1" hai0="55,126,59,106,111,2,12,58,107,22,48,26,43" hai1="86,32,5,34,98,135,20,13,14,45,131,16,83" hai2="108,71,125,91,18,119,15,62,19,65,51,37,81" hai3="96,92,88,128,60,52,56,100,42,46,134,89,103"/><U87/><E135/><V114/><F119/><W129/><G134/><T47/><D2/><U36/><E131/><V53/><F108/><W64/><G64/><T93/><D111/><U28/><E28/><V69/><F125/><W11/><G11/><T78/><D126/><U6/><E98/><V30/><F37/><W23/><G23/><T95/><D12/><U118/><E118/><V35/><F114/><W122/><G122/><T0/><D0/><U4/><E14/><V7/><F71/><W63/><G63/><T72/><D59/><U39/><E86/><V54/><F7/><W101/><REACH who="3" step="1"/><G89/><REACH who="3" ten="233,482,103,172" step="2"/><T117/><D117/><U17/><E17/><V61/><F19/><W24/><G24/><T9/><D9/><U115/><E115/><V38/><F18/><W44/><G44/><T113/><D113/><U8/><E8/><V90/><F90/><W76/><G76/><T124/><D124/><U120/><E120/><V132/><F91/><W94/><G94/><T102/><D95/><U123/><E123/><V74/><F132/><W31/><G31/><T66/><D66/><U40/><REACH who="1" step="1"/><E36/><AGARI ba="0,1" hai="36,42,46,52,56,60,88,92,96,100,101,103,128,129" machi="36" ten="40,8000,1" yaku="1,1,54,2,53,2" doraHai="29" doraHaiUra="127" who="3" fromWho="1" sc="233,0,482,-80,103,0,172,90" /><INIT seed="6,0,0,1,4,47" ten="233,402,103,262" oya="2" hai0="102,38,98,29,65,51,23,50,91,90,81,66,106" hai1="127,115,49,67,5,27,107,12,133,113,108,13,74" hai2="114,87,58,24,25,89,116,31,95,134,33,22,7" hai3="79,75,45,21,48,61,117,44,56,126,36,11,54"/><V39/><F116/><W3/><G117/><T71/><D38/><U93/><E107/><V18/><F114/><W125/><G21/><T80/><D80/><U88/><E108/><V77/><F134/><W53/><G75/><T119/><D119/><U57/><E74/><V17/><F39/><W128/><G79/><T118/><D118/><U40/><E127/><N who="3" m="48650" /><G3/><T62/><D66/><U111/><E27/><V46/><F7/><W84/><G84/><T60/><D60/><N who="1" m="38287" /><E5/><V85/><F46/><N who="3" m="27799" /><G11/><T132/><D132/><U59/><E111/><V104/><F104/><W96/><G128/><T112/><D112/><N who="1" m="43083" /><E40/><V122/><F122/><W10/><G10/><T9/><D9/><U55/><E133/><V76/><F85/><AGARI ba="0,0" hai="12,13,49,55,59,85,88,93" m="43083,38287" machi="85" ten="30,3900,0" yaku="15,1,52,1,54,1" doraHai="47" who="1" fromWho="2" sc="233,0,402,39,103,-39,262,0" /><INIT seed="7,0,0,5,4,117" ten="233,441,64,262" oya="3" hai0="110,104,55,34,26,20,13,21,64,113,70,38,130" hai1="103,125,15,84,112,83,116,75,129,101,124,85,51" hai2="30,118,91,53,48,133,115,60,57,24,92,47,134" hai3="12,19,37,3,9,120,109,132,52,108,65,67,107"/><W29/><G107/><T58/><D110/><N who="3" m="42601" /><G37/><T89/><D38/><U32/><E32/><V95/><F118/><W42/><G42/><T96/><D130/><U50/><E129/><V88/><F115/><W62/><G132/><T80/><D113/><U94/><E116/><V10/><F134/><W16/><G29/><T122/><D13/><U98/><E112/><V27/><F133/><W121/><G3/><T56/><D56/><U99/><E15/><V105/><F105/><W69/><G67/><T44/><D44/><U106/><E51/><V119/><F119/><W74/><G74/><T8/><D8/><U93/><E50/><V49/><F10/><W127/><G127/><N who="1" m="48714" /><E106/><V40/><F30/><W43/><G43/><T14/><D14/><U18/><E18/><N who="3" m="6698" /><G52/><T90/><D55/><U66/><E66/><V17/><F17/><AGARI ba="0,0" hai="9,12,17,62,65,69,120,121" m="6698,42601" machi="17" ten="30,11600,0" yaku="10,1,52,2,54,1" doraHai="117" who="3" fromWho="2" sc="233,0,441,0,64,-116,262,116" owari="233,-16.7,441,54.1,-52,-55.2,378,17.8" /></mjloggm>