<mjloggm ver="2.3"><GO type="169" lobby="0"/><UN n0="%E5%AE%87%E5%AE%99%E7%89%A9%E7%90%86" n1="%E3%81%B2%E3%81%90%E3%81%A1" n2="%E6%81%8B%E3%81%AE%E3%81%86%E3%81%9F" n3="%65%76%31%36%33%38%34" dan="16,17,17,17" rate="2099.92,2208.27,2250.42,2140.25" sx="F,M,M,M"/><TAIKYOKU oya="0"/><INIT seed="0,0,0,0,5,83" ten="250,250,250,250" oya="0" hai0="12,42,22,74,130,14,122,35,2,60,109,92,62" hai1="53,111,20,134,133,57,91,9,3,87,100,5,7" hai2="80,10,120,85,43,115,48,78,51,1,11,79,129" hai3="52,4,95,108,121,77,18,39,105,94,97,76,101"/><T66/><D122/><U61/><E111/><V47/><F120/><W13/><G121/><T89/><D35/><U113/><E113/><V25/><F115/><W29/><G39/><T24/><D2/><U106/><E7/><V16/><F129/><W125/><G108/><T23/><D109/><U31/><E100/><V54/><F1/><W56/><G125/><T70/><D74/><U55/><E106/><V135/><F135/><W131/><G29/><T37/><D130/><U34/><E34/><V64/><F64/><W119/><G4/><T0/><D0/><U126/><E126/><V63/><F63/><W114/><G119/><T110/><D110/><U104/><E104/><V28/><F78/><W93/><G131/><T21/><D62/><U36/><E36/><V68/><F68/><W40/><G40/><T123/><D123/><U19/><E31/><V67/><F67/><W88/><G114/><T65/><D65/><U90/><E55/><V82/><F82/><W118/><G118/><T103/><D103/><U127/><E127/><V59/><REACH who="2" step="1"/><F16/><REACH who="2" ten="250,250,240,250" step="2"/><W96/><G77/><T117/><D117/><U81/><REACH who="1" step="1"/><E91/><REACH who="1" ten="250,240,240,250" step="2"/><V112/><F112/><W50/><REACH who="3" step="1"/><G76/><REACH who="3" ten="250,240,240,240" step="2"/><T6/><D6/><U124/><E124/><V27/><F27/><AGARI ba="0,3" hai="3,5,9,19,20,27,53,57,61,81,87,90,133,134" machi="27" ten="40,2600,0" yaku="1,1,52,1,53,0" doraHai="83" doraHaiUra="8" who="1" fromWho="2" sc="250,0,240,56,240,-26,240,0" /><INIT seed="1,0,0,1,2,33" ten="250,296,214,240" oya="1" hai0="89,56,94,40,71,83,39,63,13,28,91,21,1" hai1="23,5,116,35,118,25,15,135,122,18,60,106,101" hai2="99,77,121,9,34,62,102,43,105,50,12,74,65" hai3="81,90,93,68,123,67,108,54,124,20,85,45,79"/><U69/><E122/><V57/><F34/><W97/><G123/><T113/><D113/><U111/><E135/><V24/><F121/><W3/><G108/><T131/><D71/><U26/><E111/><V104/><F24/><W42/><G124/><T82/><D131/><U29/><E25/><V32/><F32/><W58/><G68/><T125/><D125/><U80/><E80/><V110/><F110/><W127/><G67/><T95/><D1/><U38/><E38/><V84/><F74/><W70/><G70/><T47/><D28/><U31/><E31/><V4/><F105/><W48/><G127/><T86/><D13/><U11/><E101/><V30/><F30/><W133/><G133/><T2/><D21/><U100/><E100/><V61/><F61/><W46/><G3/><T8/><D8/><U17/><E106/><V88/><F77/><W107/><G107/><T19/><D19/><U22/><E60/><V134/><F43/><W103/><G20/><N who="1" m="7722" /><E69/><V76/><F76/><W51/><REACH who="3" step="1"/><G58/><REACH who="3" ten="250,296,214,230" step="2"/><T78/><D2/><N who="1" m="439" /><E18/><V52/><F134/><W10/><G10/><AGARI ba="0,1" hai="10,15,17,26,29,35,116,118" m="439,7722" machi="10" ten="30,5800,0" yaku="34,2,52,1" doraHai="33" who="1" fromWho="3" sc="250,0,296,68,214,0,230,-58" /><INIT seed="1,1,0,1,5,110" ten="250,364,214,172" oya="1" hai0="108,91,19,109,48,40,50,130,107,98,111,101,71" hai1="10,102,80,57,11,29,73,32,124,0,64,79,89" hai2="55,47,76,127,43,69,119,70,65,72,105,37,13" hai3="132,120,51,77,5,129,115,46,113,33,83,90,99"/><U112/><E124/><V133/><F105/><W35/><G120/><T18/><D71/><U30/><E102/><V84/><F72/><W42/><G132/><T116/><D116/><U75/><E75/><V92/><F119/><W128/><G5/><T41/><D130/><N who="3" m="50281" /><G90/><T125/><D125/><U135/><E135/><V39/><F127/><W68/><G99/><T85/><D50/><U16/><E112/><N who="3" m="43082" /><G68/><T87/><D87/><AGARI ba="1,0" hai="33,35,42,46,51,77,83,87" m="43082,50281" machi="87" ten="30,7700,0" yaku="19,1,52,3" doraHai="110" who="3" fromWho="0" sc="250,-80,364,0,214,0,172,80" /><INIT seed="2,0,0,3,2,5" ten="170,364,214,252" oya="2" hai0="58,49,67,135,39,81,54,55,34,26,125,91,76" hai1="11,132,40,20,107,98,115,31,52,133,43,89,72" hai2="62,95,102,57,113,86,27,2,51,100,29,7,9" hai3="63,79,47,83,12,44,16,6,104,22,119,127,53"/><V121/><F113/><W90/><G127/><T97/><D39/><U1/><E72/><V17/><F121/><W14/><G104/><T56/><D125/><U3/><E115/><V108/><F108/><W109/><G109/><T25/><D135/><U32/><E32/><V87/><F51/><W85/><G119/><T103/><D67/><U59/><E31/><V129/><F129/><W82/><G63/><T8/><D91/><U124/><E20/><V117/><F17/><W71/><G71/><T37/><D37/><U106/><E1/><V99/><F102/><W21/><G53/><T18/><D34/><U84/><E124/><V75/><F75/><W48/><G48/><T116/><D116/><U112/><E112/><V94/><F94/><W123/><G123/><T122/><D122/><U65/><E65/><V42/><F42/><N who="1" m="15913" /><E98/><V77/><F77/><W120/><G120/><T66/><D66/><U69/><E69/><V45/><F45/><W19/><REACH who="3" step="1"/><G6/><REACH who="3" ten="170,364,214,242" step="2"/><T110/><D110/><U24/><E106/><V41/><F41/><W78/><G78/><T134/><D76/><U33/><E107/><V15/><F117/><W92/><G92/><T60/><D55/><U23/><E52/><N who="2" m="34087" /><F2/><W13/><G13/><T46/><D49/><U50/><E3/><V61/><F61/><W80/><G80/><T38/><D81/><U68/><E50/><V35/><F95/><W73/><AGARI ba="0,1" hai="12,14,16,19,21,22,44,47,73,79,82,83,85,90" machi="73" ten="20,8000,1" yaku="1,1,0,1,7,1,9,1,54,1,53,0" doraHai="5" doraHaiUra="88" who="3" fromWho="3" sc="170,-20,364,-20,214,-40,242,90" /><INIT seed="3,0,0,4,3,129" ten="150,344,174,332" oya="3" hai0="4,132,3,57,9,6,26,107,76,2,15,35,8" hai1="70,65,54,86,120,20,114,134,90,7,71,24,79" hai2="88,74,87,102,28,10,118,40,128,38,51,125,131" hai3="133,83,18,14,77,73,42,115,109,110,50,0,61"/><W85/><G0/><N who="0" m="7" /><D57/><U116/><E114/><V126/><F74/><W99/><G115/><T135/><D76/><U84/><E116/><V31/><F10/><W29/><G29/><N who="2" m="11337" /><F102/><W37/><G37/><T95/><D95/><U62/><E120/><V112/><F118/><W17/><G61/><T11/><D107/><U96/><E71/><V46/><F38/><W105/><G73/><T25/><D35/><U124/><E7/><V48/><F48/><W12/><G42/><T16/><D2/><U39/><E39/><V81/><F112/><W63/><G63/><T49/><D49/><U98/><E124/><AGARI ba="0,0" hai="40,46,51,81,87,88,124,125,126,128,131" m="11337" machi="124" ten="30,2000,0" yaku="18,1,54,1" doraHai="129" who="2" fromWho="1" sc="150,0,344,-20,174,20,332,0" /><INIT seed="4,0,0,3,5,99" ten="150,324,194,332" oya="0" hai0="103,109,65,62,8,113,87,14,45,40,82,50,101" hai1="93,76,2,95,75,63,116,7,72,20,3,67,90" hai2="12,57,127,10,9,135,129,61,37,115,44,118,123" hai3="48,54,106,0,94,97,81,13,128,110,86,114,33"/><T92/><D113/><U24/><E116/><V134/><F123/><W55/><G0/><T32/><D32/><U5/><E2/><V31/><F118/><W17/><G33/><T60/><D109/><U74/><E76/><V64/><F31/><W52/><G106/><T36/><D36/><U107/><E107/><V80/><F129/><W122/><G128/><T112/><D112/><U18/><E3/><V84/><F115/><W98/><G114/><T111/><D111/><U130/><E130/><V19/><F127/><W96/><G122/><T85/><D92/><U47/><E47/><V68/><F10/><N who="3" m="6327" /><G110/><T78/><D87/><U58/><REACH who="1" step="1"/><E95/><REACH who="1" ten="150,314,194,332" step="2"/><V30/><F44/><N who="3" m="27655" /><G94/><T117/><D117/><U6/><E6/><V4/><F4/><W121/><G121/><T119/><D119/><U108/><E108/><V132/><F132/><W66/><G66/><T56/><REACH who="0" step="1"/><D62/><REACH who="0" ten="140,314,194,332" step="2"/><U43/><E43/><V46/><F61/><W89/><AGARI ba="0,2" hai="54,55,81,86,89,96,97,98" m="27655,6327" machi="89" ten="30,4000,0" yaku="25,1,8,1,54,1" doraHai="99" who="3" fromWho="3" sc="140,-20,314,-10,194,-10,332,60" /><INIT seed="5,0,0,1,0,83" ten="120,304,184,392" oya="1" hai0="94,71,129,10,123,97,63,124,59,107,38,91,101" hai1="90,76,19,62,111,14,72,50,100,61,57,9,40" hai2="122,13,34,75,118,69,134,31,68,60,131,102,24" hai3="104,54,47,51,98,65,23,15,6,135,29,121,128"/><U46/><E111/><V37/><F122/><W113/><G121/><T108/><D123/><U109/><E109/><V12/><F118/><W66/><G113/><T79/><D108/><U22/><E100/><V44/><F75/><W43/><G135/><T78/><D38/><U126/><E126/><V4/><F131/><W20/><G128/><T103/><D129/><U89/><E76/><V64/><F69/><W27/><G104/><T28/><D71/><U77/><E77/><V73/><F73/><W42/><G98/><T80/><D124/><U26/><E72/><V132/><F4/><W116/><G116/><T82/><D28/><U18/><REACH who="1" step="1"/><E62/><REACH who="1" ten="120,294,184,392" step="2"/><V56/><F102/><W32/><G32/><T87/><D107/><U114/><E114/><V16/><F134/><W115/><G115/><T130/><D130/><U110/><E110/><V11/><F132/><W106/><G106/><T96/><D103/><U5/><E5/><V53/><F60/><W48/><G6/><T1/><D101/><U95/><E95/><V36/><F34/><W120/><G120/><T45/><D94/><U33/><E33/><V74/><F74/><W105/><G105/><T41/><D79/><U93/><E93/><V8/><F8/><W85/><G23/><T133/><D133/><U84/><E84/><V125/><F125/><W52/><G85/><N who="0" m="48279" /><D10/><U25/><E25/><V55/><F11/><W3/><G27/><T7/><D7/><U21/><E21/><V30/><F24/><W119/><G20/><T58/><D63/><U88/><E88/><V35/><F35/><W70/><G119/><RYUUKYOKU ba="0,1" sc="120,-10,294,30,184,-10,392,-10" hai1="9,14,18,19,22,26,40,46,50,57,61,89,90" /><INIT seed="5,1,1,4,0,48" ten="110,324,174,382" oya="1" hai0="7,43,130,52,63,71,78,115,91,105,83,39,19" hai1="53,38,116,117,96,56,49,94,29,10,65,74,81" hai2="82,73,72,102,33,12,110,32,17,95,5,21,66" hai3="86,11,55,37,25,107,76,114,100,36,118,99,62"/><U57/><E38/><V85/><F110/><W64/><G55/><T124/><D105/><U135/><E135/><V60/><F5/><W61/><G61/><T59/><D71/><U1/><E29/><V106/><F106/><W123/><G123/><T108/><D108/><U54/><E65/><V112/><F112/><W98/><G98/><T129/><D115/><U120/><E120/><V40/><F40/><W133/><G114/><T127/><D7/><U41/><E41/><V47/><F47/><W16/><G133/><T46/><D19/><U4/><E81/><V58/><F102/><W3/><G3/><T84/><REACH who="0" step="1"/><D78/><REACH who="0" ten="100,324,174,382" step="2"/><U122/><E122/><V113/><F113/><W50/><G16/><T27/><D27/><U67/><E117/><V87/><F73/><W22/><G25/><T31/><D31/><U68/><E74/><V79/><F72/><W15/><G76/><T111/><D111/><U103/><E116/><V14/><F14/><W45/><G107/><T75/><D75/><U131/><E68/><V109/><F109/><W125/><G15/><T70/><D70/><U8/><E4/><V28/><F28/><W80/><G118/><T26/><D26/><U97/><E1/><V101/><F101/><W90/><G125/><AGARI ba="1,2" hai="39,43,46,52,59,63,83,84,91,124,125,127,129,130" machi="125" ten="40,8000,1" yaku="1,1,18,1,52,1,54,1,53,0" doraHai="48" doraHaiUra="9" who="0" fromWho="3" sc="100,103,324,0,174,0,382,-83" /><INIT seed="6,0,0,3,2,53" ten="203,324,174,299" oya="2" hai0="123,40,10,25,113,43,4,92,60,120,130,50,2" hai1="55,0,30,26,51,125,106,59,54,105,61,98,121" hai2="74,122,94,75,93,69,104,8,131,24,133,73,23" hai3="58,87,78,83,70,124,80,134,41,14,102,126,97"/><V63/><F122/><W108/><G70/><T32/><D113/><U64/><E125/><N who="3" m="48234" /><G108/><T18/><D130/><U111/><E111/><V15/><F104/><W44/><G134/><T109/><D109/><U101/><E121/><V31/><F133/><W77/><G14/><T49/><D92/><U117/><E117/><V103/><F131/><W5/><G5/><T127/><D127/><U28/><E0/><V96/><F94/><N who="3" m="58679" /><G58/><T42/><D60/><U67/><E106/><V52/><F69/><W48/><G83/><T116/><D116/><U129/><E129/><V99/><F99/><W3/><G3/><T39/><D4/><U112/><E112/><V27/><F27/><W35/><G35/><T115/><D32/><U45/><E30/><V1/><F1/><W107/><G107/><T38/><D2/><U57/><REACH who="1" step="1"/><E45/><REACH who="1" ten="203,314,174,299" step="2"/><V62/><REACH who="2" step="1"/><F52/><REACH who="2" ten="203,314,164,299" step="2"/><W47/><G47/><T135/><D135/><U36/><E36/><V29/><F29/><W37/><G37/><T17/><D115/><U88/><E88/><AGARI ba="0,2" hai="41,44,48,77,78,80,87,88" m="58679,48234" machi="88" ten="30,2000,0" yaku="18,1,54,1" doraHai="53" who="3" fromWho="1" sc="203,0,314,-20,164,0,299,40" /><INIT seed="7,0,0,1,0,53" ten="203,294,164,339" oya="3" hai0="92,52,23,2,19,10,29,55,33,7,126,108,37" hai1="1,32,119,38,54,106,82,110,98,122,0,132,12" hai2="79,64,83,105,121,42,135,124,69,109,113,97,74" hai3="107,11,134,127,35,13,9,115,3,90,45,26,25"/><W80/><G107/><T114/><D108/><U102/><E110/><V65/><F109/><W75/><G90/><T41/><D126/><U31/><E122/><V5/><F124/><W68/><G45/><N who="0" m="23727" /><D92/><U84/><E38/><V47/><F121/><W18/><G18/><T20/><D20/><U112/><E112/><V40/><F113/><W59/><G13/><N who="0" m="9711" /><D114/><U6/><E132/><V61/><F135/><W50/><G80/><T24/><AGARI ba="0,0" hai="2,7,10,24,29,33,52,55" m="9711,23727" machi="24" ten="30,2000,0" yaku="24,1,54,1" doraHai="53" who="0" fromWho="0" sc="203,20,294,-5,164,-5,339,-10" owari="223,-17.7,289,8.9,159,-34.1,329,42.9" /></mjloggm>