<mjloggm ver="2.3"><GO type="169" lobby="0"/><UN n0="%E8%B5%A4%E3%81%84%E9%83%A8%E5%B1%8B" n1="%74%73%75%6B%69%31" n2="%E7%B4%94%E6%BD%94%E3%83%94%E3%83%A9%E3%83%8B%E3%82%A2" n3="%E3%82%82%E3%82%8D%E3%81%BF%E3%83%BC" dan="17,16,16,17" rate="2138.90,2152.92,2150.60,2138.95" sx="M,M,M,M"/><TAIKYOKU oya="0"/><INIT seed="0,0,0,0,5,23" ten="250,250,250,250" oya="0" hai0="45,122,108,106,103,64,125,83,3,57,119,94,80" hai1="123,49,29,124,22,76,72,78,79,7,82,17,86" hai2="100,68,52,42,115,126,99,30,116,47,62,26,110" hai3="109,25,131,98,5,120,12,59,31,114,39,60,91"/><T105/><D119/><U16/><E123/><V132/><F110/><W33/><G109/><T63/><D108/><U36/><E36/><V46/><F115/><W14/><G114/><T133/><D122/><U8/><E124/><V97/><F126/><W6/><G39/><T129/><D125/><U37/><E37/><V70/><F132/><W117/><G131/><T127/><D127/><U95/><E95/><V56/><F116/><W48/><G48/><T28/><D3/><U75/><E29/><V66/><F42/><W40/><G40/><T73/><D129/><U15/><E49/><V96/><F100/><W2/><G120/><T87/><D133/><U67/><E67/><V19/><F19/><W55/><G117/><T38/><D73/><U77/><REACH who="1" step="1"/><E17/><REACH who="1" ten="250,240,250,250" step="2"/><V4/><F4/><W71/><G5/><T101/><D28/><U41/><E41/><V81/><F81/><W65/><G6/><T24/><D80/><U43/><E43/><V135/><F135/><W74/><G65/><T32/><D94/><U134/><E134/><V61/><REACH who="2" step="1"/><F68/><REACH who="2" ten="250,240,240,250" step="2"/><W27/><G71/><T111/><D83/><U54/><E54/><V118/><F118/><W9/><G55/><T69/><D69/><U21/><E21/><AGARI ba="0,2" hai="21,26,30,46,47,52,56,61,62,66,70,96,97,99" machi="21" ten="40,12000,2" yaku="1,1,52,1,54,1,53,3" doraHai="23" doraHaiUra="92" who="2" fromWho="1" sc="250,0,240,-120,240,140,250,0" /><INIT seed="1,0,0,1,4,45" ten="250,120,380,250" oya="1" hai0="114,27,11,113,12,60,53,80,51,8,5,109,121" hai1="103,19,116,92,50,105,20,99,127,40,57,24,21" hai2="128,47,70,38,41,62,3,115,73,54,0,95,48" hai3="135,65,63,64,61,123,43,94,25,4,18,42,76"/><U134/><E134/><V79/><F128/><W66/><G123/><T107/><D109/><U17/><E127/><V131/><F131/><W87/><G4/><T100/><D121/><U71/><E71/><V110/><F110/><W86/><G135/><T93/><D107/><U6/><E116/><V46/><F115/><W126/><G126/><T85/><D60/><N who="3" m="23113" /><G94/><T77/><D27/><U31/><E6/><V90/><F79/><W52/><G76/><T82/><D82/><U104/><E31/><V15/><F73/><W118/><G118/><T34/><D34/><U10/><E10/><V111/><F111/><W14/><G25/><T97/><REACH who="0" step="1"/><D8/><REACH who="0" ten="240,120,380,250" step="2"/><U37/><E37/><V59/><F70/><W88/><G65/><T72/><D72/><U132/><E132/><V98/><REACH who="2" step="1"/><F15/><REACH who="2" ten="240,120,370,250" step="2"/><W7/><G14/><T22/><D22/><U84/><E20/><V83/><F83/><W35/><G64/><AGARI ba="0,2" hai="0,3,38,41,46,47,48,54,59,62,64,90,95,98" machi="64" ten="30,3900,0" yaku="1,1,7,1,52,1,53,0" doraHai="45" doraHaiUra="102" who="2" fromWho="3" sc="240,0,120,0,370,59,250,-39" /><INIT seed="2,0,0,4,1,116" ten="240,120,429,211" oya="2" hai0="30,109,117,37,41,35,40,135,83,52,108,1,110" hai1="114,118,3,95,66,31,43,32,64,115,119,70,87" hai2="67,133,111,53,86,57,18,17,80,59,131,72,0" hai3="124,129,8,76,105,97,46,5,49,92,44,36,25"/><V6/><F72/><W98/><G129/><T103/><D1/><U23/><E3/><V39/><F39/><W127/><G76/><T79/><D117/><U26/><E43/><V121/><F121/><W94/><G25/><N who="0" m="18895" /><D37/><U65/><E70/><V106/><F106/><W20/><G20/><T78/><D135/><U99/><E87/><V42/><F42/><N who="0" m="16490" /><D83/><U29/><E29/><V9/><F131/><W45/><G49/><T50/><D103/><BYE who="3" /><UN n3="%E3%82%82%E3%82%8D%E3%81%BF%E3%83%BC" /><U107/><E107/><V48/><F133/><W89/><G105/><T88/><D88/><U33/><E119/><V77/><F111/><N who="0" m="28418" /><T13/><DORA hai="93" /><D13/><U7/><E118/><V19/><REACH who="2" step="1"/><F67/><REACH who="2" ten="240,120,419,211" step="2"/><W62/><G36/><T4/><D4/><U68/><E7/><V122/><F122/><W58/><G5/><T101/><D101/><U132/><E132/><V63/><F63/><W102/><REACH who="3" step="1"/><G8/><REACH who="3" ten="240,120,419,201" step="2"/><T12/><D12/><U75/><E68/><V130/><F130/><W73/><G73/><T71/><D71/><U90/><REACH who="1" step="1"/><E75/><REACH who="1" ten="240,110,419,201" step="2"/><V56/><AGARI ba="0,3" hai="0,6,9,17,18,19,48,53,56,57,59,77,80,86" machi="56" ten="30,3000,0" yaku="1,1,0,1,53,0" doraHai="116,93" doraHaiUra="126,123" who="2" fromWho="2" sc="240,-10,110,-10,419,60,201,-10" /><INIT seed="2,1,0,3,5,132" ten="230,100,479,191" oya="2" hai0="52,39,97,71,115,37,26,59,81,133,62,75,98" hai1="27,2,123,76,73,51,16,101,20,102,34,43,95" hai2="31,50,94,8,106,120,32,87,117,131,54,121,96" hai3="19,45,111,127,1,113,47,92,70,6,125,118,57"/><V124/><F117/><W60/><G70/><T21/><D115/><U74/><E2/><V55/><F131/><W56/><G118/><T109/><D133/><U46/><E123/><V114/><F114/><W84/><G113/><T134/><D134/><U0/><E0/><V85/><F8/><N who="3" m="2127" /><G19/><T30/><D109/><U80/><E34/><V3/><F3/><W82/><G92/><T104/><D71/><U122/><E122/><V58/><F106/><W78/><G111/><T105/><D105/><U9/><E74/><V83/><F87/><W35/><G35/><T129/><D129/><U99/><REACH who="1" step="1"/><E9/><REACH who="1" ten="230,90,479,191" step="2"/><V67/><F32/><W28/><G28/><T119/><D119/><U103/><AGARI ba="1,1" hai="16,20,27,43,46,51,73,76,80,95,99,101,102,103" machi="103" ten="20,8000,1" yaku="1,1,2,1,0,1,7,1,54,1,53,0" doraHai="132" doraHaiUra="68" who="1" fromWho="1" sc="230,-21,90,93,479,-41,191,-21" /><INIT seed="3,0,0,1,0,114" ten="209,183,438,170" oya="3" hai0="77,2,15,80,112,6,117,53,41,56,111,130,131" hai1="122,81,95,72,121,113,104,125,14,99,73,123,5" hai2="82,28,58,83,16,68,11,74,90,76,17,27,32" hai3="12,33,43,4,124,93,97,51,35,107,132,78,34"/><W102/><G124/><T50/><D112/><U65/><E113/><V24/><F68/><W19/><G132/><T26/><D111/><U87/><E65/><V103/><F103/><W115/><G115/><T10/><D26/><U45/><E45/><V71/><F71/><W20/><G78/><T109/><D109/><U21/><E5/><V13/><F58/><W37/><G37/><T47/><D117/><U23/><E23/><V86/><F27/><W9/><G43/><T48/><REACH who="0" step="1"/><D2/><REACH who="0" ten="199,183,438,170" step="2"/><U88/><E125/><V129/><F129/><W119/><G119/><T42/><D42/><U18/><REACH who="1" step="1"/><E104/><REACH who="1" ten="199,173,438,170" step="2"/><V44/><F44/><W79/><G107/><T135/><D135/><U116/><E116/><V61/><F32/><W69/><G34/><T66/><D66/><U96/><E96/><V49/><F24/><W62/><G33/><T100/><D100/><AGARI ba="0,2" hai="14,18,21,72,73,81,87,88,95,99,100,121,122,123" machi="100" ten="40,2600,0" yaku="1,1,54,1,53,0" doraHai="114" doraHaiUra="25" who="1" fromWho="0" sc="199,-26,173,46,438,0,170,0" /><INIT seed="4,0,0,2,2,50" ten="173,219,438,170" oya="0" hai0="104,20,109,110,5,106,23,69,85,39,71,117,131" hai1="67,63,55,83,73,9,49,10,121,80,26,42,126" hai2="105,48,24,58,101,94,22,54,18,33,98,78,91" hai3="84,72,65,102,17,47,31,66,87,6,122,97,7"/><T100/><D39/><U133/><E121/><V1/><F1/><W32/><G72/><T44/><D117/><U52/><E126/><V112/><F112/><W15/><G122/><T123/><D123/><U135/><E26/><V92/><F78/><W8/><G32/><T99/><D5/><N who="3" m="1545" /><G31/><T115/><D115/><U37/><E37/><V14/><F33/><W103/><G47/><T29/><D131/><U77/><E80/><V61/><F14/><W116/><G116/><T120/><D120/><U46/><E9/><V12/><F12/><W62/><G97/><T35/><D85/><N who="3" m="32841" /><G62/><T16/><D44/><U82/><E82/><V130/><F130/><W3/><G3/><T59/><D106/><U11/><E10/><V2/><F2/><W118/><G118/><T113/><D113/><U19/><E19/><V25/><F25/><W119/><G119/><T134/><D35/><U60/><E11/><V13/><F13/><W0/><G0/><T51/><D29/><U57/><REACH who="1" step="1"/><E63/><REACH who="1" ten="173,209,438,170" step="2"/><V111/><F61/><W75/><G75/><T114/><D114/><U132/><AGARI ba="0,1" hai="42,46,49,52,55,57,60,67,73,77,83,132,133,135" machi="132" ten="30,12000,2" yaku="1,1,2,1,0,1,20,1,52,2,54,1,53,0" doraHai="50" doraHaiUra="27" who="1" fromWho="1" sc="173,-60,209,130,438,-30,170,-30" /><INIT seed="5,0,0,1,4,103" ten="113,339,408,140" oya="1" hai0="28,0,82,37,52,126,71,78,67,124,16,12,102" hai1="75,43,33,127,99,83,117,96,86,94,49,39,44" hai2="85,13,111,10,53,25,2,66,119,24,120,80,4" hai3="32,62,121,131,48,64,65,93,114,72,118,5,60"/><U38/><E33/><V15/><F111/><W79/><G121/><T42/><D0/><U3/><E117/><V97/><F119/><W109/><G109/><T106/><D28/><U59/><E3/><V135/><F120/><W35/><G118/><T17/><D42/><U81/><E127/><N who="0" m="48681" /><D37/><U132/><E132/><V21/><F135/><W73/><G5/><T110/><D110/><U9/><E9/><V70/><F70/><W101/><G114/><T46/><D67/><U68/><E68/><V77/><F66/><W61/><G131/><T36/><D71/><U23/><E75/><V27/><F97/><W1/><G1/><T26/><D26/><U58/><E38/><V98/><F98/><N who="1" m="37417" /><E39/><V88/><F53/><W30/><G64/><T20/><D102/><U31/><E94/><V129/><F129/><W41/><G65/><T123/><D123/><U90/><E81/><V128/><F128/><W125/><G125/><T22/><D36/><U130/><E130/><V54/><F54/><W56/><G101/><T34/><D34/><U104/><E104/><V84/><F21/><N who="0" m="8298" /><D12/><U92/><E92/><N who="2" m="54279" /><F2/><W76/><G32/><T116/><D116/><U100/><E100/><V55/><F15/><W122/><G122/><T74/><D106/><U7/><E7/><V14/><F13/><W112/><G35/><T45/><D45/><U47/><E44/><V51/><F25/><AGARI ba="0,0" hai="23,25,31,43,47,49,58,59,83,86,90" m="37417" machi="25" ten="30,1500,0" yaku="8,1" doraHai="103" who="1" fromWho="2" sc="113,0,339,15,408,-15,140,0" /><INIT seed="5,1,0,1,0,55" ten="113,354,393,140" oya="1" hai0="6,76,123,102,20,50,7,46,10,58,116,51,90" hai1="109,34,26,49,54,0,12,135,111,62,96,29,23" hai2="32,129,48,70,87,66,114,134,39,79,117,57,59" hai3="124,40,88,92,122,17,107,89,86,25,45,35,84"/><U85/><E135/><V53/><F117/><W61/><G124/><T64/><D116/><U43/><E43/><V13/><F39/><W80/><G107/><T1/><D123/><U22/><E62/><N who="2" m="38223" /><F32/><W100/><G122/><T38/><D102/><U3/><E96/><V42/><F70/><W97/><G61/><T21/><D7/><U94/><E94/><V14/><F129/><W56/><G56/><T65/><D76/><U82/><E0/><V108/><F108/><N who="1" m="41545" /><E12/><N who="2" m="4715" /><F134/><W130/><G130/><T8/><D8/><U118/><E3/><V37/><F37/><W69/><G69/><T5/><D5/><U83/><E118/><V74/><F74/><W36/><G35/><T101/><D101/><U126/><E82/><N who="2" m="47583" /><F114/><W131/><G131/><T68/><D68/><U78/><E126/><V27/><F27/><W41/><G41/><AGARI ba="1,0" hai="41,42,48,53,59" m="47583,4715,38223" machi="41" ten="30,3900,0" yaku="8,1,52,2" doraHai="55" who="2" fromWho="3" sc="113,0,354,0,393,42,140,-42" /><INIT seed="6,0,0,0,2,111" ten="113,354,435,98" oya="2" hai0="80,113,135,32,81,118,132,131,62,84,83,101,26" hai1="47,72,75,9,49,29,78,21,60,76,8,125,69" hai2="117,31,66,103,4,88,65,17,33,79,110,129,98" hai3="30,12,13,64,43,20,25,126,109,54,42,24,121"/><V40/><F110/><W10/><G109/><T70/><D131/><U1/><E125/><V130/><F117/><W122/><G126/><T104/><D118/><U107/><E107/><V22/><F79/><W114/><G64/><N who="0" m="41239" /><D84/><U85/><E1/><V53/><F4/><W28/><G54/><T5/><D5/><U15/><E72/><V73/><F40/><W97/><G97/><N who="0" m="61487" /><D113/><U0/><E75/><V99/><F53/><W55/><G55/><T96/><D96/><U16/><E0/><V91/><F31/><AGARI ba="0,0" hai="26,31,32,80,81,83,132,135" m="61487,41239" machi="31" ten="30,1000,0" yaku="25,1" doraHai="111" who="0" fromWho="2" sc="113,10,354,0,435,-10,98,0" /><INIT seed="7,0,0,0,3,0" ten="123,354,425,98" oya="3" hai0="18,89,94,8,14,84,103,100,119,106,90,6,25" hai1="55,133,79,135,38,24,64,66,101,19,110,78,88" hai2="95,22,45,17,120,63,98,51,108,53,121,9,105" hai3="15,70,67,128,86,114,65,96,125,99,21,91,16"/><W54/><G114/><T39/><D39/><U61/><E101/><V129/><F108/><W46/><G128/><T75/><D106/><U32/><E38/><V104/><F9/><W26/><G125/><T50/><D75/><U111/><E55/><V80/><F80/><W23/><G70/><T130/><D119/><U123/><E123/><N who="2" m="47179" /><F63/><W76/><G76/><T82/><D50/><U3/><E3/><V20/><F129/><W31/><G54/><T93/><D130/><U87/><E19/><V97/><F20/><W109/><G46/><T132/><D132/><U69/><E66/><N who="3" m="25098" /><G109/><T56/><D56/><U43/><E43/><V131/><F131/><W2/><G2/><T85/><D82/><AGARI ba="0,0" hai="15,16,21,23,26,31,82,86,91,96,99" m="25098" machi="82" ten="30,2900,0" yaku="8,1,54,1" doraHai="0" who="3" fromWho="0" sc="123,-29,354,0,425,0,98,29" /><INIT seed="7,1,0,0,1,135" ten="94,354,425,127" oya="3" hai0="107,34,113,69,57,82,127,120,102,35,103,62,110" hai1="96,67,117,11,38,122,13,53,4,29,86,26,10" hai2="64,23,50,61,118,124,84,41,128,63,22,111,100" hai3="0,85,48,5,90,98,119,88,131,44,43,78,133"/><W33/><G33/><T104/><D110/><U20/><E117/><V18/><F124/><W36/><G119/><T28/><D120/><U76/><E122/><V93/><F111/><W106/><G131/><T47/><D113/><U9/><E38/><V114/><F114/><W30/><G30/><T19/><D69/><U121/><E121/><V71/><F128/><W112/><G133/><T92/><D104/><U108/><E108/><V14/><F118/><W129/><G129/><T49/><D107/><U59/><E67/><V97/><F63/><W42/><G112/><T132/><D132/><U75/><E75/><V37/><F37/><W94/><G78/><T32/><D82/><U79/><E96/><V83/><F50/><W7/><G0/><T45/><D28/><U101/><E101/><V73/><F41/><N who="3" m="24591" /><G36/><T3/><D3/><U74/><E74/><V70/><F73/><W52/><G106/><T27/><D92/><U56/><E56/><V126/><F126/><W123/><G123/><T81/><D81/><U60/><E86/><V87/><F71/><W54/><G43/><T116/><D116/><U1/><E11/><V51/><F51/><W8/><G42/><T25/><D127/><U12/><REACH who="1" step="1"/><E1/><REACH who="1" ten="94,344,425,127" step="2"/><V130/><F130/><W89/><G8/><T31/><D19/><AGARI ba="1,1" hai="4,9,10,12,13,19,20,26,29,53,59,60,76,79" machi="19" ten="30,7700,0" yaku="1,1,2,1,7,1,8,1,53,0" doraHai="135" doraHaiUra="134" who="1" fromWho="0" sc="94,-80,344,90,425,0,127,0" owari="14,-48.6,434,53.4,425,22.5,127,-27.3" /></mjloggm>