<mjloggm ver="2.3"><GO type="169" lobby="0"/><UN n0="%E5%85%AD%E9%83%A8%E5%9C%AD" n1="%E5%85%A9%E5%84%80%E4%B8%B6%E5%BC%8F" n2="%E3%81%A8%E3%81%B3%E3%81%BE%E3%81%93" n3="%4F%4D%41%4E%54%41" dan="16,16,16,17" rate="2124.77,2133.19,2174.81,2195.07" sx="M,M,M,M"/><TAIKYOKU oya="0"/><INIT seed="0,0,0,4,1,36" ten="250,250,250,250" oya="0" hai0="25,59,49,33,82,88,79,72,34,40,96,23,68" hai1="97,13,102,50,70,94,133,105,101,45,60,8,28" hai2="22,127,10,57,114,120,31,21,19,18,0,108,122" hai3="89,76,1,4,6,123,48,37,130,83,56,71,109"/><T62/><D68/><U112/><E133/><V98/><F98/><W110/><G71/><T99/><D99/><U24/><E112/><V55/><F55/><N who="3" m="31847" /><G1/><T11/><D11/><U126/><E126/><V26/><F57/><W84/><G37/><T118/><D118/><U129/><E129/><V73/><F73/><W51/><G130/><T106/><D106/><U69/><E105/><V46/><F46/><W16/><G123/><T92/><D49/><U58/><E101/><V47/><F47/><W85/><G51/><T17/><REACH who="0" step="1"/><D40/><REACH who="0" ten="240,250,250,250" step="2"/><U77/><E50/><V86/><F10/><W113/><G113/><T93/><D93/><U12/><E94/><V74/><F114/><W2/><G2/><T80/><D80/><U90/><E97/><V100/><F0/><W121/><G6/><T53/><AGARI ba="0,1" hai="17,23,25,33,34,53,59,62,72,79,82,88,92,96" machi="53" ten="20,18000,2" yaku="1,1,0,1,7,1,25,2,54,1,53,1" doraHai="36" doraHaiUra="87" who="0" fromWho="0" sc="240,190,250,-60,250,-60,250,-60" /><INIT seed="0,1,0,3,1,92" ten="430,190,190,190" oya="0" hai0="63,55,48,51,70,32,42,44,30,39,122,112,47" hai1="130,33,82,68,50,115,41,108,113,22,4,133,117" hai2="118,3,57,114,79,94,64,26,38,24,66,17,10" hai3="72,74,86,78,52,127,91,75,123,129,8,15,71"/><T60/><D32/><U27/><E68/><V125/><F38/><W85/><G71/><T81/><D30/><U69/><E69/><V93/><F114/><N who="1" m="43529" /><E117/><V128/><F118/><W46/><G129/><T29/><D112/><U13/><E130/><V95/><F128/><W21/><G127/><T107/><D107/><U73/><E108/><V36/><F36/><W54/><G123/><T119/><D119/><U87/><E73/><V11/><F3/><W84/><G78/><T126/><D29/><N who="1" m="17655" /><E33/><V0/><F79/><W25/><G46/><N who="0" m="23903" /><D81/><U49/><E41/><V16/><F0/><W90/><G21/><T135/><D122/><U99/><E133/><V35/><F57/><W34/><G25/><N who="2" m="9833" /><F125/><W131/><G34/><T96/><D126/><U14/><E99/><V89/><F89/><W124/><G124/><T132/><D70/><U80/><E80/><V62/><F62/><N who="0" m="23594" /><D96/><U28/><E28/><V23/><F23/><W19/><REACH who="3" step="1"/><G131/><REACH who="3" ten="430,190,190,180" step="2"/><T101/><D101/><U65/><E65/><N who="2" m="25195" /><F35/><W9/><G9/><AGARI ba="1,1" hai="9,10,11,16,17,93,94,95" m="25195,9833" machi="9" ten="30,7700,0" yaku="28,2,8,1,54,1" doraHai="92" who="2" fromWho="3" sc="430,0,190,0,190,90,180,-80" /><INIT seed="1,0,0,0,3,110" ten="430,190,280,100" oya="1" hai0="8,94,112,129,62,107,41,46,56,13,12,128,127" hai1="108,3,85,52,86,72,34,39,87,100,134,70,65" hai2="21,84,117,125,10,58,19,67,73,71,133,11,16" hai3="44,31,96,1,51,130,47,9,35,0,20,48,126"/><U43/><E3/><V59/><F73/><W135/><G35/><T32/><D107/><U97/><E72/><V74/><F74/><W54/><G130/><N who="0" m="50283" /><D32/><U122/><E122/><V36/><F117/><W23/><G126/><T4/><D127/><U90/><E34/><V98/><F36/><W114/><G135/><T106/><D106/><U30/><E30/><V33/><F33/><W28/><G96/><T95/><D13/><U82/><E134/><V119/><F71/><W92/><G92/><T93/><D112/><U124/><E124/><V14/><F119/><W64/><G54/><N who="0" m="34071" /><D93/><U77/><E108/><V53/><F98/><W101/><G9/><T123/><D123/><U109/><E109/><V88/><F133/><W75/><G75/><T18/><D18/><U113/><E113/><V104/><F104/><W132/><G132/><T99/><D99/><U29/><E29/><V42/><F42/><W76/><G114/><T45/><D45/><U81/><E86/><V55/><F67/><W68/><G64/><T116/><D116/><U105/><E65/><V131/><F125/><W24/><G24/><T2/><D2/><U91/><E70/><V15/><F21/><W27/><G27/><T5/><D5/><U22/><E22/><V38/><F38/><AGARI ba="0,0" hai="4,8,12,38,41,46,94,95" m="34071,50283" machi="38" ten="30,1000,0" yaku="19,1" doraHai="110" who="0" fromWho="2" sc="430,10,190,0,280,-10,100,0" /><INIT seed="2,0,0,0,5,100" ten="440,190,270,100" oya="2" hai0="7,97,84,31,57,13,89,46,67,36,44,74,75" hai1="117,130,58,134,35,40,3,8,65,108,6,42,104" hai2="96,66,22,99,49,91,25,131,2,63,126,118,83" hai3="124,114,68,34,53,45,59,50,51,82,18,128,64"/><V135/><F118/><W48/><G34/><T81/><D31/><U69/><E117/><V121/><F2/><W1/><G1/><T24/><D24/><U95/><E35/><V90/><F121/><W0/><G0/><T28/><D28/><U60/><E108/><V70/><F126/><W12/><G124/><T29/><D29/><U17/><E130/><V112/><F112/><W23/><G128/><T38/><D44/><U107/><E134/><V21/><F135/><W80/><G114/><T61/><D97/><U92/><E69/><V20/><F25/><W73/><G73/><T98/><D75/><U116/><E116/><V132/><F132/><W15/><G68/><T54/><D74/><U127/><E127/><V26/><F26/><W120/><G64/><T88/><D89/><U47/><E17/><V85/><F131/><W125/><G125/><T32/><D98/><U43/><REACH who="1" step="1"/><E47/><REACH who="1" ten="440,180,270,100" step="2"/><V79/><F99/><W76/><G120/><T9/><D32/><U110/><E110/><V11/><F96/><W41/><G76/><T105/><D46/><U78/><E78/><V119/><F119/><W52/><G15/><T30/><D13/><U4/><E4/><V129/><F129/><W111/><G111/><T14/><D14/><U109/><E109/><V55/><REACH who="2" step="1"/><F11/><REACH who="2" ten="440,180,260,100" step="2"/><W16/><G18/><T62/><D9/><U86/><E86/><V122/><F122/><W27/><G27/><T87/><D87/><U5/><E5/><V106/><F106/><AGARI ba="0,2" hai="3,6,8,40,42,43,58,60,65,92,95,104,106,107" machi="106" ten="40,8000,1" yaku="1,1,52,3,53,1" doraHai="100" doraHaiUra="33" who="1" fromWho="2" sc="440,0,180,100,260,-80,100,0" /><INIT seed="3,0,0,3,4,97" ten="440,280,180,100" oya="3" hai0="96,124,52,121,43,82,88,106,81,63,14,65,110" hai1="16,117,46,120,93,45,122,60,19,59,4,30,101" hai2="35,71,64,42,58,7,78,134,55,22,10,114,2" hai3="32,90,18,69,79,80,132,25,105,104,6,102,20"/><W48/><G69/><T72/><D121/><U8/><E117/><V135/><F114/><W51/><G132/><N who="2" m="50729" /><F35/><W70/><G70/><T54/><D110/><U5/><E30/><V34/><F34/><W15/><G90/><T13/><D124/><U67/><E120/><V103/><F78/><W47/><G51/><T11/><D43/><U115/><E115/><V36/><F22/><W53/><G102/><T128/><D128/><U38/><E122/><V75/><F75/><W50/><G50/><T130/><D130/><U37/><E37/><V126/><F126/><W62/><G62/><T98/><D63/><U33/><E33/><V89/><F89/><W108/><G108/><T113/><D88/><U49/><E38/><V41/><F36/><W61/><G61/><T21/><D21/><U123/><E123/><V118/><F64/><W112/><G112/><T95/><D95/><U86/><E46/><V74/><F74/><W68/><G68/><T28/><D72/><U107/><E107/><V73/><F73/><W3/><G80/><T12/><D82/><U66/><E67/><V26/><F118/><W84/><G84/><T94/><D81/><U99/><E86/><V125/><F125/><W119/><G119/><T83/><D83/><U23/><E8/><V27/><F103/><W116/><G79/><T109/><D65/><U9/><E9/><V111/><F71/><W91/><G116/><T1/><D113/><U77/><E77/><V129/><F129/><W127/><G91/><T76/><D109/><U85/><E85/><V29/><F111/><W17/><G127/><RYUUKYOKU ba="0,0" sc="440,0,280,0,180,0,100,0" /><INIT seed="4,1,0,4,5,116" ten="440,280,180,100" oya="0" hai0="56,48,121,127,64,105,47,36,37,32,123,44,133" hai1="59,17,33,75,131,89,1,31,14,77,19,109,96" hai2="98,65,107,58,22,66,3,93,112,102,90,55,94" hai3="51,100,110,11,101,46,29,54,126,67,41,26,5"/><T82/><D32/><U76/><E109/><V35/><F35/><W111/><G126/><T120/><D105/><U113/><E1/><V40/><F3/><W99/><G101/><T12/><D12/><U23/><E131/><V63/><F112/><W13/><G67/><T34/><D82/><U83/><E113/><V6/><F6/><W60/><G60/><N who="0" m="37895" /><D34/><U53/><E77/><V103/><F40/><W61/><G61/><T52/><D127/><U88/><E33/><V68/><F68/><W24/><G41/><N who="0" m="22567" /><D37/><U70/><E70/><V57/><F57/><W50/><G29/><T84/><D84/><U135/><E31/><V10/><F10/><W27/><REACH who="3" step="1"/><G51/><REACH who="3" ten="440,280,180,90" step="2"/><T16/><D16/><U42/><E17/><V25/><F102/><W69/><G69/><T21/><D21/><U0/><E23/><V86/><F107/><AGARI ba="1,1" hai="5,11,13,24,26,27,46,50,54,99,100,107,110,111" machi="107" ten="40,1300,0" yaku="1,1,53,0" doraHai="116" doraHaiUra="128" who="3" fromWho="2" sc="440,0,280,0,180,-16,90,26" /><INIT seed="5,0,0,0,0,94" ten="440,280,164,116" oya="1" hai0="80,8,78,2,6,59,131,99,105,5,108,115,28" hai1="129,45,127,38,91,13,14,61,60,103,42,112,35" hai2="49,83,90,17,81,57,32,1,12,124,68,102,114" hai3="26,56,43,63,27,82,73,134,86,106,116,25,65"/><U53/><E35/><V9/><F68/><W51/><G134/><T79/><D108/><U74/><E74/><V70/><F70/><W87/><G116/><T40/><D115/><U119/><E119/><V101/><F32/><W54/><G106/><T85/><D131/><U93/><E112/><V31/><F31/><W109/><G109/><T21/><D40/><U120/><E120/><V130/><F114/><W71/><G73/><T107/><D6/><U66/><E129/><V111/><F130/><W75/><REACH who="3" step="1"/><G43/><REACH who="3" ten="440,280,164,106" step="2"/><T110/><D110/><U125/><E125/><V11/><F124/><W24/><N who="3" m="6144" /><DORA hai="77" /><W34/><G34/><T3/><D105/><U62/><E127/><V123/><F111/><W132/><G132/><T67/><D107/><U48/><E66/><V118/><F118/><W16/><G16/><T95/><D67/><U135/><E135/><V64/><F123/><W0/><G0/><T96/><D2/><U22/><E42/><V113/><F113/><W50/><G50/><T55/><D3/><U128/><E128/><V18/><F1/><W126/><G126/><T92/><D28/><U20/><E38/><V29/><F29/><W15/><G15/><T37/><D37/><U58/><E13/><V47/><F64/><W36/><G36/><T100/><D55/><U19/><E14/><V88/><F12/><W23/><G23/><T89/><D21/><U121/><E20/><V104/><F104/><W117/><G117/><T76/><D5/><U10/><E22/><V69/><F49/><W133/><G133/><T4/><D4/><U46/><E48/><RYUUKYOKU ba="0,1" sc="440,-10,280,-10,164,-10,106,30" hai3="51,54,56,63,65,71,75,82,86,87" /><INIT seed="6,1,1,5,1,96" ten="430,270,154,136" oya="2" hai0="38,49,93,98,12,25,8,68,118,74,36,111,24" hai1="54,114,58,7,104,30,28,20,18,134,113,22,10" hai2="37,51,130,46,44,115,31,27,56,95,43,21,133" hai3="75,129,85,61,82,77,1,71,48,99,5,57,62"/><V50/><F115/><N who="1" m="44041" /><E104/><V128/><F133/><W66/><G129/><N who="2" m="49769" /><F95/><W35/><G35/><T60/><D111/><U89/><E89/><V17/><F56/><W121/><G121/><T94/><D74/><U131/><E131/><V59/><F59/><W63/><G75/><T9/><D98/><U91/><E91/><V73/><F73/><W41/><G1/><T52/><D49/><N who="2" m="18442" /><F44/><N who="3" m="25615" /><G71/><T76/><D68/><U0/><E134/><V79/><F79/><W90/><G5/><T16/><D76/><U45/><E45/><V135/><F135/><W81/><G81/><T116/><D93/><AGARI ba="1,1" hai="57,61,62,63,66,77,82,85,90,93,99" m="25615" machi="93" ten="30,1000,0" yaku="8,1" doraHai="96" who="3" fromWho="0" sc="430,-13,270,0,154,0,136,23" /><INIT seed="7,0,0,1,4,115" ten="417,270,154,159" oya="3" hai0="27,61,87,123,5,50,117,40,26,17,91,130,14" hai1="22,39,92,71,15,47,1,127,119,45,29,16,129" hai2="112,133,0,63,95,76,36,43,52,85,84,33,124" hai3="83,104,99,69,128,125,44,12,60,48,134,77,121"/><W122/><G128/><T46/><D123/><U31/><E71/><V34/><F0/><W37/><G125/><T24/><D117/><U81/><E1/><V74/><F74/><W64/><G134/><T8/><D130/><U78/><E129/><V105/><F105/><W94/><G37/><T131/><D131/><U23/><E127/><V18/><F124/><W54/><G12/><T66/><D5/><U68/><E68/><V132/><F112/><W116/><G104/><T118/><D118/><U100/><E119/><V51/><F63/><W58/><G69/><T96/><D96/><N who="1" m="59399" /><E39/><V88/><F18/><W70/><G70/><T90/><D87/><N who="1" m="48567" /><E31/><V55/><F43/><W3/><G3/><T10/><D10/><U108/><E108/><V2/><F36/><W62/><G62/><T53/><D66/><U97/><E97/><V113/><F113/><W110/><G110/><T57/><AGARI ba="0,0" hai="8,14,17,24,26,27,40,46,50,53,57,61,90,91" machi="57" ten="30,2000,0" yaku="0,1,8,1" doraHai="115" who="0" fromWho="0" sc="417,20,270,-5,154,-5,159,-10" owari="437,53.7,265,6.5,149,-25.1,149,-35.1" /></mjloggm>