<mjloggm ver="2.3"><GO type="169" lobby="0"/><UN n0="%E3%81%A9%E3%82%93%E3%81%9F%E3%82%83%E3%82%93" n1="%E3%81%A6%E3%81%BE%E3%81%A1" n2="%E3%83%94%E3%83%B3%E3%82%B5%E3%83%AD%E5%BA%97%E5%93%A1" n3="%62%61%6B%75%72%61%30%38" dan="16,17,17,17" rate="2168.22,2133.23,2262.13,2184.69" sx="F,M,M,M"/><TAIKYOKU oya="0"/><INIT seed="0,0,0,4,2,63" ten="250,250,250,250" oya="0" hai0="62,78,34,108,97,59,132,122,22,23,37,25,105" hai1="87,100,125,135,18,61,98,56,21,81,91,109,46" hai2="116,29,47,76,107,75,118,119,72,77,89,124,134" hai3="27,35,113,5,17,94,4,28,74,41,20,45,84"/><T96/><D122/><U70/><E109/><V36/><F29/><W32/><G74/><N who="2" m="28201" /><F47/><W112/><G94/><T30/><D78/><N who="2" m="30314" /><F36/><W19/><G84/><T66/><D108/><U55/><E135/><V6/><F6/><N who="3" m="2667" /><G45/><T67/><D132/><U33/><E125/><V103/><F134/><W13/><G41/><T90/><D37/><U50/><E33/><N who="3" m="12874" /><G19/><T12/><D34/><AGARI ba="0,0" hai="13,17,20,27,28,34,112,113" m="12874,2667" machi="34" ten="30,2000,0" yaku="34,2" doraHai="63" who="3" fromWho="0" sc="250,-20,250,0,250,0,250,20" /><INIT seed="1,0,0,2,2,128" ten="230,250,250,270" oya="1" hai0="43,44,84,68,89,106,9,78,10,40,104,20,66" hai1="105,69,113,55,46,31,5,130,30,112,56,101,51" hai2="76,133,94,116,79,47,32,36,90,109,15,134,6" hai3="59,17,34,87,129,61,111,49,131,92,16,11,25"/><U57/><E69/><V88/><F116/><W53/><G111/><T48/><D40/><U93/><E105/><V22/><F32/><W7/><G34/><T63/><D78/><U102/><E130/><N who="3" m="49674" /><G25/><T100/><D20/><U50/><E5/><V12/><F109/><W4/><G49/><T114/><D114/><U123/><E93/><V8/><F36/><W107/><G107/><T124/><D124/><U39/><E39/><V60/><F47/><W117/><G117/><T19/><D19/><N who="3" m="7241" /><G11/><T13/><D13/><U65/><E46/><V86/><F22/><W24/><G24/><T91/><D91/><AGARI ba="0,0" hai="4,7,53,59,61,87,91,92" m="7241,49674" machi="91" ten="30,2000,0" yaku="19,1,54,1" doraHai="128" who="3" fromWho="0" sc="230,-20,250,0,250,0,270,20" /><INIT seed="2,0,0,4,5,107" ten="210,250,250,290" oya="2" hai0="127,131,85,129,21,62,52,1,35,86,92,50,63" hai1="22,59,67,93,99,6,130,121,125,91,71,110,58" hai2="37,75,3,26,72,68,135,100,132,23,30,105,90" hai3="112,98,43,39,81,24,102,111,65,56,28,13,41"/><V87/><F37/><W34/><G111/><T122/><D122/><U83/><E110/><V101/><F68/><W108/><G108/><T61/><D35/><U79/><E130/><N who="0" m="49673" /><D1/><U88/><E125/><V114/><F3/><W53/><G112/><T4/><D4/><U5/><E121/><V44/><F114/><W103/><G65/><T9/><D9/><U32/><E32/><V47/><F47/><W31/><G31/><T29/><D127/><U134/><E134/><N who="2" m="51243" /><F44/><W45/><G43/><T124/><D124/><U120/><E120/><V94/><F105/><W7/><G98/><T69/><D69/><U54/><E71/><V116/><F116/><W119/><G119/><T70/><D70/><U8/><E91/><V123/><F123/><W11/><REACH who="3" step="1"/><G81/><REACH who="3" ten="210,250,250,280" step="2"/><T133/><D133/><U97/><E97/><N who="2" m="59447" /><F101/><W36/><G36/><T2/><D92/><AGARI ba="0,1" hai="23,26,30,72,75,87,90,92" m="59447,51243" machi="92" ten="30,5800,0" yaku="20,1,52,2" doraHai="107" who="2" fromWho="0" sc="210,-58,250,0,250,68,280,0" /><INIT seed="2,1,0,0,4,64" ten="152,250,318,280" oya="2" hai0="98,55,20,113,67,8,103,15,90,82,34,69,5" hai1="91,43,65,9,21,121,126,16,49,31,124,73,11" hai2="79,38,39,115,100,85,12,127,66,40,107,104,131" hai3="133,92,112,25,111,118,30,29,105,59,70,125,78"/><V123/><F115/><W83/><G105/><T23/><D113/><U37/><E73/><V44/><F123/><W6/><G118/><T47/><D34/><U130/><E37/><V122/><F122/><W128/><G112/><T58/><D47/><N who="1" m="25855" /><E130/><V72/><F131/><W84/><G111/><T132/><D132/><U17/><E65/><V95/><F39/><W1/><G70/><T35/><D35/><U110/><E110/><V62/><F127/><N who="1" m="48681" /><E91/><V75/><F75/><W24/><G133/><T120/><D120/><U19/><E121/><V52/><F72/><W74/><G128/><T27/><D90/><U48/><E48/><V76/><F76/><W46/><G46/><T42/><D42/><U51/><E51/><V87/><F52/><W45/><G59/><T117/><D117/><U109/><E109/><V4/><F79/><W53/><G6/><T61/><D27/><AGARI ba="1,0" hai="9,11,16,17,19,21,27,31" m="48681,25855" machi="27" ten="30,2000,0" yaku="18,1,54,1" doraHai="64" who="1" fromWho="0" sc="152,-23,250,23,318,0,280,0" /><INIT seed="3,0,0,0,0,6" ten="129,273,318,280" oya="3" hai0="30,127,129,57,41,49,21,126,72,10,71,125,120" hai1="23,8,119,99,97,106,124,67,100,26,130,134,98" hai2="62,121,64,105,35,4,123,132,2,80,73,128,111" hai3="103,104,85,1,122,76,59,75,22,13,38,79,31"/><W39/><G1/><T78/><D120/><U74/><E74/><V101/><F111/><W95/><G122/><N who="2" m="46601" /><F35/><W94/><G104/><T27/><D71/><U56/><E130/><V17/><F17/><W34/><G34/><T83/><D129/><U11/><E124/><V54/><F54/><W81/><G75/><T18/><D57/><U61/><E134/><V33/><F33/><W66/><G76/><T108/><D108/><U117/><E106/><V12/><F12/><W133/><G133/><T42/><REACH who="0" step="1"/><D49/><REACH who="0" ten="119,273,318,280" step="2"/><U55/><E100/><V53/><F101/><W24/><G103/><T3/><D3/><U0/><E0/><V92/><F2/><W43/><G39/><T91/><D91/><U36/><E36/><V52/><F128/><W90/><G38/><T28/><D28/><N who="1" m="17503" /><E67/><V37/><F64/><W20/><G66/><T87/><D87/><U84/><E84/><V96/><F37/><W118/><G59/><T112/><D112/><U77/><E77/><V7/><F132/><W135/><G135/><T109/><D109/><U82/><E119/><V40/><F73/><W89/><G118/><T70/><D70/><U60/><E117/><V113/><F113/><W46/><G89/><T32/><D32/><U44/><E61/><V131/><F62/><W88/><G90/><T107/><D107/><U45/><E60/><V48/><F131/><W47/><G79/><T63/><D63/><U65/><E65/><V29/><F105/><W115/><G115/><T116/><D116/><U14/><E56/><N who="2" m="32775" /><F29/><W16/><G47/><T19/><D19/><N who="1" m="8647" /><E45/><V25/><F7/><RYUUKYOKU ba="0,1" sc="119,15,273,-15,318,-15,280,15" hai0="10,18,21,27,30,41,42,72,78,83,125,126,127" hai3="13,16,20,22,24,31,43,46,81,85,88,94,95" /><INIT seed="3,1,1,2,0,88" ten="134,258,303,295" oya="3" hai0="17,8,32,66,71,106,122,72,96,20,65,84,73" hai1="117,82,99,43,76,133,25,104,85,27,75,35,135" hai2="56,15,9,124,60,11,93,129,105,70,127,0,134" hai3="29,79,102,10,48,115,89,78,114,130,113,30,18"/><W13/><G130/><T16/><D32/><U40/><E117/><V46/><F105/><W131/><G131/><T97/><D122/><U21/><E35/><V41/><F129/><W103/><G89/><T42/><D42/><U94/><E27/><V69/><F134/><N who="1" m="51209" /><E104/><V120/><F0/><W80/><G48/><T109/><D109/><U3/><E75/><V37/><F120/><W22/><G79/><T116/><D116/><U62/><E3/><V7/><F9/><W83/><G83/><T95/><D84/><U90/><E62/><V64/><REACH who="2" step="1"/><F93/><REACH who="2" ten="134,258,293,295" step="2"/><W39/><G10/><T121/><D121/><U58/><E58/><V53/><F53/><W5/><G113/><T59/><D59/><U107/><E107/><V33/><F33/><W81/><G114/><T77/><D106/><U47/><E47/><V57/><F57/><W1/><G115/><T50/><D8/><U112/><E112/><V19/><F19/><AGARI ba="1,2" hai="19,21,25,40,43,76,82,85,90,94,99" m="51209" machi="19" ten="30,2000,0" yaku="20,1,52,1" doraHai="88" who="1" fromWho="2" sc="134,0,258,43,293,-23,295,0" /><INIT seed="4,0,0,5,4,98" ten="134,301,270,295" oya="0" hai0="13,27,85,124,45,74,97,51,28,26,105,104,29" hai1="35,15,72,0,90,125,50,44,128,25,119,70,2" hai2="134,117,38,106,131,127,65,87,121,94,103,48,84" hai3="135,36,3,6,114,91,31,55,24,102,108,49,89"/><T32/><D74/><U115/><E119/><V53/><F121/><W46/><G108/><T107/><D124/><U64/><E72/><V20/><F38/><W75/><G75/><T96/><D85/><U21/><E35/><V12/><F127/><W8/><G114/><T43/><REACH who="0" step="1"/><D13/><REACH who="0" ten="124,301,270,295" step="2"/><U41/><E15/><V56/><F12/><W92/><G135/><T47/><D47/><U63/><E125/><V66/><F84/><W22/><G36/><T40/><D40/><U112/><E41/><V113/><F87/><W7/><G3/><T77/><D77/><U71/><E44/><V118/><F134/><W129/><G46/><T18/><D18/><U14/><E14/><V17/><F17/><W61/><G7/><T57/><D57/><U11/><E0/><V86/><F56/><W78/><G78/><T34/><AGARI ba="0,1" hai="26,27,28,29,32,34,43,45,51,96,97,104,105,107" machi="34" ten="30,6000,0" yaku="1,1,0,1,9,1,53,0" doraHai="98" doraHaiUra="126" who="0" fromWho="0" sc="124,70,301,-20,270,-20,295,-20" /><INIT seed="4,1,0,5,5,29" ten="194,281,250,275" oya="0" hai0="86,79,58,6,46,18,129,26,34,120,102,128,93" hai1="81,83,52,105,109,121,30,17,95,13,48,112,96" hai2="23,111,39,110,131,100,124,4,127,32,125,54,99" hai3="44,22,16,116,42,53,9,117,40,3,21,80,60"/><T119/><D119/><U12/><E109/><V113/><F39/><W118/><G80/><N who="0" m="47391" /><D120/><U31/><E105/><V88/><F113/><W71/><G22/><N who="0" m="13655" /><D6/><U122/><E112/><V84/><F131/><N who="0" m="50250" /><D58/><N who="1" m="33031" /><E122/><V8/><F23/><W92/><G71/><T107/><D107/><U78/><E121/><V36/><F36/><W123/><G123/><T35/><D46/><U15/><E17/><V75/><F75/><W132/><G44/><T47/><D47/><U43/><E43/><V20/><F20/><W89/><G21/><T11/><D11/><U76/><E76/><V50/><F8/><W56/><G16/><T98/><AGARI ba="1,0" hai="34,35,93,98,102" m="50250,13655,47391" machi="98" ten="30,6000,0" yaku="19,1,52,2" doraHai="29" who="0" fromWho="0" sc="194,63,281,-21,250,-21,275,-21" /><INIT seed="4,2,0,2,0,127" ten="257,260,229,254" oya="0" hai0="68,113,42,118,62,126,50,80,93,14,117,32,67" hai1="26,83,101,92,44,16,18,89,38,54,134,1,52" hai2="85,133,43,114,36,129,111,119,10,29,27,86,5" hai3="64,6,121,19,37,55,128,70,81,3,30,96,65"/><T104/><D104/><U102/><E1/><V135/><F111/><W84/><G37/><T12/><D32/><U9/><E38/><V91/><F114/><W112/><G112/><T58/><D113/><U39/><E39/><V109/><F109/><W132/><G132/><N who="2" m="50761" /><F119/><W46/><G30/><T59/><D126/><U45/><E83/><V53/><F53/><N who="1" m="20585" /><E134/><V97/><F97/><W21/><G96/><T99/><D68/><U49/><E26/><V98/><F98/><W74/><G74/><T63/><D80/><U13/><E18/><V25/><F43/><W41/><G70/><T78/><D78/><U24/><E24/><N who="2" m="9291" /><F29/><W124/><G55/><N who="0" m="34143" /><D117/><U88/><E89/><V66/><F66/><W72/><G64/><T69/><D69/><U61/><E61/><V35/><F35/><W90/><G65/><T100/><D118/><U120/><E120/><V15/><F36/><W20/><G124/><T130/><D130/><U56/><E56/><V48/><F48/><W116/><G128/><T51/><D51/><U0/><E0/><V108/><F108/><W2/><G3/><T11/><D11/><U82/><E82/><N who="2" m="49591" /><F86/><W76/><G84/><T17/><D17/><U22/><E49/><V94/><F94/><W106/><G19/><T60/><D60/><U107/><E107/><V33/><F33/><W40/><G106/><T71/><D71/><U31/><E102/><V4/><F4/><W28/><G6/><T47/><AGARI ba="2,0" hai="12,14,42,47,50,59,63,67,93,99,100" m="34143" machi="47" ten="30,1500,0" yaku="8,1" doraHai="127" who="0" fromWho="0" sc="257,21,260,-7,229,-7,254,-7" /><INIT seed="4,3,0,4,4,79" ten="278,253,222,247" oya="0" hai0="26,91,48,108,100,33,3,74,37,63,70,94,12" hai1="52,49,71,128,24,23,16,65,43,115,32,11,109" hai2="122,46,78,50,82,35,6,124,62,119,76,111,96" hai3="31,113,9,39,27,89,75,101,102,129,53,97,98"/><T47/><D3/><U103/><E109/><V10/><F111/><W106/><G113/><T40/><D108/><U123/><E123/><V69/><F122/><W120/><G129/><T0/><D0/><U67/><E32/><V28/><F124/><W134/><G134/><T25/><D33/><U19/><E128/><V56/><F69/><W125/><G125/><T83/><D37/><U99/><E115/><V107/><F119/><W72/><G120/><T20/><D100/><U4/><E43/><V93/><F107/><W44/><G89/><T58/><D70/><U81/><E19/><V34/><F78/><W57/><G9/><T1/><D1/><U135/><E81/><V105/><F105/><W7/><G7/><T13/><D25/><U127/><E71/><V64/><F28/><W51/><G44/><T45/><D45/><N who="1" m="27695" /><E135/><V15/><F50/><W38/><G38/><T86/><D94/><N who="1" m="58871" /><E127/><V84/><REACH who="2" step="1"/><F46/><REACH who="2" ten="278,253,212,247" step="2"/><W90/><G39/><T121/><D121/><U114/><E114/><V77/><F77/><W42/><G106/><T130/><D130/><U30/><E30/><V5/><F5/><W59/><G31/><N who="0" m="17863" /><D74/><U131/><E131/><V104/><F104/><W118/><G75/><T68/><D68/><U8/><E4/><V92/><F92/><W117/><G72/><T22/><D47/><U132/><E132/><V54/><F54/><W61/><G53/><N who="0" m="34255" /><D48/><U87/><E67/><V55/><F55/><W110/><G118/><T126/><D126/><U14/><E65/><V95/><F95/><W85/><G117/><T29/><D40/><U73/><E73/><RYUUKYOKU ba="3,1" sc="278,15,253,-15,212,15,247,-15" hai0="12,13,22,29,83,86,91" hai2="6,10,15,34,35,56,62,64,76,82,84,93,96" /><INIT seed="4,4,1,3,5,122" ten="293,238,227,232" oya="0" hai0="44,121,57,32,66,56,20,89,78,9,11,5,46" hai1="10,95,85,115,30,82,0,27,123,13,118,7,51" hai2="4,124,75,53,127,64,43,15,23,128,31,12,34" hai3="36,109,120,29,25,28,74,93,71,70,1,101,94"/><T96/><D32/><U67/><E118/><V54/><F75/><W91/><G74/><T86/><D121/><U63/><E123/><V2/><F64/><W55/><G36/><T68/><D68/><U105/><E105/><V125/><F43/><W42/><G1/><T24/><D96/><U50/><E95/><V114/><F54/><W65/><G42/><T100/><D100/><U117/><E0/><V84/><F53/><W19/><G19/><N who="0" m="12319" /><D78/><U134/><E134/><V49/><F49/><W52/><G25/><T116/><D116/><U111/><E115/><V92/><F92/><W130/><G91/><T99/><D99/><U103/><E103/><V14/><F84/><W80/><G120/><T6/><D9/><U59/><E117/><V83/><F83/><W79/><G101/><T90/><D90/><U18/><E85/><V108/><F114/><W110/><G65/><T21/><D21/><U106/><E82/><V73/><F73/><W41/><G41/><T113/><D113/><U26/><E106/><V48/><F34/><W17/><G17/><T132/><D132/><U3/><E18/><V81/><F81/><W16/><G16/><T87/><D87/><U39/><E10/><N who="2" m="2327" /><F48/><W58/><G80/><T135/><D89/><U45/><E3/><V37/><F37/><W22/><G79/><T69/><D86/><U98/><E98/><V102/><F102/><W61/><G61/><T126/><D135/><U47/><E63/><V104/><F104/><W8/><G58/><T131/><D57/><U76/><E59/><V60/><F60/><W129/><G8/><RYUUKYOKU ba="4,1" sc="293,-10,238,-10,227,-10,232,30" hai3="22,28,29,52,55,70,71,93,94,109,110,129,130" /><INIT seed="5,5,1,1,2,9" ten="283,228,217,262" oya="1" hai0="85,81,65,53,2,37,111,43,121,122,133,107,71" hai1="126,70,28,92,44,77,97,123,69,34,61,36,105" hai2="72,40,96,110,78,21,24,125,87,76,55,45,93" hai3="56,98,86,50,10,113,23,52,82,62,79,20,22"/><U68/><E123/><N who="0" m="47113" /><D111/><U35/><E126/><V54/><F110/><W103/><G113/><T19/><D2/><U11/><E77/><V6/><F72/><W112/><G112/><T14/><D107/><U49/><E36/><V30/><F125/><W94/><G10/><N who="0" m="6615" /><D133/><U66/><E11/><V5/><F40/><W58/><REACH who="3" step="1"/><G20/><REACH who="3" ten="283,228,217,252" step="2"/><T63/><D37/><U80/><E35/><V26/><F6/><W135/><G135/><T25/><D43/><U89/><E105/><V132/><F5/><W0/><G0/><T7/><D7/><U51/><E80/><V74/><F132/><W60/><G60/><T120/><D120/><U8/><E8/><V104/><F104/><W129/><G129/><T118/><D118/><U109/><E109/><V18/><F21/><W15/><G15/><T13/><D13/><U124/><E124/><V119/><F119/><W12/><G12/><T57/><D25/><U115/><E115/><V67/><F26/><W99/><G99/><T1/><D1/><U46/><E34/><V27/><F96/><W39/><G39/><T42/><D42/><U4/><E4/><V17/><F27/><W16/><G16/><T106/><D106/><U83/><E28/><V108/><F30/><W3/><G3/><T95/><D81/><U32/><E32/><V73/><F108/><W91/><G91/><T127/><D127/><U38/><E83/><N who="2" m="45455" /><F18/><W100/><G100/><T33/><D33/><U29/><E29/><V117/><F17/><W131/><G131/><T128/><D128/><U64/><E38/><V84/><F117/><W134/><G134/><RYUUKYOKU ba="5,2" sc="283,-10,228,-10,217,-10,252,30" hai3="22,23,50,52,56,58,62,79,82,86,94,98,103" /><INIT seed="6,6,2,5,2,34" ten="273,218,207,282" oya="2" hai0="74,20,119,17,65,81,94,114,69,86,124,49,44" hai1="43,63,54,40,79,92,131,135,116,111,25,41,0" hai2="71,4,32,46,47,50,5,109,83,59,73,57,35" hai3="97,126,28,76,110,48,12,52,108,90,53,42,122"/><V21/><F71/><W2/><G2/><T56/><D114/><U19/><E111/><V23/><F83/><W84/><G122/><T22/><D124/><U123/><E116/><V113/><F50/><W10/><G126/><T29/><D69/><U9/><E131/><V27/><F27/><W58/><G28/><T70/><D70/><U96/><E0/><V133/><F133/><W102/><G76/><N who="0" m="46375" /><D74/><U14/><E123/><V115/><REACH who="2" step="1"/><F73/><REACH who="2" ten="273,218,197,282" step="2"/><W87/><G48/><T103/><D119/><U107/><E135/><V3/><F3/><W15/><G15/><T118/><D118/><U112/><E25/><V7/><F7/><W61/><G12/><T36/><D49/><U125/><E125/><V13/><F13/><W78/><G78/><T98/><D29/><U80/><E79/><V128/><F128/><W121/><G108/><AGARI ba="6,3" hai="4,5,21,23,32,35,46,47,57,59,108,109,113,115" machi="108" ten="25,4800,0" yaku="1,1,22,2,53,0" doraHai="34" doraHaiUra="129" who="2" fromWho="3" sc="273,0,218,0,197,96,282,-66" /><INIT seed="6,7,0,3,0,1" ten="273,218,293,216" oya="2" hai0="64,37,14,30,123,46,56,40,97,12,47,58,57" hai1="121,102,11,2,77,84,67,4,91,29,105,132,69" hai2="111,134,68,83,5,112,26,13,96,74,88,106,129" hai3="107,66,73,55,35,93,63,79,89,108,31,133,90"/><V51/><F68/><W114/><G107/><T49/><D123/><U8/><E121/><V119/><F119/><W130/><G130/><T53/><D30/><U44/><E132/><V62/><F134/><W60/><G133/><T128/><D128/><U127/><E127/><V125/><F129/><W78/><G108/><T116/><D116/><U48/><E29/><V50/><F125/><W92/><G73/><T95/><REACH who="0" step="1"/><D64/><REACH who="0" ten="263,218,293,216" step="2"/><U76/><E67/><V109/><F109/><W7/><G66/><T61/><D61/><U34/><E34/><V85/><F62/><W103/><G31/><T21/><D21/><U122/><E122/><V115/><F111/><W100/><G35/><T32/><D32/><U19/><E69/><V117/><F117/><W54/><G114/><T25/><D25/><U43/><E11/><N who="2" m="4335" /><F26/><W104/><G104/><T45/><D45/><U20/><E105/><V18/><F106/><W0/><G0/><T17/><D17/><U39/><E19/><V41/><F18/><W59/><G59/><T16/><D16/><U6/><E20/><V82/><F115/><W23/><G23/><T101/><AGARI ba="7,1" hai="12,14,37,40,46,47,49,53,56,57,58,95,97,101" machi="101" ten="30,2000,0" yaku="1,1,0,1,53,0" doraHai="1" doraHaiUra="27" who="0" fromWho="0" sc="263,51,218,-12,293,-17,216,-12" /><INIT seed="7,0,0,5,4,133" ten="314,206,276,204" oya="3" hai0="118,97,25,23,128,71,43,44,17,66,13,24,123" hai1="58,122,79,70,31,135,56,20,74,119,10,16,30" hai2="8,88,109,84,52,57,87,117,89,90,75,45,47" hai3="100,92,73,134,42,103,72,65,78,108,53,105,112"/><W62/><G112/><T107/><D123/><U12/><E70/><V49/><F109/><W115/><G115/><T40/><D40/><U69/><E69/><V29/><F117/><W55/><G134/><T81/><D128/><U131/><E122/><V77/><F75/><W76/><G105/><T21/><D81/><U93/><E135/><V39/><F29/><N who="1" m="10761" /><E74/><V48/><F39/><W22/><G42/><T36/><D118/><U68/><E68/><V82/><F8/><W37/><G37/><T11/><D11/><U35/><E35/><V14/><F14/><W125/><G108/><T124/><D13/><U15/><E131/><V32/><F32/><W28/><G92/><T110/><D110/><U34/><E34/><V113/><F113/><W80/><G28/><T18/><D71/><U114/><E119/><V9/><F9/><W64/><G80/><T2/><D2/><U91/><E79/><V51/><F87/><W116/><G116/><T7/><D7/><N who="1" m="3167" /><E114/><V95/><F95/><W63/><REACH who="3" step="1"/><G22/><REACH who="3" ten="314,206,276,194" step="2"/><T126/><D107/><U132/><E132/><V27/><F27/><W61/><G61/><AGARI ba="0,1" hai="45,47,48,49,51,52,57,61,77,82,84,88,89,90" machi="61" ten="40,5200,0" yaku="8,1,54,2" doraHai="133" who="2" fromWho="3" sc="314,0,206,0,276,62,194,-52" owari="314,11.4,206,-19.4,338,43.8,142,-35.8" /></mjloggm>