<mjloggm ver="2.3"><GO type="169" lobby="0"/><UN n0="%E5%81%BD%E5%96%84%E8%80%85%E9%AB%98%E6%A9%8B%E3%81%BF%E3%81%AA%E3%81%BF" n1="%72%65%62%65%65%72" n2="%E6%99%82%E8%A8%88%E5%9D%82%E9%9B%B6" n3="%E3%83%AD%E3%83%AD%E3%82%93" dan="17,16,16,16" rate="2178.71,2164.28,2117.26,2143.67" sx="F,M,M,M"/><TAIKYOKU oya="0"/><INIT seed="0,0,0,1,5,69" ten="250,250,250,250" oya="0" hai0="7,54,25,26,70,100,78,134,89,74,57,129,131" hai1="5,12,111,119,108,97,17,115,10,92,109,110,4" hai2="114,56,116,105,117,86,49,1,41,37,120,72,95" hai3="59,53,81,102,126,106,125,82,16,112,52,85,135"/><T76/><D70/><U98/><E119/><N who="2" m="45643" /><F72/><W93/><G112/><T20/><D134/><U118/><E118/><V44/><F105/><W61/><G135/><T75/><D100/><U3/><E115/><V6/><F120/><W96/><G106/><T39/><D7/><U58/><N who="1" m="27648" /><DORA hai="60" /><U90/><E3/><V2/><F114/><W38/><G38/><T18/><D89/><U107/><REACH who="1" step="1"/><E58/><REACH who="1" ten="250,240,250,250" step="2"/><V101/><F56/><N who="3" m="34951" /><G126/><T23/><D57/><U40/><E40/><V9/><F1/><W130/><G130/><T30/><D54/><U63/><E63/><V19/><F2/><W127/><G127/><T80/><D39/><U32/><E32/><V48/><F37/><W31/><G125/><T29/><D18/><U13/><E13/><V104/><F19/><W66/><G31/><T11/><D11/><U22/><E22/><V94/><F9/><W42/><G42/><T133/><D133/><U73/><E73/><V43/><F43/><W35/><G35/><T8/><D8/><U36/><E36/><V34/><F34/><W45/><G16/><T71/><D71/><U67/><E67/><V124/><F124/><W68/><G66/><T47/><D47/><U123/><E123/><V83/><F41/><W103/><G45/><T46/><D46/><U79/><E79/><V128/><F44/><W62/><G68/><T15/><D15/><U27/><E27/><V99/><F128/><W132/><G132/><T84/><D78/><U121/><E121/><V113/><F113/><W21/><G21/><T65/><D65/><U0/><E0/><V50/><F6/><RYUUKYOKU ba="0,1" sc="250,10,240,10,250,10,250,-30" hai0="20,23,25,26,29,30,74,75,76,80,84,129,131" hai1="4,5,10,12,17,90,92,97,98,107" hai2="48,49,50,83,86,94,95,99,101,104" /><INIT seed="0,1,1,1,2,11" ten="260,250,260,220" oya="0" hai0="13,33,91,93,120,42,129,119,76,117,72,89,88" hai1="134,22,34,79,123,12,133,108,30,95,18,104,98" hai2="86,135,99,35,100,113,107,83,10,73,14,102,1" hai3="77,4,71,2,125,61,37,101,24,27,7,36,97"/><T60/><D120/><U47/><E123/><V21/><F113/><W3/><G77/><T78/><D33/><U48/><E104/><V16/><F135/><W57/><G125/><T84/><D42/><U69/><E69/><V85/><F35/><W96/><G57/><T122/><D122/><U124/><E124/><V130/><F130/><W64/><G101/><T55/><D129/><U82/><E30/><V87/><F102/><W115/><G115/><T59/><D72/><U80/><E34/><V54/><F54/><W116/><G61/><T5/><D119/><U63/><E63/><V50/><F50/><W9/><G9/><N who="0" m="4271" /><D117/><U19/><E19/><V110/><F110/><W81/><G81/><N who="0" m="47159" /><D76/><U15/><E108/><V44/><F73/><W43/><G43/><T23/><D23/><U31/><E31/><V121/><F121/><W75/><G75/><T40/><D40/><N who="1" m="24679" /><E79/><V6/><REACH who="2" step="1"/><F44/><REACH who="2" ten="260,250,250,220" step="2"/><W68/><G116/><T126/><D126/><U118/><E118/><V114/><F114/><W38/><G38/><T32/><D32/><U128/><E128/><V112/><F112/><W62/><G62/><T132/><D132/><U92/><E134/><V49/><F49/><W52/><REACH who="3" step="1"/><G64/><REACH who="3" ten="260,250,250,210" step="2"/><T109/><D109/><U51/><E133/><V45/><F45/><W131/><G131/><T70/><D70/><U29/><E51/><V26/><F26/><W20/><G20/><T56/><D59/><U39/><E22/><V94/><F94/><AGARI ba="1,3" hai="55,56,60,88,89,91,93,94" m="47159,4271" machi="94" ten="30,5800,0" yaku="8,1,52,1,54,1" doraHai="11" who="0" fromWho="2" sc="260,91,250,0,250,-61,210,0" /><INIT seed="0,2,0,4,3,41" ten="351,250,189,210" oya="0" hai0="51,31,19,108,47,82,102,117,106,107,98,61,86" hai1="87,125,34,36,121,105,111,126,112,93,75,46,5" hai2="54,0,69,15,67,28,70,134,26,30,35,27,8" hai3="74,44,73,57,22,78,83,84,133,130,59,11,124"/><T119/><D107/><U50/><E121/><V56/><F134/><W17/><G124/><T128/><D128/><U85/><E105/><V58/><F67/><W103/><G133/><T4/><D31/><U21/><E34/><V118/><F0/><W64/><G103/><T32/><D32/><U127/><E75/><V114/><F114/><W116/><G130/><T65/><D4/><U13/><E111/><V7/><F118/><W96/><G96/><T94/><D106/><U129/><E129/><V91/><F91/><W6/><G116/><T115/><D115/><U20/><E36/><V99/><F99/><W66/><G74/><T55/><D19/><U10/><E112/><V60/><REACH who="2" step="1"/><F58/><REACH who="2" ten="351,250,179,210" step="2"/><W110/><G66/><T43/><D108/><U38/><E38/><V72/><F72/><W132/><G73/><T79/><REACH who="0" step="1"/><D43/><REACH who="0" ten="341,250,179,210" step="2"/><U42/><REACH who="1" step="1"/><E93/><REACH who="1" ten="341,240,179,210" step="2"/><V33/><AGARI ba="2,3" hai="7,8,15,26,27,28,30,33,35,54,56,60,69,70" machi="33" ten="20,5200,0" yaku="1,1,0,1,7,1,9,1,53,0" doraHai="41" doraHaiUra="12" who="2" fromWho="2" sc="341,-28,240,-15,179,88,210,-15" /><INIT seed="1,0,0,5,0,57" ten="313,225,267,195" oya="1" hai0="45,24,135,4,112,12,103,8,88,21,116,22,105" hai1="44,71,31,127,29,35,58,93,92,89,47,41,33" hai2="1,122,59,0,106,100,126,107,78,85,68,87,99" hai3="80,18,128,86,90,28,10,62,66,3,5,83,97"/><U61/><E71/><V46/><F68/><W53/><G128/><T34/><D112/><U27/><E127/><V118/><F118/><W110/><G110/><T25/><D116/><U113/><E113/><V49/><F122/><W81/><G28/><T119/><D119/><U77/><E77/><V101/><F126/><W124/><G124/><T26/><D34/><U132/><E132/><V56/><F78/><W130/><G130/><T17/><D135/><U20/><E29/><V120/><F120/><W52/><G18/><T23/><D45/><U37/><E47/><V82/><F82/><W36/><G36/><T43/><D43/><U65/><REACH who="1" step="1"/><E93/><REACH who="1" ten="313,215,267,195" step="2"/><V9/><F46/><W108/><G108/><T109/><D109/><U96/><AGARI ba="0,1" hai="20,27,31,33,35,37,41,44,58,61,65,89,92,96" machi="96" ten="20,12000,1" yaku="1,1,2,1,0,1,7,1,52,1,53,0" doraHai="57" doraHaiUra="73" who="1" fromWho="1" sc="313,-40,215,130,267,-40,195,-40" /><INIT seed="1,1,0,5,4,107" ten="273,345,227,155" oya="1" hai0="61,10,5,70,93,105,94,120,54,30,103,37,8" hai1="45,88,32,14,95,46,87,27,50,90,122,15,71" hai2="56,66,102,135,82,99,89,98,84,39,109,69,79" hai3="91,75,48,4,108,38,119,47,20,42,49,33,43"/><U115/><E115/><V53/><F39/><W44/><G33/><T134/><D37/><U58/><E71/><V111/><F135/><W6/><G38/><T36/><D36/><U11/><E122/><V18/><F18/><W124/><G124/><T114/><D105/><U52/><E32/><V85/><F66/><W106/><G106/><T74/><D74/><U92/><E27/><V26/><F26/><W35/><G35/><T97/><D134/><U51/><E11/><V22/><F22/><W64/><G64/><T113/><D120/><U117/><E117/><V65/><F65/><W23/><G119/><T80/><D80/><U9/><E9/><V1/><F1/><W86/><G108/><N who="2" m="41545" /><F69/><W60/><G60/><T104/><D30/><U24/><E24/><V77/><F102/><W29/><G29/><T0/><D10/><U2/><E2/><V17/><F17/><W67/><G67/><T13/><D0/><U3/><E3/><V73/><F79/><W118/><G118/><T72/><D70/><U34/><E34/><V126/><F126/><W63/><G63/><T81/><D61/><U112/><E112/><N who="0" m="43113" /><D54/><N who="1" m="32087" /><E46/><V83/><F73/><W132/><G75/><T41/><D41/><U110/><E110/><V123/><F123/><W116/><G116/><T25/><D25/><U121/><E121/><V28/><F28/><W55/><G55/><T21/><D21/><N who="3" m="8265" /><G132/><T96/><D96/><AGARI ba="1,0" hai="14,15,45,51,52,87,88,90,92,95,96" m="32087" machi="96" ten="30,5800,0" yaku="8,1,54,2" doraHai="107" who="1" fromWho="0" sc="273,-61,345,61,227,0,155,0" /><INIT seed="1,2,0,2,3,15" ten="212,406,227,155" oya="1" hai0="44,116,73,117,64,124,131,47,120,106,89,83,10" hai1="20,133,33,128,76,1,54,92,78,107,40,19,6" hai2="41,125,60,58,13,104,61,109,57,21,31,101,66" hai3="16,43,102,25,69,132,135,72,26,30,9,49,7"/><U85/><E107/><V55/><F109/><W2/><G69/><T93/><D106/><U103/><E33/><V105/><F125/><W42/><G72/><T0/><D124/><U110/><E40/><V51/><F101/><W79/><G79/><T68/><D131/><U38/><E38/><V37/><F31/><W32/><G102/><T62/><D120/><U36/><E36/><V127/><F127/><W114/><G114/><T81/><D0/><U130/><E6/><V108/><F108/><W14/><G26/><T56/><D68/><U88/><E1/><V59/><F41/><W119/><G119/><T126/><D126/><U45/><E103/><V22/><F37/><W39/><G39/><T100/><D100/><U67/><E67/><V8/><F105/><W112/><G112/><T99/><D117/><U50/><E133/><N who="3" m="51274" /><G49/><T23/><D10/><AGARI ba="2,0" hai="2,7,9,10,14,16,25,30,32,42,43" m="51274" machi="10" ten="30,3900,0" yaku="20,1,52,1,54,1" doraHai="15" who="3" fromWho="0" sc="212,-45,406,0,227,0,155,45" /><INIT seed="2,0,0,4,4,35" ten="167,406,227,200" oya="2" hai0="72,13,20,105,28,26,117,19,126,32,10,91,18" hai1="121,45,15,99,21,127,77,12,114,48,80,122,110" hai2="39,23,63,67,37,25,82,53,118,116,73,132,1" hai3="2,65,112,5,88,131,124,78,59,111,107,89,40"/><V24/><F132/><W58/><G78/><T109/><D105/><U14/><E114/><V69/><F24/><W51/><G107/><T101/><D72/><U66/><E66/><V7/><F53/><W3/><G65/><T133/><D101/><U27/><E99/><V84/><F73/><W9/><G112/><T130/><D91/><U97/><E97/><V71/><F71/><W120/><G111/><T62/><D62/><U104/><E104/><V38/><F7/><W36/><G36/><T95/><D95/><U43/><E127/><V54/><F54/><W11/><G124/><T96/><D96/><U87/><E110/><V113/><F113/><W123/><G5/><T22/><D126/><U93/><E93/><V50/><F50/><W61/><G61/><T135/><D109/><U83/><E80/><V16/><REACH who="2" step="1"/><F1/><REACH who="2" ten="167,406,217,200" step="2"/><W115/><G115/><T108/><D108/><U119/><E119/><V106/><F106/><W74/><G74/><T100/><D117/><U30/><AGARI ba="0,1" hai="12,14,15,21,27,30,43,45,48,77,83,87,121,122" machi="30" ten="30,1100,0" yaku="0,1" doraHai="35" who="1" fromWho="1" sc="167,-3,406,21,217,-5,200,-3" /><INIT seed="3,0,0,0,4,83" ten="164,427,212,197" oya="3" hai0="58,103,122,117,99,74,51,134,97,27,100,12,61" hai1="62,70,111,18,131,116,101,112,42,68,53,55,60" hai2="32,64,48,90,1,66,107,9,124,95,87,69,81" hai3="10,43,130,52,85,115,132,2,0,34,96,11,4"/><W31/><G43/><T120/><D74/><U23/><E101/><V73/><F32/><W71/><G71/><T6/><D117/><U91/><E91/><V125/><F107/><W82/><G96/><T8/><D134/><U33/><E18/><V135/><F135/><W47/><G115/><T114/><D114/><U89/><E89/><V106/><F106/><W65/><G65/><T78/><D78/><U109/><E23/><V7/><F48/><W105/><G105/><T44/><D27/><U39/><E33/><V56/><F56/><W16/><G132/><T93/><D99/><U129/><E112/><V127/><F69/><W126/><G130/><T63/><D103/><U30/><E30/><V57/><F57/><W76/><G126/><T67/><REACH who="0" step="1"/><D63/><REACH who="0" ten="154,427,212,197" step="2"/><U50/><E116/><V28/><F28/><W119/><G31/><T22/><D22/><U108/><E108/><V38/><F38/><W54/><G34/><T72/><D72/><U17/><E39/><V19/><F19/><W92/><G119/><T128/><D128/><U77/><E17/><V84/><F73/><W86/><G16/><T49/><D49/><U80/><E50/><V45/><F45/><W98/><G98/><T20/><D20/><U79/><E42/><AGARI ba="0,1" hai="6,8,12,42,44,51,58,61,67,93,97,100,120,122" machi="42" ten="30,2000,0" yaku="1,1,7,1,53,0" doraHai="83" doraHaiUra="25" who="0" fromWho="1" sc="154,30,427,-20,212,0,197,0" /><INIT seed="4,0,0,5,0,33" ten="184,407,212,197" oya="0" hai0="39,0,109,41,130,38,51,43,37,47,11,86,81" hai1="28,53,92,45,30,73,74,100,46,78,49,98,80" hai2="55,70,111,10,29,54,127,21,57,7,9,71,35" hai3="14,5,61,129,90,104,26,103,77,131,32,115,15"/><T119/><D119/><U123/><E123/><V62/><F111/><W82/><G115/><T84/><D109/><U124/><E124/><V52/><F35/><W99/><G61/><T4/><D130/><N who="3" m="49673" /><G90/><T97/><D97/><U6/><E6/><V69/><F127/><W113/><G113/><T40/><REACH who="0" step="1"/><D86/><REACH who="0" ten="174,407,212,197" step="2"/><U13/><E74/><V93/><F93/><W95/><G95/><T85/><D85/><U20/><E73/><V108/><F108/><W101/><G99/><T126/><D126/><U89/><E100/><V118/><F118/><W48/><G103/><T96/><D96/><U59/><E80/><V8/><REACH who="2" step="1"/><F7/><REACH who="2" ten="174,407,202,197" step="2"/><W91/><G104/><T1/><D1/><U12/><E92/><V76/><F76/><AGARI ba="0,2" hai="0,4,11,37,38,39,40,41,43,47,51,76,81,84" machi="76" ten="40,3900,0" yaku="1,1,52,1,53,0" doraHai="33" doraHaiUra="18" who="0" fromWho="2" sc="174,59,407,0,202,-39,197,0" /><INIT seed="4,1,0,3,3,128" ten="233,407,163,197" oya="0" hai0="24,57,105,115,95,36,68,30,122,106,6,53,121" hai1="7,134,84,133,101,28,98,27,33,10,0,15,70" hai2="31,89,20,74,19,61,64,44,25,97,125,26,77" hai3="9,117,86,111,73,96,43,72,110,1,83,34,99"/><T85/><D115/><U116/><E116/><V81/><F125/><W108/><G34/><T23/><D68/><U87/><E87/><V58/><F44/><W22/><G43/><T5/><D36/><U32/><E32/><V90/><REACH who="2" step="1"/><F97/><REACH who="2" ten="233,407,153,197" step="2"/><W63/><G99/><T49/><D122/><U40/><E40/><V35/><AGARI ba="1,1" hai="19,20,25,26,31,35,58,61,64,74,77,81,89,90" machi="35" ten="20,5200,0" yaku="1,1,2,1,0,1,7,1,53,0" doraHai="128" doraHaiUra="41" who="2" fromWho="2" sc="233,-27,407,-14,153,65,197,-14" /><INIT seed="5,0,0,2,4,59" ten="206,393,218,183" oya="1" hai0="90,2,69,65,127,118,22,7,116,61,40,29,51" hai1="99,93,88,71,18,81,21,134,76,25,82,110,105" hai2="23,62,3,67,5,97,54,123,15,37,86,42,36" hai3="56,104,114,60,19,72,66,95,125,55,126,13,28"/><U26/><E134/><V133/><F3/><W64/><G104/><T129/><D129/><U34/><E110/><V70/><F123/><W79/><G114/><T117/><D127/><N who="3" m="48649" /><G28/><T50/><D40/><U6/><E6/><V89/><F133/><W121/><G121/><T80/><D7/><U38/><E38/><V10/><F97/><W100/><G79/><T58/><D2/><U115/><E115/><V52/><F23/><N who="3" m="11759" /><G72/><T47/><D69/><U24/><E71/><V73/><F73/><W8/><G8/><T111/><D111/><U124/><E124/><V9/><F9/><W41/><G41/><T27/><REACH who="0" step="1"/><D47/><REACH who="0" ten="196,393,218,183" step="2"/><U101/><E34/><V112/><F112/><W49/><G100/><T128/><D128/><U83/><REACH who="1" step="1"/><E76/><REACH who="1" ten="196,383,218,183" step="2"/><V106/><F5/><W91/><G49/><T74/><D74/><U57/><E57/><V98/><F36/><W63/><G63/><T107/><D107/><U4/><E4/><V20/><F37/><W68/><G68/><T75/><D75/><U48/><E48/><V77/><F77/><W108/><G108/><T17/><D17/><U122/><E122/><V109/><F109/><W30/><G30/><T31/><D31/><U113/><E113/><V11/><F70/><W0/><G0/><T33/><D33/><U12/><E12/><V39/><F15/><W35/><G35/><T16/><D16/><U44/><E44/><V46/><F46/><W84/><AGARI ba="0,2" hai="55,56,60,64,66,84,91,95" m="11759,48649" machi="84" ten="30,2000,0" yaku="18,1,52,1" doraHai="59" who="3" fromWho="3" sc="196,-5,383,-10,218,-5,183,40" /><INIT seed="6,0,0,2,2,44" ten="191,373,213,223" oya="2" hai0="96,91,92,124,11,119,110,2,127,57,47,73,108" hai1="65,121,27,94,29,113,31,15,68,86,53,34,41" hai2="69,112,39,5,114,133,130,66,12,118,16,33,24" hai3="23,60,48,19,32,70,77,71,43,6,90,134,3"/><V88/><F118/><W62/><G32/><T14/><D2/><U126/><E31/><V55/><F39/><W64/><G77/><T123/><D123/><U100/><E41/><V22/><F130/><W38/><G38/><T84/><D73/><U115/><E126/><N who="0" m="48169" /><D57/><U52/><E15/><V0/><F133/><W102/><G102/><N who="0" m="60679" /><D47/><U116/><E116/><V61/><F55/><W72/><G72/><T58/><D58/><U104/><E121/><V9/><REACH who="2" step="1"/><F88/><REACH who="2" ten="191,373,203,223" step="2"/><W50/><G134/><T10/><D119/><U131/><E52/><V7/><F7/><W30/><G6/><N who="0" m="3415" /><D11/><U106/><E53/><V122/><F122/><W83/><G90/><T42/><D42/><U25/><E131/><V107/><F107/><W17/><G43/><T85/><D84/><U26/><E106/><V18/><F18/><W128/><G128/><T20/><D20/><U120/><E120/><V111/><F111/><W117/><G23/><T51/><D51/><U37/><E37/><V80/><F80/><AGARI ba="0,1" hai="80,85,91,108,110" m="3415,60679,48169" machi="80" ten="30,1000,0" yaku="18,1" doraHai="44" who="0" fromWho="2" sc="191,20,373,0,203,-10,223,0" /><INIT seed="7,0,0,1,5,54" ten="211,373,193,223" oya="3" hai0="12,36,81,44,20,87,5,75,131,127,123,58,104" hai1="88,45,66,92,122,99,65,108,15,80,125,84,13" hai2="46,132,38,73,77,37,55,18,128,27,21,17,22" hai3="106,70,53,126,33,94,120,110,31,107,29,62,105"/><W102/><G126/><T0/><D123/><U11/><E108/><V134/><F128/><W47/><G110/><T40/><D127/><U68/><E68/><V129/><F129/><W79/><G79/><T67/><D104/><U63/><E122/><V50/><F77/><W30/><G70/><T4/><D131/><U72/><E72/><V74/><F74/><W85/><G33/><T101/><D101/><U3/><E3/><V103/><F103/><W43/><G102/><T9/><D75/><U61/><E45/><V76/><F76/><W100/><G100/><T71/><D71/><U93/><E11/><V25/><REACH who="2" step="1"/><F73/><REACH who="2" ten="211,373,183,223" step="2"/><W135/><G120/><T23/><D0/><U119/><E125/><V6/><F6/><W16/><G135/><AGARI ba="0,1" hai="17,18,21,22,25,27,37,38,46,50,55,132,134,135" machi="135" ten="40,5200,0" yaku="1,1,9,1,20,1,53,0" doraHai="54" doraHaiUra="111" who="2" fromWho="3" sc="211,0,373,0,183,62,223,-52" owari="211,-18.9,373,47.3,245,4.5,171,-32.9" /></mjloggm>