<mjloggm ver="2.3"><GO type="169" lobby="0"/><UN n0="%E7%9C%9F%E9%BE%8D%E5%85%84%E8%B2%B4" n1="%E3%81%AE%E3%81%AF%E3%81%A3%E3%81%A1" n2="%E3%81%82%E3%81%BE%E3%81%82%E3%82%93" n3="%E3%83%AD%E3%83%99%E3%83%AB%E3%82%BF%E3%81%95%E3%82%93%EF%BC%A0" dan="16,16,16,16" rate="2072.27,2178.91,2093.61,2129.34" sx="M,M,M,F"/><TAIKYOKU oya="0"/><INIT seed="0,0,0,2,1,122" ten="250,250,250,250" oya="0" hai0="37,82,9,28,34,18,88,116,55,22,2,130,61" hai1="109,132,84,93,76,98,73,119,52,96,135,114,92" hai2="58,95,53,107,63,26,127,32,39,104,113,106,8" hai3="68,57,129,91,41,80,85,17,43,97,124,11,42"/><T100/><D116/><U89/><E119/><V33/><F113/><W7/><G129/><T49/><D37/><U90/><E73/><V4/><F127/><W1/><G124/><T105/><D130/><U94/><E114/><V47/><F26/><W0/><G68/><T121/><D121/><U123/><E123/><V86/><F95/><W19/><G0/><T117/><D117/><U59/><E94/><V125/><F125/><W75/><G75/><T111/><D61/><U115/><E115/><V38/><F86/><W12/><G1/><T70/><D70/><U31/><E31/><V56/><F56/><W69/><G69/><T65/><D65/><U50/><REACH who="1" step="1"/><E109/><REACH who="1" ten="250,240,250,250" step="2"/><V78/><F104/><W128/><G128/><T44/><D111/><U77/><E77/><V66/><F78/><W108/><G108/><T5/><D105/><U133/><E133/><V45/><F106/><W110/><G110/><T36/><D28/><U112/><E112/><V3/><F107/><W54/><REACH who="3" step="1"/><G97/><REACH who="3" ten="250,240,250,240" step="2"/><T118/><D118/><U83/><AGARI ba="0,2" hai="50,52,59,76,83,84,89,90,92,93,96,98,132,135" machi="83" ten="30,7900,0" yaku="1,1,0,1,9,1,54,1,53,0" doraHai="122" doraHaiUra="35" who="1" fromWho="1" sc="250,-39,240,99,250,-20,240,-20" /><INIT seed="1,0,0,2,1,61" ten="211,339,230,220" oya="1" hai0="79,128,51,33,47,56,98,75,63,64,21,23,44" hai1="86,62,110,120,133,73,112,30,41,94,105,97,40" hai2="46,15,96,74,54,101,77,42,60,35,27,50,126" hai3="83,17,38,121,85,6,115,80,93,113,34,4,53"/><U57/><E112/><V45/><F126/><W20/><G34/><T70/><D128/><U16/><E120/><V114/><F114/><W82/><G38/><T100/><D44/><U26/><E133/><V2/><F2/><W3/><G121/><T39/><D79/><U89/><E73/><V1/><F1/><W68/><G68/><T109/><D75/><U123/><E123/><V103/><F15/><W58/><G3/><T125/><D125/><U49/><E110/><V104/><F101/><W59/><G59/><T25/><D109/><U67/><E49/><V37/><F60/><W55/><G55/><T127/><D127/><U28/><E105/><V117/><F117/><W116/><G116/><T7/><D7/><U84/><E84/><V78/><REACH who="2" step="1"/><F74/><REACH who="2" ten="211,339,220,220" step="2"/><W19/><G113/><T10/><D100/><U90/><E86/><V52/><F52/><W32/><G53/><T18/><D63/><U72/><E72/><V87/><F87/><W24/><G85/><T11/><D98/><U48/><E90/><V111/><F111/><W76/><G115/><T131/><D131/><U132/><E132/><V92/><F92/><W81/><G93/><T8/><D8/><U124/><E124/><V43/><F43/><W65/><G82/><T88/><D10/><U69/><E41/><V71/><F71/><W108/><G81/><T135/><D135/><U5/><E69/><V118/><F118/><W13/><G83/><T31/><D70/><U22/><E5/><V95/><F95/><W129/><G80/><T12/><D88/><U102/><E89/><V99/><F99/><RYUUKYOKU ba="0,1" sc="211,-15,339,15,220,15,220,-15" hai1="16,22,26,28,30,40,48,57,62,67,94,97,102" hai2="27,35,37,42,45,46,50,54,77,78,96,103,104" /><INIT seed="1,1,1,5,4,77" ten="196,354,235,205" oya="1" hai0="99,25,20,130,89,127,59,74,41,95,123,42,98" hai1="11,26,6,76,73,0,60,35,50,122,12,46,33" hai2="111,17,51,75,38,96,10,9,2,66,116,28,48" hai3="79,83,3,16,114,121,132,67,115,19,100,14,106"/><U47/><E122/><V29/><F116/><W84/><G132/><T118/><D118/><U64/><E47/><V110/><F38/><W21/><G3/><T82/><D123/><U70/><E26/><V63/><F75/><W104/><G121/><T128/><D127/><U81/><REACH who="1" step="1"/><E0/><REACH who="1" ten="196,344,235,205" step="2"/><V103/><F2/><W120/><G120/><T5/><D128/><U134/><E134/><V58/><F110/><W36/><G36/><T90/><D130/><U55/><AGARI ba="1,2" hai="6,11,12,33,35,46,50,55,60,64,70,73,76,81" machi="55" ten="20,7800,0" yaku="1,1,0,1,7,1,52,1,53,0" doraHai="77" doraHaiUra="15" who="1" fromWho="1" sc="196,-27,344,101,235,-27,205,-27" /><INIT seed="1,2,0,1,0,20" ten="169,445,208,178" oya="1" hai0="31,86,115,134,79,54,35,46,28,17,30,5,13" hai1="66,81,67,68,70,122,82,38,105,14,57,50,106" hai2="113,129,43,119,16,0,25,11,98,107,133,41,48" hai3="74,15,23,4,125,100,123,24,103,102,69,65,32"/><U131/><E122/><V132/><F119/><W108/><G108/><T87/><D115/><U3/><E3/><V72/><F72/><W88/><G125/><T110/><D110/><U73/><E38/><V124/><F124/><W6/><G74/><T39/><D134/><N who="2" m="51818" /><F113/><W84/><G32/><T91/><D5/><U53/><E131/><V2/><F129/><W51/><G123/><T76/><D86/><U78/><E81/><V114/><F114/><W93/><G15/><T64/><D64/><U121/><E121/><V71/><F71/><W1/><G1/><N who="2" m="617" /><F48/><W127/><G127/><T128/><D128/><U99/><E70/><V19/><F11/><W77/><G77/><T27/><D76/><U47/><E68/><V63/><F63/><W61/><REACH who="3" step="1"/><G51/><REACH who="3" ten="169,445,208,168" step="2"/><N who="0" m="29047" /><D79/><U104/><E78/><V109/><F109/><W21/><G21/><T44/><D39/><U116/><E50/><V120/><F120/><W49/><G49/><T52/><D44/><U42/><E47/><V112/><F112/><W59/><G59/><T10/><D35/><U60/><E57/><V101/><F19/><AGARI ba="2,1" hai="4,6,19,23,24,61,65,69,84,88,93,100,102,103" machi="19" ten="40,8000,1" yaku="1,1,52,1,54,1,53,1" doraHai="20" doraHaiUra="62" who="3" fromWho="2" sc="169,0,445,0,208,-86,168,96" /><INIT seed="2,0,0,1,3,102" ten="169,445,122,264" oya="2" hai0="127,34,101,85,10,131,111,135,53,87,116,12,98" hai1="100,106,95,96,68,52,20,82,86,5,103,81,75" hai2="4,38,13,49,19,123,60,92,129,8,45,39,33" hai3="61,132,1,44,73,108,77,56,128,46,118,42,32"/><V36/><F123/><W78/><G73/><T43/><D34/><U27/><E68/><V64/><F129/><W104/><G1/><T76/><D111/><U117/><E117/><V57/><F33/><W24/><G128/><T17/><D131/><U15/><E75/><V25/><F92/><W26/><G132/><T67/><D135/><U37/><E37/><V120/><F120/><W54/><G118/><T114/><D114/><U110/><E110/><V63/><F63/><W69/><G69/><T65/><D127/><U97/><E86/><V79/><F79/><W14/><G46/><T3/><D3/><U80/><E15/><V125/><F125/><W22/><G104/><T6/><D17/><U50/><E5/><V28/><F28/><W23/><G14/><T72/><D72/><U11/><E11/><V83/><F83/><W48/><G32/><T124/><D124/><U133/><E133/><V84/><F84/><W55/><G42/><T59/><D43/><U126/><E126/><V29/><F29/><N who="3" m="17559" /><G108/><T74/><D74/><U58/><REACH who="1" step="1"/><E82/><REACH who="1" ten="169,435,122,264" step="2"/><V62/><F36/><W88/><G26/><T70/><D116/><U94/><E94/><V18/><F25/><W134/><G134/><T130/><D130/><U107/><E107/><V30/><F38/><W89/><G23/><T115/><D70/><U51/><E51/><V91/><F39/><W105/><G105/><T31/><D10/><U113/><E113/><V112/><F112/><W71/><G71/><T99/><D115/><U119/><E119/><V109/><F109/><W93/><G93/><T9/><D9/><RYUUKYOKU ba="0,1" sc="169,-15,435,15,122,-15,264,15" hai1="20,27,50,52,58,80,81,95,96,97,100,103,106" hai3="44,48,54,55,56,61,77,78,88,89" /><INIT seed="3,1,1,0,1,111" ten="154,450,107,279" oya="3" hai0="46,66,30,53,37,32,128,62,87,40,0,83,80" hai1="21,2,120,39,9,51,68,92,89,79,4,112,98" hai2="44,115,84,10,22,58,45,90,81,108,42,52,36" hai3="78,54,7,121,16,107,11,5,105,26,91,101,12"/><W82/><G121/><T27/><D128/><U104/><E39/><V31/><F108/><W125/><G125/><T95/><D0/><U71/><E120/><V43/><F10/><W33/><G5/><T61/><D53/><U8/><E112/><V118/><F118/><W134/><G134/><T86/><D95/><U1/><E104/><V110/><F110/><W56/><G91/><T96/><D96/><U63/><E79/><V23/><F31/><W49/><G101/><T131/><D131/><U38/><E38/><V109/><F115/><W13/><G26/><T72/><D72/><U127/><E51/><V60/><REACH who="2" step="1"/><F109/><REACH who="2" ten="154,450,97,279" step="2"/><W132/><G132/><T77/><REACH who="0" step="1"/><D66/><REACH who="0" ten="144,450,97,279" step="2"/><U20/><E1/><V73/><F73/><W102/><G107/><T3/><D3/><U25/><E2/><V113/><F113/><W76/><G105/><T28/><D28/><U124/><E127/><V55/><F55/><W67/><G67/><T114/><D114/><U88/><E124/><V65/><F65/><W119/><G54/><T97/><D97/><U122/><E98/><V64/><F64/><W117/><G117/><T15/><D15/><U126/><E126/><V129/><F129/><W48/><G12/><T70/><D70/><U57/><E71/><V35/><F35/><W6/><G13/><T19/><D19/><U29/><E68/><V116/><F116/><W85/><G16/><T130/><D130/><U50/><E29/><V75/><F75/><W41/><G119/><T69/><D69/><U34/><E34/><V103/><F103/><W18/><G102/><T94/><D94/><RYUUKYOKU ba="1,3" sc="144,15,450,-15,97,15,279,-15" hai0="27,30,32,37,40,46,61,62,77,80,83,86,87" hai2="22,23,36,42,43,44,45,52,58,60,81,84,90" /><INIT seed="4,2,3,3,1,116" ten="159,435,112,264" oya="0" hai0="88,112,11,119,64,67,70,17,25,5,92,97,83" hai1="124,13,69,59,8,91,121,15,65,12,51,79,133" hai2="122,127,19,125,14,107,33,104,126,128,55,106,101" hai3="7,34,23,76,46,135,66,74,6,63,30,103,75"/><T115/><D119/><U0/><E124/><V60/><F33/><W37/><G34/><T93/><D70/><U113/><E133/><V90/><F128/><W132/><G103/><T86/><D93/><U22/><E79/><V62/><F101/><W85/><G85/><T120/><D120/><U99/><E22/><V123/><F90/><W89/><G89/><T84/><D84/><U98/><E91/><V110/><F110/><W50/><G37/><T78/><D25/><U52/><E121/><N who="2" m="46091" /><F55/><W44/><G44/><T31/><D31/><U108/><E108/><V131/><F131/><W36/><G30/><T77/><D17/><U49/><E52/><V2/><F2/><W56/><G76/><T10/><D78/><U105/><E0/><V28/><F28/><W80/><G75/><T118/><D118/><U96/><E98/><V45/><F45/><W40/><G74/><T71/><D11/><AGARI ba="2,3" hai="11,14,19,60,62,104,106,107,125,126,127" m="46091" machi="11" ten="40,8000,1" yaku="18,1,52,3" doraHai="116" who="2" fromWho="0" sc="159,-86,435,0,112,116,264,0" /><INIT seed="5,0,0,0,2,64" ten="73,435,228,264" oya="1" hai0="25,49,129,116,42,2,111,39,98,59,33,45,41" hai1="123,120,89,77,54,0,100,128,88,28,63,16,85" hai2="32,97,34,121,31,81,133,84,126,96,125,104,35" hai3="109,50,52,44,135,53,87,68,92,70,86,56,51"/><U82/><E128/><V3/><F121/><W66/><G87/><T8/><D111/><U7/><E28/><V47/><F3/><W71/><G109/><T105/><D116/><U130/><E100/><V58/><F133/><W106/><G106/><T117/><D117/><U108/><E130/><V95/><F104/><W14/><G14/><T119/><D119/><U107/><E107/><V9/><F9/><W15/><G15/><T22/><D129/><U57/><E108/><V80/><F31/><W99/><G86/><T113/><D113/><U65/><E7/><V23/><F23/><W79/><G79/><T112/><D112/><U103/><E103/><V132/><F132/><W13/><G13/><T127/><D33/><U90/><E0/><V122/><F122/><W124/><G124/><T30/><D127/><U62/><REACH who="1" step="1"/><E16/><REACH who="1" ten="73,425,228,264" step="2"/><V46/><F125/><W38/><G135/><T6/><D105/><U114/><E114/><V83/><F126/><W93/><G93/><T101/><D101/><U4/><E4/><V37/><F95/><W10/><G10/><T78/><D8/><U60/><E60/><V131/><F131/><W29/><G29/><T94/><D6/><U1/><E1/><V19/><F19/><W102/><REACH who="3" step="1"/><G38/><REACH who="3" ten="73,425,228,254" step="2"/><T91/><D2/><U18/><E18/><V11/><F37/><W134/><G134/><T26/><D39/><U115/><E115/><V61/><F11/><W48/><G48/><T17/><D30/><U36/><E36/><V74/><F34/><W72/><G72/><T20/><D49/><U118/><E118/><V43/><F74/><RYUUKYOKU ba="0,2" sc="73,-15,425,15,228,-15,254,15" hai1="54,57,62,63,65,77,82,85,88,89,90,120,123" hai3="44,50,51,52,53,56,66,68,70,71,92,99,102" /><INIT seed="5,1,2,4,0,59" ten="58,440,213,269" oya="1" hai0="73,77,121,3,50,14,9,80,58,13,128,57,83" hai1="32,17,96,53,10,87,102,24,49,69,75,95,79" hai2="43,34,120,25,68,85,129,130,132,35,116,61,81" hai3="110,30,88,8,108,91,104,70,20,126,82,11,113"/><U131/><E131/><V16/><F116/><W38/><G38/><T46/><D128/><N who="2" m="49258" /><F120/><W86/><G113/><T19/><D121/><U109/><E109/><V72/><F72/><W92/><G126/><T41/><D3/><U67/><E75/><V127/><F43/><W74/><G70/><T122/><D122/><U4/><E79/><N who="2" m="46271" /><F132/><W5/><G104/><T105/><D105/><U15/><E87/><V106/><F106/><W66/><G66/><T135/><D80/><U39/><E39/><V0/><F0/><W60/><G11/><T107/><D107/><U112/><E112/><V44/><F44/><W40/><G40/><T62/><D135/><U118/><E118/><V119/><F127/><W21/><G74/><T55/><D9/><U52/><E49/><V54/><F119/><W26/><G21/><T29/><D29/><U2/><E32/><V63/><F54/><W48/><G48/><T22/><REACH who="0" step="1"/><D57/><REACH who="0" ten="48,440,213,269" step="2"/><U45/><E2/><V12/><F68/><W42/><G108/><T94/><D94/><U23/><REACH who="1" step="1"/><E45/><REACH who="1" ten="48,430,213,269" step="2"/><V103/><F34/><W56/><G110/><T76/><D76/><U124/><E124/><V90/><F35/><W28/><G82/><T117/><D117/><U97/><E97/><V89/><F103/><W133/><G133/><T1/><D1/><U101/><E101/><V93/><F93/><W125/><G92/><T111/><D111/><U31/><E31/><V47/><F47/><W100/><G30/><T65/><D65/><U36/><E36/><V6/><F90/><W84/><G91/><T27/><AGARI ba="1,4" hai="13,14,19,22,27,41,46,50,55,58,62,73,77,83" machi="27" ten="20,5200,0" yaku="1,1,0,1,7,1,52,1,53,0" doraHai="59" doraHaiUra="123" who="0" fromWho="0" sc="48,95,430,-27,213,-14,269,-14" /><INIT seed="6,0,0,0,1,85" ten="143,403,199,255" oya="2" hai0="93,39,102,91,84,31,4,81,2,90,116,97,64" hai1="52,111,74,106,110,127,1,63,27,68,58,29,100" hai2="49,50,28,61,135,21,30,22,26,20,69,131,24" hai3="11,95,37,82,44,56,88,87,77,129,122,32,17"/><V3/><F3/><W130/><G122/><T124/><D39/><U7/><E74/><V55/><F131/><W54/><G32/><T115/><D31/><U0/><E127/><V66/><F135/><W80/><G80/><T18/><D124/><U16/><E68/><V45/><REACH who="2" step="1"/><F49/><REACH who="2" ten="143,403,189,255" step="2"/><W86/><G37/><T89/><D116/><U35/><E0/><V79/><F79/><W104/><G129/><T5/><D115/><U101/><E1/><V42/><F42/><W70/><G130/><T113/><D113/><U9/><E110/><V19/><F19/><W40/><G40/><T10/><D5/><U132/><E111/><V119/><F119/><W8/><G17/><T13/><REACH who="0" step="1"/><D64/><REACH who="0" ten="133,403,189,255" step="2"/><U114/><E7/><V96/><F96/><W75/><G77/><T14/><D14/><U48/><E114/><V60/><F60/><W53/><G75/><T107/><D107/><U118/><E106/><V109/><F109/><W98/><G104/><T12/><D12/><U36/><E118/><V67/><F67/><W34/><G98/><T99/><D99/><U123/><E63/><V38/><F38/><W105/><G105/><T47/><D47/><U121/><E36/><V6/><F6/><W128/><G44/><T78/><D78/><U65/><E65/><V23/><AGARI ba="0,2" hai="20,21,22,23,24,26,28,30,45,50,55,61,66,69" machi="23" ten="20,7800,0" yaku="1,1,0,1,7,1,9,1,53,0" doraHai="85" doraHaiUra="71" who="2" fromWho="2" sc="133,-26,403,-26,189,98,255,-26" /><INIT seed="6,1,0,2,0,39" ten="107,377,287,229" oya="2" hai0="90,35,76,65,5,67,78,23,25,45,2,29,105" hai1="41,130,94,57,4,88,6,19,112,34,120,87,107" hai2="134,133,14,32,109,99,40,11,129,128,37,70,42" hai3="31,127,44,104,117,3,85,43,12,7,28,16,83"/><V81/><F70/><W80/><G127/><T20/><D105/><U53/><E112/><V116/><F116/><W13/><G104/><T62/><D65/><U123/><E130/><N who="2" m="50283" /><F32/><W91/><G117/><T96/><D2/><U89/><E107/><V135/><F109/><W115/><G115/><T54/><D5/><U132/><E132/><V66/><F66/><W72/><G3/><T33/><D33/><U48/><E34/><V52/><F37/><W30/><G7/><T131/><D131/><U102/><E102/><V64/><F64/><W111/><G111/><T27/><D35/><U17/><E41/><V114/><F114/><W10/><G12/><T15/><D15/><U55/><E6/><N who="2" m="3447" /><F99/><W69/><G69/><T84/><D67/><U51/><E4/><V8/><F8/><W1/><G1/><T118/><D118/><U74/><E74/><V124/><F124/><W119/><G119/><T79/><D96/><U82/><E123/><V95/><F95/><W68/><G68/><T60/><D54/><U61/><E120/><V63/><F81/><W26/><G72/><T106/><D106/><U126/><E126/><V71/><F71/><W38/><REACH who="3" step="1"/><G80/><REACH who="3" ten="107,377,287,219" step="2"/><N who="0" m="49415" /><D45/><N who="1" m="27791" /><E61/><V100/><F100/><W77/><G77/><N who="0" m="19715" /><T86/><DORA hai="75" /><D86/><AGARI ba="1,1" hai="17,19,51,55,57,82,86,87,88,89,94" m="27791" machi="86" ten="30,2000,0" yaku="8,1,54,1" doraHai="39,75" who="1" fromWho="0" sc="107,-23,377,33,287,0,219,0" /><INIT seed="7,0,0,2,5,89" ten="84,410,287,219" oya="3" hai0="17,100,83,128,59,131,114,61,57,25,46,88,16" hai1="77,13,108,50,40,6,73,76,105,67,43,119,93" hai2="66,81,96,106,116,111,117,22,118,8,19,37,32" hai3="104,12,23,126,58,85,75,31,7,3,47,71,0"/><W113/><G75/><T86/><D128/><U60/><E108/><V68/><F111/><W99/><G71/><T30/><D131/><U135/><E105/><V95/><F32/><W127/><G58/><T20/><D114/><U124/><E124/><N who="3" m="47658" /><G85/><T2/><D2/><U1/><E1/><V79/><F37/><W110/><G47/><T34/><D34/><U44/><E43/><V91/><F106/><W51/><G51/><T62/><D46/><U53/><E73/><V38/><F38/><W72/><G72/><T92/><D100/><U28/><E28/><V18/><F8/><N who="3" m="4127" /><G110/><T129/><D129/><U64/><E64/><V84/><REACH who="2" step="1"/><F22/><REACH who="2" ten="84,410,277,219" step="2"/><W41/><G41/><T121/><D121/><U11/><E40/><V133/><F133/><W82/><G82/><T69/><D83/><U134/><E135/><V101/><F101/><N who="3" m="62527" /><G113/><T48/><D69/><U5/><E134/><V125/><F125/><W52/><G52/><N who="0" m="34023" /><D48/><U26/><E53/><V55/><F55/><W49/><G49/><T115/><D115/><U14/><E50/><V80/><F80/><W10/><G0/><T98/><D86/><U70/><E70/><V35/><F35/><W132/><G132/><T36/><D36/><U65/><E44/><V94/><F94/><W24/><G3/><T123/><D123/><U9/><E93/><V56/><F56/><W107/><G107/><T130/><D130/><U112/><E112/><V39/><F39/><W122/><G122/><T15/><D15/><U90/><E60/><AGARI ba="0,1" hai="18,19,60,66,68,79,81,84,91,95,96,116,117,118" machi="60" ten="40,2600,0" yaku="1,1,52,1,53,0" doraHai="89" doraHaiUra="33" who="2" fromWho="1" sc="84,0,410,-26,277,36,219,0" owari="84,-41.6,384,48.4,313,11.3,219,-18.1" /></mjloggm>