<mjloggm ver="2.3"><GO type="169" lobby="0"/><UN n0="%E3%83%A1%E3%82%BF%E3%82%B9%E3%82%B3%E3%82%A2" n1="%6B%75%72%69%73%75" n2="%E3%81%A8%E3%82%8D%E3%82%8D%E3%81%9D%E3%81%B0" n3="%E3%81%9B%E3%81%A9%E3%81%AA%E3%82%8A%E3%81%82%E3%82%93" dan="17,16,17,17" rate="2133.79,2146.12,2235.25,2204.41" sx="M,F,M,F"/><TAIKYOKU oya="0"/><INIT seed="0,0,0,3,2,110" ten="250,250,250,250" oya="0" hai0="45,1,95,106,11,16,89,83,26,84,75,55,85" hai1="41,56,67,35,4,43,69,60,10,33,88,113,18" hai2="71,32,38,37,116,7,24,49,115,53,9,21,15" hai3="20,86,99,34,58,50,132,125,102,123,121,6,19"/><T62/><D106/><U131/><E131/><V103/><F71/><W119/><G119/><T114/><D114/><U70/><E18/><V48/><F116/><W0/><G34/><T87/><D75/><U40/><E113/><V47/><F115/><W111/><G111/><T108/><D1/><U126/><E126/><V65/><F65/><W3/><G132/><T22/><D108/><U127/><E127/><V36/><F103/><W92/><G125/><T107/><D107/><U46/><E46/><V27/><F32/><W5/><G0/><T68/><D68/><U134/><E134/><V57/><REACH who="2" step="1"/><F21/><REACH who="2" ten="250,250,240,250" step="2"/><W118/><G118/><T96/><D11/><U76/><E69/><V73/><F73/><W59/><G121/><T63/><D83/><U39/><E70/><V23/><F23/><W81/><G123/><T25/><D25/><U74/><E74/><V90/><F90/><W80/><G80/><T117/><D117/><U44/><E35/><V79/><F79/><W64/><G64/><T78/><D78/><U120/><E76/><V112/><F112/><W122/><G122/><T130/><D130/><U17/><E33/><V97/><F97/><W14/><G81/><T91/><D91/><U77/><E77/><V135/><F135/><W54/><G86/><T105/><D105/><U42/><E120/><V61/><F61/><N who="3" m="36055" /><G3/><T30/><D63/><U129/><E129/><V124/><F124/><W100/><G100/><T52/><D62/><U98/><E98/><V128/><F128/><W94/><G94/><T2/><D96/><U29/><E67/><V72/><F72/><RYUUKYOKU ba="0,1" sc="250,-15,250,-15,240,15,250,15" hai2="7,9,15,24,27,36,37,38,47,48,49,53,57" hai3="5,6,14,19,20,50,59,92,99,102" /><INIT seed="1,1,1,3,3,128" ten="235,235,255,265" oya="1" hai0="41,57,19,67,124,2,65,44,85,7,26,117,101" hai1="32,131,127,35,62,97,31,64,120,71,33,3,49" hai2="100,21,115,1,68,103,78,126,37,55,134,38,102" hai3="74,43,28,66,22,76,54,94,92,111,15,24,30"/><U129/><E120/><V18/><F1/><W0/><G0/><T121/><D117/><U48/><E3/><V87/><F68/><W70/><G43/><T86/><D124/><U106/><E127/><V133/><F126/><W6/><G30/><T25/><D121/><U34/><E34/><V56/><F115/><W79/><G70/><T108/><D108/><U12/><E12/><V42/><F78/><W69/><G69/><T104/><D104/><U51/><REACH who="1" step="1"/><E31/><REACH who="1" ten="235,225,255,265" step="2"/><V113/><F113/><W105/><G15/><T29/><D2/><U40/><E40/><V46/><F38/><W50/><G28/><T23/><D29/><U53/><E53/><V96/><F96/><W109/><G54/><T10/><D41/><U27/><E27/><V81/><F81/><W122/><G24/><T60/><D26/><U99/><E99/><V82/><F82/><W58/><G122/><T118/><D65/><U63/><E63/><V95/><F95/><W16/><G66/><T91/><D67/><U89/><E89/><V83/><F83/><W84/><G92/><T47/><D91/><U123/><E123/><V116/><F116/><W39/><G94/><T72/><D60/><U20/><E20/><V132/><F87/><W125/><G84/><T110/><D85/><U114/><E114/><V112/><F112/><W61/><G39/><T9/><D86/><U77/><E77/><V98/><F98/><W130/><G76/><T135/><D118/><U45/><E45/><V80/><F80/><W36/><G125/><T93/><D47/><U13/><E13/><N who="2" m="9423" /><F55/><W17/><G79/><RYUUKYOKU ba="1,2" sc="235,-15,225,15,255,15,265,-15" hai1="32,33,35,48,49,51,62,64,71,97,106,129,131" hai2="37,42,46,56,100,102,103,132,133,134" /><INIT seed="1,2,2,0,3,44" ten="220,240,270,250" oya="1" hai0="65,82,129,98,66,108,23,36,95,9,57,70,55" hai1="92,53,112,49,5,19,131,127,7,114,59,48,40" hai2="27,132,8,50,6,68,72,126,73,84,106,38,25" hai3="52,35,39,10,43,118,24,18,103,37,121,86,31"/><U47/><E131/><V41/><F38/><W75/><G75/><T113/><D113/><U119/><E119/><V105/><F68/><W58/><G121/><T122/><D108/><U20/><E127/><V110/><F110/><W21/><G118/><T0/><D129/><U16/><E112/><V51/><F126/><W104/><G43/><T71/><D122/><U93/><E114/><V128/><F128/><W61/><G86/><T115/><D115/><U74/><E74/><V100/><F84/><W109/><G109/><T2/><D36/><U45/><E59/><V133/><F41/><W11/><G11/><T81/><D23/><U80/><E80/><V96/><F106/><W85/><G85/><T46/><D46/><U42/><E53/><V13/><F73/><W76/><G76/><T56/><D9/><U69/><REACH who="1" step="1"/><E20/><REACH who="1" ten="220,230,270,250" step="2"/><V99/><F72/><W120/><G120/><T4/><D55/><U30/><E30/><V32/><F32/><W62/><G31/><T130/><D130/><U87/><E87/><V123/><F123/><W135/><G35/><T15/><D98/><U3/><E3/><V83/><F83/><W54/><G10/><T107/><D81/><U64/><E64/><V117/><F117/><W1/><G1/><T60/><D82/><U90/><E90/><V78/><F99/><W12/><G54/><T91/><D2/><U94/><E94/><V28/><F28/><W17/><G52/><T22/><D0/><U88/><E88/><V111/><F111/><W63/><G58/><T33/><D57/><U134/><E134/><N who="2" m="51819" /><F78/><W77/><G135/><RYUUKYOKU ba="2,3" sc="220,-15,230,15,270,15,250,-15" hai1="5,7,16,19,40,42,45,47,48,49,69,92,93" hai2="6,8,13,25,27,50,51,96,100,105" /><INIT seed="1,3,3,0,0,93" ten="205,245,285,235" oya="1" hai0="3,39,105,37,101,100,28,95,22,113,53,71,130" hai1="23,15,90,25,132,9,17,70,99,96,89,16,114" hai2="117,66,26,124,107,7,6,2,50,97,118,110,54" hai3="108,35,51,67,29,32,76,30,48,111,0,125,43"/><U120/><E114/><V63/><F110/><N who="3" m="42027" /><G0/><T121/><D113/><U85/><E120/><V82/><F124/><W60/><G76/><T5/><D71/><U87/><E70/><V61/><F82/><W123/><G123/><T59/><D130/><U83/><E132/><V69/><F63/><W74/><G74/><T75/><D75/><U122/><E122/><V14/><F2/><W84/><G84/><T33/><D33/><N who="3" m="12873" /><G125/><T64/><D121/><U92/><AGARI ba="3,3" hai="9,15,16,17,23,25,83,85,87,89,90,92,96,99" machi="92" ten="20,18000,2" yaku="0,1,7,1,8,1,52,2,54,1" doraHai="93" who="1" fromWho="1" sc="205,-63,245,219,285,-63,235,-63" /><INIT seed="1,4,0,3,3,56" ten="142,464,222,172" oya="1" hai0="72,40,58,85,5,116,86,37,77,22,123,115,118" hai1="24,107,132,106,76,14,61,117,46,21,71,17,16" hai2="110,41,18,96,62,81,89,120,130,97,25,104,1" hai3="13,78,92,88,9,100,45,47,60,2,80,131,28"/><U59/><E117/><V23/><F120/><W63/><G2/><T43/><D115/><U98/><E71/><V73/><F1/><W48/><G100/><T27/><D123/><U109/><E132/><V101/><F110/><W50/><G28/><T32/><D32/><U79/><E109/><V30/><F130/><W99/><G131/><T12/><D72/><U87/><E46/><V4/><F4/><W82/><G48/><T42/><D37/><U134/><E134/><V135/><F41/><W34/><G34/><T84/><D77/><U54/><E98/><V83/><F135/><W29/><G29/><T129/><D129/><U15/><E24/><V93/><F73/><W19/><G47/><T68/><D68/><U3/><E3/><V52/><F30/><W105/><G105/><T113/><D113/><U20/><E79/><V69/><F69/><W26/><G26/><T6/><D12/><U33/><E33/><V108/><F108/><W103/><G103/><T51/><D116/><U91/><E76/><V75/><F75/><W7/><G19/><T111/><D111/><U74/><E74/><V55/><F55/><N who="3" m="30159" /><G80/><AGARI ba="4,0" hai="14,15,16,17,20,21,54,59,61,80,87,91,106,107" machi="80" ten="30,11600,0" yaku="7,1,9,1,52,1,54,1" doraHai="56" who="1" fromWho="3" sc="142,0,464,128,222,0,172,-128" /><INIT seed="1,5,0,0,3,60" ten="142,592,222,44" oya="1" hai0="62,33,115,85,131,91,103,0,80,104,92,68,54" hai1="28,26,11,35,1,124,126,75,95,66,125,50,43" hai2="27,108,84,34,122,106,44,78,46,87,86,4,53" hai3="97,74,76,109,51,128,110,48,31,120,70,71,88"/><U130/><E75/><V57/><F106/><W69/><G31/><T73/><D0/><U121/><E121/><V38/><F122/><W61/><G120/><T81/><D33/><U134/><E130/><V10/><F108/><N who="3" m="41579" /><G76/><N who="0" m="44047" /><D54/><U7/><E134/><V8/><F78/><W29/><G29/><T15/><D15/><U49/><E43/><V119/><F119/><W101/><G74/><T113/><D62/><U2/><E2/><V72/><F72/><W18/><G18/><T114/><D68/><N who="3" m="26217" /><G88/><N who="0" m="51247" /><D131/><U99/><E66/><V55/><F34/><W63/><G128/><T16/><D16/><U129/><E129/><V32/><F32/><W96/><G63/><T19/><D19/><U23/><E35/><V24/><F4/><W36/><G36/><T135/><D135/><U107/><E107/><V127/><F38/><W56/><G71/><T20/><D20/><U102/><AGARI ba="5,0" hai="1,7,11,23,26,28,49,50,95,99,102,124,125,126" machi="102" ten="30,3000,0" yaku="0,1,18,1" doraHai="60" who="1" fromWho="1" sc="142,-15,592,45,222,-15,44,-15" /><INIT seed="1,6,0,3,1,120" ten="127,637,207,29" oya="1" hai0="9,13,111,27,79,26,101,60,61,15,87,56,73" hai1="74,124,64,135,41,76,107,72,98,110,58,42,130" hai2="92,63,28,131,132,113,109,18,117,48,104,78,49" hai3="129,106,118,77,69,45,66,112,65,115,16,125,43"/><U38/><E130/><V19/><F104/><W7/><G106/><T34/><D73/><U24/><E124/><V57/><F117/><W127/><G7/><T6/><D101/><U75/><E135/><V33/><F78/><W88/><G77/><T2/><D79/><U8/><E38/><V51/><F113/><W53/><G53/><T123/><D87/><U5/><E76/><V11/><F33/><W17/><G129/><T114/><D60/><U71/><E71/><V55/><F131/><W81/><G118/><T94/><D94/><U103/><E24/><V46/><F28/><W20/><G69/><T99/><D99/><U30/><E30/><V84/><F132/><W85/><G112/><T37/><D37/><U32/><E32/><V89/><F109/><W102/><G102/><T39/><D39/><U54/><E64/><V29/><F29/><W68/><G115/><T40/><D40/><U100/><E110/><V22/><F11/><W31/><G31/><T126/><D126/><N who="3" m="48137" /><G68/><T105/><D114/><U23/><E100/><V90/><F90/><W83/><G83/><T108/><D123/><U14/><REACH who="1" step="1"/><E23/><REACH who="1" ten="127,627,207,29" step="2"/><V10/><F22/><W95/><G81/><T1/><D34/><U52/><E52/><N who="2" m="29719" /><F10/><W35/><G35/><T12/><D9/><U80/><E80/><V59/><F51/><AGARI ba="6,1" hai="5,8,14,41,42,51,54,58,72,74,75,98,103,107" machi="51" ten="40,2000,0" yaku="1,1,53,0" doraHai="120" doraHaiUra="21" who="1" fromWho="2" sc="127,0,627,48,207,-38,29,0" /><INIT seed="1,7,0,1,3,44" ten="127,675,169,29" oya="1" hai0="108,55,120,126,26,16,38,31,116,125,4,28,70" hai1="20,85,1,113,51,103,11,2,47,96,18,91,12" hai2="122,74,98,100,54,25,95,37,75,115,69,64,23" hai3="93,73,53,40,30,19,131,83,135,17,35,90,134"/><U80/><E113/><V130/><F122/><W111/><G40/><T3/><D70/><U99/><E20/><V110/><F37/><W0/><G0/><T107/><D107/><U22/><E22/><V132/><F115/><W133/><G111/><T6/><D38/><U124/><E124/><N who="0" m="47721" /><D55/><U101/><E99/><V49/><F110/><W59/><G131/><T123/><D108/><U109/><E101/><V97/><F130/><W118/><G118/><T41/><D41/><U106/><REACH who="1" step="1"/><E109/><REACH who="1" ten="127,665,169,29" step="2"/><V129/><F98/><N who="3" m="57655" /><G35/><T8/><D120/><U10/><E10/><V71/><F129/><W32/><G32/><T52/><D123/><U46/><E46/><V39/><F23/><W81/><G30/><T62/><D31/><U61/><E61/><V57/><F100/><W34/><G34/><T14/><D28/><U84/><E84/><V94/><F97/><W127/><G127/><T82/><D8/><U112/><E112/><V89/><F75/><W78/><G81/><T105/><D82/><U36/><E36/><V92/><F39/><W128/><G128/><T102/><D62/><AGARI ba="7,1" hai="17,19,53,59,62,73,78,83,133,134,135" m="57655" machi="62" ten="30,1000,0" yaku="20,1" doraHai="44" who="3" fromWho="0" sc="127,-31,665,0,169,0,29,41" /><INIT seed="2,0,0,1,0,112" ten="96,665,169,70" oya="2" hai0="63,116,72,71,120,27,33,16,61,57,40,28,44" hai1="13,49,74,38,101,23,17,77,107,70,80,39,69" hai2="126,7,35,105,109,117,31,64,88,94,10,102,43" hai3="118,95,76,75,62,18,129,48,92,60,45,26,73"/><V68/><F43/><W58/><G129/><T8/><D120/><U67/><E49/><V113/><F113/><W51/><G18/><T87/><D72/><U111/><E111/><V108/><F126/><W52/><G26/><T25/><D71/><U54/><E54/><V86/><F35/><W34/><G34/><T66/><D63/><U22/><E22/><V91/><F31/><W55/><G76/><T11/><D116/><U5/><E5/><V115/><F115/><W90/><G118/><T121/><D121/><U3/><E3/><V103/><F105/><W53/><G92/><T85/><D11/><U123/><E123/><V131/><BYE who="1" /><F91/><W21/><G21/><T81/><D81/><U100/><E100/><V110/><F131/><W2/><G2/><T36/><REACH who="0" step="1"/><D27/><REACH who="0" ten="86,665,169,70" step="2"/><UN n1="%6B%75%72%69%73%75" /><U97/><REACH who="1" step="1"/><E67/><REACH who="1" ten="86,655,169,70" step="2"/><V114/><F114/><W99/><REACH who="3" step="1"/><G60/><REACH who="3" ten="86,655,169,60" step="2"/><T79/><D79/><U0/><E0/><N who="2" m="359" /><F117/><W9/><G9/><T1/><D1/><U84/><E84/><V65/><F65/><W59/><AGARI ba="0,3" hai="45,48,51,52,53,55,58,59,62,73,75,90,95,99" machi="59" ten="20,5200,0" yaku="1,1,0,1,7,1,54,1,53,0" doraHai="112" doraHaiUra="83" who="3" fromWho="3" sc="86,-13,655,-13,169,-26,60,82" /><INIT seed="3,0,0,4,4,67" ten="73,642,143,142" oya="3" hai0="65,117,73,14,121,64,116,8,17,130,57,7,30" hai1="20,90,108,93,43,21,36,76,115,60,69,109,89" hai2="74,51,86,85,44,35,49,107,71,19,33,83,88" hai3="128,118,111,11,32,50,101,125,113,61,4,70,91"/><W122/><G113/><T78/><D121/><U132/><E115/><V106/><F74/><W13/><G118/><T31/><D130/><U100/><E100/><V18/><F71/><W131/><G122/><T46/><D73/><U82/><E132/><V15/><F51/><W39/><G39/><T96/><D78/><U68/><E43/><V92/><F35/><W114/><G114/><T84/><D84/><N who="1" m="48199" /><E36/><V37/><F33/><W133/><G32/><T45/><D116/><U119/><E90/><V12/><F12/><W94/><G101/><T56/><D7/><U104/><E104/><V63/><F63/><W127/><G50/><T2/><D2/><U26/><E60/><V10/><F19/><W29/><G29/><N who="0" m="10763" /><D96/><N who="1" m="57391" /><E20/><V41/><REACH who="2" step="1"/><F37/><REACH who="2" ten="73,642,133,142" step="2"/><W6/><G6/><T120/><D117/><U23/><E119/><V129/><F129/><N who="3" m="49739" /><G133/><T105/><D120/><U24/><E24/><V123/><F123/><W58/><G70/><T124/><D14/><U134/><E134/><V54/><F54/><N who="3" m="34007" /><G111/><N who="1" m="42570" /><E21/><V40/><F40/><W25/><G25/><T3/><D3/><U59/><E59/><V47/><F47/><W87/><AGARI ba="0,1" hai="4,11,13,87,91,94,125,127" m="34007,49739" machi="87" ten="30,1500,0" yaku="19,1" doraHai="67" who="3" fromWho="3" sc="73,-5,642,-5,133,-5,142,25" /><INIT seed="3,1,0,1,0,88" ten="68,637,128,167" oya="3" hai0="59,126,58,33,103,28,91,36,100,99,102,17,48" hai1="37,131,44,117,92,77,94,6,70,128,110,127,120" hai2="79,40,104,27,66,101,107,30,26,89,122,43,65" hai3="78,112,56,45,85,49,62,55,67,60,72,51,81"/><W114/><G72/><T57/><D36/><U123/><E70/><V87/><F79/><W16/><G62/><T1/><D1/><U9/><E110/><V15/><F122/><W64/><G64/><T96/><D126/><U3/><E127/><V46/><F15/><W23/><REACH who="3" step="1"/><G51/><REACH who="3" ten="68,637,128,157" step="2"/><T69/><D48/><U35/><E123/><V90/><F66/><W18/><G18/><T4/><D17/><U109/><E120/><V13/><F65/><W130/><G130/><T73/><D73/><U75/><E128/><V14/><F30/><W8/><G8/><T32/><D69/><U95/><E131/><V25/><F25/><AGARI ba="1,1" hai="16,23,25,45,49,55,56,60,67,78,81,85,112,114" machi="25" ten="30,11600,0" yaku="1,1,7,1,54,1,53,1" doraHai="88" doraHaiUra="53" who="3" fromWho="2" sc="68,0,637,0,128,-119,157,129" /><INIT seed="3,2,0,5,2,12" ten="68,637,9,286" oya="3" hai0="15,31,90,87,68,50,110,65,74,26,128,13,70" hai1="46,81,2,106,79,111,51,86,118,72,0,33,114" hai2="133,47,49,121,17,97,23,132,88,116,11,98,64" hai3="56,6,3,25,44,102,100,101,9,109,122,131,115"/><W124/><G115/><T27/><D110/><U58/><E114/><V20/><F116/><W105/><G122/><T135/><D74/><U119/><E33/><V95/><F64/><W41/><G124/><T16/><D128/><U28/><E28/><V61/><F61/><W94/><G105/><T32/><D135/><N who="2" m="51786" /><F121/><W55/><G131/><T117/><D117/><N who="1" m="44555" /><E111/><V92/><F11/><W78/><G78/><T103/><D103/><U80/><E58/><V63/><F63/><W85/><G109/><T1/><D1/><U83/><E106/><V48/><F23/><W59/><G55/><T54/><D15/><U34/><E34/><V134/><N who="2" m="51794" /><V69/><DORA hai="127" /><F69/><W14/><G3/><N who="1" m="1066" /><E72/><V84/><F95/><W104/><G104/><T30/><D65/><U37/><E37/><V19/><F49/><W21/><G94/><T108/><D108/><U126/><E126/><V75/><F75/><W96/><G96/><N who="2" m="36969" /><F20/><W120/><G120/><T39/><D39/><U7/><E7/><V45/><F45/><W10/><G10/><T123/><D123/><U53/><AGARI ba="2,0" hai="46,51,53,79,80,81,83,86" m="1066,44555" machi="53" ten="30,1100,0" yaku="12,1" doraHai="12,127" who="1" fromWho="1" sc="68,-5,637,17,9,-5,286,-7" /><INIT seed="4,0,0,5,5,104" ten="63,654,4,279" oya="0" hai0="95,54,101,36,87,42,38,100,10,133,106,13,98" hai1="80,115,110,70,58,103,85,123,128,19,41,68,0" hai2="57,44,35,53,7,126,65,46,82,28,117,64,84" hai3="75,31,14,94,135,132,9,120,66,107,92,131,88"/><T45/><D133/><N who="3" m="51273" /><G107/><T20/><D20/><U102/><E123/><V81/><F35/><W105/><G105/><T32/><D32/><U118/><E110/><V119/><F28/><W55/><G66/><N who="2" m="25705" /><F7/><W112/><G112/><T127/><D127/><U16/><E0/><V56/><F126/><W109/><G131/><T40/><D54/><U4/><E4/><V12/><F12/><W121/><G31/><T33/><D33/><U27/><E118/><N who="2" m="45067" /><F84/><N who="3" m="52231" /><G94/><T78/><D100/><U63/><E128/><V23/><F23/><W62/><G75/><T129/><D129/><U86/><E115/><V52/><F82/><W59/><G109/><T34/><D34/><U67/><E102/><V47/><F81/><W97/><G97/><T89/><D78/><U22/><E103/><V73/><F73/><W77/><G77/><T43/><REACH who="0" step="1"/><D38/><REACH who="0" ten="53,654,4,279" step="2"/><U17/><E22/><V125/><F125/><W83/><G120/><T5/><AGARI ba="0,1" hai="5,10,13,36,40,42,43,45,87,89,95,98,101,106" machi="5" ten="20,18000,2" yaku="1,1,2,1,0,1,7,1,53,3" doraHai="104" doraHaiUra="39" who="0" fromWho="0" sc="53,190,654,-60,4,-60,279,-60" owari="243,4.3,594,69.4,-56,-55.6,219,-18.1" /></mjloggm>