<mjloggm ver="2.3"><GO type="169" lobby="0"/><UN n0="%62%69%70%73%64" n1="%E3%81%88%E3%81%8C%E3%82%8F%E3%82%8A%E3%81%8A" n2="%E4%B9%9D%E7%B4%8B%E9%BE%8D%E5%8F%B2%E9%80%B2" n3="%E3%81%AE%E3%81%AF%E3%81%A3%E3%81%A1" dan="18,16,19,16" rate="2270.19,2133.21,2330.61,2148.94" sx="M,M,M,M"/><TAIKYOKU oya="0"/><INIT seed="0,0,0,2,0,27" ten="250,250,250,250" oya="0" hai0="79,23,36,133,126,42,60,52,77,97,43,132,20" hai1="115,98,28,87,25,64,116,76,111,118,41,45,29" hai2="129,130,4,95,18,56,2,22,109,16,63,39,62" hai3="33,11,93,74,100,37,82,71,84,106,89,73,35"/><T66/><D126/><U67/><E111/><V46/><F109/><W113/><G113/><T135/><D97/><U10/><E115/><V121/><F121/><W88/><G37/><T117/><D117/><U44/><E98/><V30/><F95/><W108/><G71/><T3/><D3/><U21/><E10/><N who="2" m="2327" /><F46/><N who="1" m="18025" /><E118/><V99/><F39/><W70/><G70/><T13/><D36/><U12/><E116/><V51/><F51/><W1/><G11/><T96/><D96/><U112/><E112/><V91/><F91/><W19/><G19/><N who="2" m="7209" /><F99/><N who="3" m="61727" /><G1/><T17/><D20/><U101/><E12/><V134/><F134/><W69/><G33/><T119/><D119/><U75/><E75/><N who="3" m="28682" /><G35/><T110/><D110/><U5/><E5/><V31/><F22/><W24/><G69/><N who="0" m="42183" /><D52/><U6/><E101/><V50/><F50/><W57/><G57/><T131/><D42/><U9/><E41/><V125/><F62/><W103/><G108/><T7/><D43/><U78/><E67/><N who="2" m="39399" /><F125/><W65/><G65/><T86/><D7/><U38/><E64/><V102/><F102/><W120/><G24/><T40/><D40/><U83/><E38/><V59/><F59/><W114/><G103/><T81/><D77/><U34/><E76/><V58/><F58/><W123/><G114/><T68/><D68/><U124/><E124/><V54/><F54/><W0/><G0/><T8/><D8/><U47/><E47/><V128/><AGARI ba="0,0" hai="30,31,128,129,130" m="39399,7209,2327" machi="128" ten="40,8000,1" yaku="19,1,52,2,54,1" doraHai="27" who="2" fromWho="2" sc="250,-40,250,-20,250,80,250,-20" /><INIT seed="1,0,0,0,2,51" ten="210,230,330,230" oya="1" hai0="29,68,93,25,36,63,57,109,34,71,118,85,69" hai1="35,97,10,27,60,110,106,90,12,9,66,15,65" hai2="95,0,92,126,113,58,114,6,67,132,102,127,88" hai3="117,115,14,46,135,120,52,21,28,31,128,75,121"/><U125/><E125/><N who="2" m="47627" /><F132/><W96/><G115/><N who="2" m="44041" /><F0/><W40/><G75/><T42/><D109/><U84/><E110/><V76/><F6/><W133/><G128/><T45/><D118/><U89/><E35/><V123/><F76/><W56/><G117/><T108/><D108/><U81/><E27/><V5/><F5/><W11/><G96/><T82/><D93/><N who="1" m="56495" /><E106/><V119/><F119/><W124/><G124/><T30/><D30/><U38/><E38/><V4/><F4/><W3/><G3/><T94/><D94/><U98/><E98/><N who="2" m="59719" /><F58/><W18/><G120/><T116/><D116/><U105/><E105/><V22/><F22/><W104/><G121/><T101/><D101/><U70/><E70/><V48/><F48/><N who="3" m="30727" /><G21/><T20/><D34/><U77/><E77/><V86/><F67/><N who="1" m="25609" /><E60/><V59/><F59/><W122/><G122/><AGARI ba="0,0" hai="86,88,95,122,123" m="59719,44041,47627" machi="122" ten="30,8000,1" yaku="18,1,11,1,34,2,54,1" doraHai="51" who="2" fromWho="3" sc="210,0,230,0,330,80,230,-80" /><INIT seed="2,0,0,3,1,30" ten="210,230,410,150" oya="2" hai0="103,37,21,92,116,134,135,44,34,60,1,102,99" hai1="71,123,120,25,62,27,0,101,76,88,87,73,93" hai2="47,5,29,17,31,94,4,132,23,110,46,56,38" hai3="36,3,128,68,64,26,61,84,121,75,15,65,118"/><V45/><F38/><W97/><G118/><T24/><D1/><U43/><E0/><V58/><F132/><W133/><G121/><N who="1" m="46666" /><E101/><V35/><F110/><W40/><G75/><T96/><D116/><U13/><E43/><V42/><F42/><W109/><G3/><T33/><D60/><U16/><E76/><V22/><F94/><W72/><G72/><T67/><D67/><N who="1" m="41463" /><E73/><V51/><F51/><W74/><G74/><T19/><D37/><U124/><E124/><V7/><F35/><W77/><G77/><T57/><D57/><N who="2" m="22122" /><F17/><W79/><G79/><T52/><D44/><U95/><E95/><V86/><F86/><W70/><G84/><T20/><D52/><U82/><E93/><V105/><F105/><W81/><G40/><T28/><D99/><U106/><E106/><V49/><F49/><W39/><G97/><T83/><D102/><U10/><AGARI ba="0,0" hai="10,13,16,25,27,82,87,88" m="41463,46666" machi="10" ten="30,4000,0" yaku="13,1,54,2" doraHai="30" who="1" fromWho="1" sc="210,-10,230,40,410,-20,150,-10" /><INIT seed="3,0,0,0,1,133" ten="200,270,390,140" oya="3" hai0="18,85,124,21,61,66,121,91,129,117,69,65,62" hai1="75,23,81,24,17,89,49,7,74,55,96,35,58" hai2="103,11,29,34,57,50,122,108,51,2,90,59,52" hai3="68,27,42,86,116,0,109,46,79,9,131,107,25"/><W67/><G116/><T127/><D121/><U43/><E35/><V112/><F112/><W100/><G131/><T10/><D10/><U70/><E70/><V88/><F108/><W30/><G109/><T94/><D129/><U126/><E7/><V134/><F134/><W118/><G118/><T33/><D33/><U13/><E43/><V20/><F34/><W82/><G9/><T92/><D92/><U48/><E13/><V36/><F36/><W105/><G0/><T123/><D123/><U64/><E64/><V98/><F122/><W77/><G77/><T113/><D113/><U3/><E3/><V99/><F2/><W125/><G25/><T106/><D106/><U14/><E14/><V39/><F39/><W28/><G28/><T41/><D41/><U73/><E48/><V22/><F11/><W111/><G100/><T115/><D117/><U53/><E53/><V132/><F132/><W63/><G111/><T102/><D102/><U135/><E135/><V71/><F71/><W60/><G60/><T80/><D94/><N who="1" m="56399" /><E81/><V37/><F37/><W83/><G83/><T12/><REACH who="0" step="1"/><D115/><REACH who="0" ten="190,270,390,140" step="2"/><U56/><E23/><V1/><F103/><W72/><G107/><T93/><D93/><U84/><E73/><V119/><F119/><W78/><G105/><T16/><D16/><U95/><E74/><V26/><F20/><N who="3" m="15719" /><G72/><T38/><D38/><U19/><E75/><V45/><F22/><W97/><G97/><T6/><D6/><U54/><E17/><V128/><F99/><W15/><G86/><T44/><D44/><U4/><E19/><V101/><F98/><RYUUKYOKU ba="0,1" sc="190,30,270,-10,390,-10,140,-10" hai0="12,18,21,61,62,65,66,69,80,85,91,124,127" /><INIT seed="4,1,1,5,1,113" ten="220,260,380,130" oya="0" hai0="104,65,22,27,69,9,37,21,102,77,23,3,41" hai1="42,107,51,29,118,88,17,82,116,91,28,58,57" hai2="66,25,84,55,99,123,108,96,30,79,12,121,124" hai3="2,101,89,46,103,20,34,45,85,114,14,7,63"/><T135/><D135/><U133/><E107/><V19/><F108/><W13/><G34/><T110/><D110/><U94/><E133/><V8/><F66/><W62/><G2/><T16/><D77/><U74/><E17/><V59/><F124/><W125/><G125/><T50/><D37/><U80/><E51/><V56/><F56/><W32/><G32/><T126/><D126/><U134/><E134/><V60/><F123/><W5/><G20/><T112/><D112/><U61/><E94/><V52/><F55/><W83/><G114/><T49/><D104/><U78/><E78/><V6/><F6/><N who="3" m="2059" /><G14/><N who="0" m="7247" /><D69/><U73/><E61/><N who="3" m="23050" /><G13/><T106/><D106/><U48/><E48/><N who="0" m="18537" /><D3/><U64/><E64/><V43/><F121/><W100/><AGARI ba="1,1" hai="45,46,83,85,89,100,101,103" m="23050,2059" machi="100" ten="30,1100,0" yaku="8,1" doraHai="113" who="3" fromWho="3" sc="220,-6,260,-4,380,-4,130,24" /><INIT seed="5,0,0,3,2,33" ten="214,256,376,154" oya="1" hai0="39,110,29,106,72,55,58,111,78,31,48,20,116" hai1="0,131,44,130,121,49,50,114,102,127,42,26,135" hai2="14,83,61,38,62,12,71,76,120,9,113,97,18" hai3="25,28,74,22,2,69,93,30,37,10,23,84,94"/><U117/><E102/><V51/><F38/><W128/><G74/><T64/><D116/><U85/><E85/><V81/><F120/><W63/><G37/><T34/><D106/><U32/><E32/><V54/><F113/><W7/><G128/><N who="1" m="49194" /><E26/><V13/><F97/><W3/><G3/><T90/><D34/><U87/><E87/><N who="2" m="48551" /><F71/><W59/><G69/><T66/><D39/><N who="1" m="21599" /><E0/><V80/><F80/><W103/><G103/><T98/><D111/><U67/><E117/><V79/><F83/><W4/><G4/><T124/><D110/><U73/><E73/><V99/><F99/><W6/><G6/><T68/><D78/><U47/><E121/><V24/><F79/><W57/><G84/><T119/><D119/><U105/><E105/><V27/><F27/><W35/><G35/><T89/><D89/><U11/><E114/><V21/><F9/><W75/><G75/><T53/><D90/><U126/><E11/><V88/><F88/><W43/><G25/><T82/><D98/><U40/><E135/><V5/><F5/><W15/><G10/><T77/><D77/><U56/><E50/><V132/><F132/><W107/><G107/><T65/><D48/><U104/><E104/><V45/><AGARI ba="0,0" hai="12,13,14,18,21,24,45,51,54,61,62" m="48551" machi="45" ten="30,1100,0" yaku="8,1" doraHai="33" who="2" fromWho="2" sc="214,-3,256,-5,376,11,154,-3" /><INIT seed="6,0,0,1,5,20" ten="211,251,387,151" oya="2" hai0="109,7,14,123,102,60,79,74,63,112,105,13,11" hai1="92,89,53,1,121,52,98,110,95,86,115,67,87" hai2="48,0,49,24,66,19,94,70,23,6,56,41,4" hai3="50,108,132,59,119,88,47,37,97,93,17,25,26"/><V58/><F70/><W55/><G108/><T124/><D123/><U30/><E110/><V16/><F0/><W2/><G119/><T128/><D109/><U73/><E73/><V22/><F94/><W43/><G2/><T75/><D112/><U114/><E1/><V101/><F101/><W117/><G117/><T81/><D75/><U28/><E67/><V135/><F135/><W44/><G132/><T8/><D128/><U100/><E121/><V42/><F66/><W127/><G127/><T72/><D72/><U126/><E126/><V91/><F91/><W38/><G17/><T77/><D77/><U90/><E98/><V33/><F33/><W122/><G122/><T29/><D29/><U27/><REACH who="1" step="1"/><E100/><REACH who="1" ten="211,241,387,151" step="2"/><V40/><F40/><AGARI ba="0,1" hai="25,26,37,38,40,43,44,47,50,55,59,88,93,97" machi="40" ten="40,8000,1" yaku="9,1,52,2,54,1" doraHai="20" who="3" fromWho="2" sc="211,0,241,0,387,-80,151,90" /><INIT seed="7,0,0,5,1,12" ten="211,241,307,241" oya="3" hai0="90,58,91,96,128,29,120,118,112,20,60,122,119" hai1="89,14,22,45,95,94,110,117,37,129,74,70,18" hai2="108,93,51,54,19,28,15,127,71,55,100,46,27" hai3="105,132,62,102,50,116,82,104,85,5,9,24,103"/><W52/><G116/><T88/><D128/><U3/><E110/><V106/><F108/><W81/><G132/><T23/><D112/><U80/><E70/><V121/><F71/><W115/><G115/><T109/><D109/><U97/><E3/><V35/><F127/><W84/><G62/><T32/><D32/><U17/><E129/><V25/><F25/><W40/><G40/><T126/><D126/><U56/><E117/><V31/><F31/><W39/><G39/><T13/><D118/><U61/><E37/><V123/><F106/><W26/><G9/><T59/><D119/><U48/><E74/><V2/><F2/><W53/><REACH who="3" step="1"/><G50/><REACH who="3" ten="211,241,307,231" step="2"/><T4/><D122/><U41/><E41/><V43/><F123/><W34/><G34/><T135/><D120/><U78/><E48/><V130/><F121/><W134/><G134/><T107/><D135/><U64/><E61/><V72/><F130/><W33/><G33/><T6/><D60/><U0/><E22/><V49/><F49/><W38/><G38/><T69/><D69/><U68/><E68/><V111/><F111/><W21/><G21/><T98/><D23/><U57/><E64/><V99/><F72/><W30/><G30/><T65/><D65/><U133/><E133/><V86/><F43/><W77/><G77/><T36/><D36/><U75/><E78/><V67/><F67/><W76/><G76/><T7/><D29/><U131/><E75/><V114/><F114/><W47/><G47/><T83/><D20/><U101/><E45/><V125/><F46/><W66/><G66/><T16/><D58/><RYUUKYOKU ba="0,1" sc="211,-10,241,-10,307,-10,231,30" hai3="5,24,26,52,53,81,82,84,85,102,103,104,105" /><INIT seed="7,1,1,2,4,91" ten="201,231,297,261" oya="3" hai0="125,78,96,19,28,123,7,82,24,90,102,117,101" hai1="32,133,62,51,39,111,46,95,49,69,87,80,79" hai2="88,105,21,55,31,66,56,72,15,17,112,99,12" hai3="38,18,97,131,74,53,29,11,116,64,44,20,16"/><W109/><G116/><T108/><D123/><U115/><E111/><V13/><F72/><W43/><G74/><T45/><D108/><U59/><E32/><V119/><F119/><W86/><G109/><T48/><D117/><U36/><E115/><V30/><F66/><W93/><G131/><T1/><D125/><U8/><E69/><V89/><F112/><W10/><G64/><T65/><D65/><U71/><E71/><V73/><F73/><W67/><G67/><T6/><D19/><N who="3" m="7209" /><G38/><T83/><D78/><U0/><E133/><V34/><F34/><W5/><G43/><T100/><D1/><U76/><E76/><V54/><F54/><W128/><G86/><N who="0" m="50519" /><D83/><U130/><E130/><V127/><F127/><W60/><G5/><N who="0" m="1547" /><D28/><N who="2" m="10794" /><F105/><W4/><G4/><T41/><D24/><U104/><E104/><V129/><F129/><W25/><G128/><T126/><D126/><U84/><E39/><V134/><F134/><W2/><G2/><T3/><D3/><U9/><E36/><V14/><F99/><AGARI ba="1,1" hai="41,45,48,96,99,100,101,102" m="1547,50519" machi="99" ten="30,1000,0" yaku="8,1" doraHai="91" who="0" fromWho="2" sc="201,23,231,0,297,-13,261,0" /><INIT seed="8,0,0,4,2,51" ten="224,231,284,261" oya="0" hai0="90,71,15,130,60,44,122,31,34,74,134,83,116" hai1="118,64,135,104,25,59,28,37,1,6,115,110,109" hai2="58,24,30,35,53,77,120,9,49,113,14,80,92" hai3="100,61,87,67,29,107,123,105,16,96,108,21,84"/><T102/><D122/><U75/><E64/><V112/><F92/><W12/><G108/><T111/><D111/><U131/><E59/><V7/><F120/><W117/><G123/><T124/><D102/><U85/><E85/><AGARI ba="0,0" hai="7,9,14,24,30,35,49,53,58,77,80,85,112,113" machi="85" ten="30,2000,0" yaku="7,1,52,1" doraHai="51" who="2" fromWho="1" sc="224,0,231,-20,284,20,261,0" owari="224,-17.6,211,-28.9,304,40.4,261,6.1" /></mjloggm>