<mjloggm ver="2.3"><GO type="169" lobby="0"/><UN n0="%E9%A6%AC%E5%BC%95%E7%81%AB%33" n1="%E9%B3%B3%E5%8D%97%E3%81%AE%E3%81%B6%E3%81%9F%E3%81%95%E3%82%93" n2="%E7%B4%94%E6%BD%94%E3%83%94%E3%83%A9%E3%83%8B%E3%82%A2" n3="%E3%82%80%E3%81%97%E6%AD%AF" dan="16,18,16,17" rate="2130.96,2249.17,2137.44,2181.89" sx="M,M,M,M"/><TAIKYOKU oya="0"/><INIT seed="0,0,0,5,4,107" ten="250,250,250,250" oya="0" hai0="122,61,25,5,22,114,17,57,123,21,94,60,77" hai1="34,31,132,87,38,23,135,69,79,130,59,10,64" hai2="70,35,16,84,44,81,52,28,32,97,83,91,95" hai3="71,6,19,42,7,14,134,76,40,131,109,116,41"/><T102/><D114/><U0/><E59/><V33/><F70/><W45/><G116/><T47/><D5/><N who="1" m="1319" /><E87/><V30/><F81/><W105/><G105/><T124/><D124/><U56/><E56/><V103/><REACH who="2" step="1"/><F16/><REACH who="2" ten="250,250,240,250" step="2"/><W101/><G19/><T88/><D122/><U11/><E69/><V29/><F29/><W93/><G71/><T108/><D123/><U39/><E31/><V51/><AGARI ba="0,1" hai="28,30,32,33,35,44,51,52,83,84,91,95,97,103" machi="51" ten="40,5200,0" yaku="1,1,0,1,54,1,53,0" doraHai="107" doraHaiUra="117" who="2" fromWho="2" sc="250,-26,250,-13,240,62,250,-13" /><INIT seed="1,0,0,4,3,4" ten="224,237,302,237" oya="1" hai0="114,73,64,20,131,7,24,50,127,92,96,87,28" hai1="10,25,52,56,91,82,71,72,6,44,49,78,62" hai2="116,84,75,3,74,109,100,90,93,51,67,130,45" hai3="105,53,88,15,2,5,60,70,86,41,0,134,69"/><U16/><E71/><V121/><F116/><W125/><G105/><T79/><D114/><U63/><E91/><V120/><F3/><W95/><G125/><T94/><D127/><U129/><E129/><V43/><F130/><W102/><G134/><T113/><D113/><U22/><REACH who="1" step="1"/><E56/><REACH who="1" ten="224,227,302,237" step="2"/><V1/><F90/><W36/><G88/><T83/><D131/><U11/><E11/><V27/><F120/><W81/><G70/><T21/><D79/><U108/><E108/><V17/><F109/><W61/><G69/><T98/><D83/><U110/><E110/><V42/><F121/><W47/><G81/><T19/><D96/><U112/><E112/><V54/><F100/><W65/><G102/><T14/><D98/><U46/><E46/><V111/><F45/><W124/><G47/><T133/><D133/><U33/><E33/><V26/><F111/><W97/><G97/><T12/><D20/><U101/><E101/><V32/><F32/><W31/><G124/><T30/><D21/><U117/><E117/><V89/><F89/><W38/><G95/><T132/><D132/><U80/><E80/><V29/><F93/><W104/><G104/><T57/><D57/><U59/><E59/><V40/><F42/><W68/><G41/><T9/><D92/><U115/><E115/><V99/><F40/><W126/><G126/><T18/><D9/><U34/><E34/><V48/><F43/><W58/><G58/><T35/><D35/><U128/><E128/><V37/><F54/><W77/><G68/><T119/><D119/><U76/><E76/><V85/><F99/><RYUUKYOKU ba="0,1" sc="224,-10,227,30,302,-10,237,-10" hai1="6,10,16,22,25,44,49,52,62,63,72,78,82" /><INIT seed="1,1,1,5,2,71" ten="214,257,292,227" oya="1" hai0="120,42,17,13,113,88,92,77,96,32,0,25,65" hai1="34,132,70,44,21,90,124,58,2,84,49,22,116" hai2="85,72,30,101,12,109,135,36,68,76,123,98,107" hai3="54,103,33,55,8,133,112,60,111,20,47,46,48"/><U37/><E116/><V128/><F12/><W27/><G112/><T66/><D113/><U93/><E34/><V80/><F123/><W127/><G127/><T16/><D0/><U50/><E70/><V94/><F68/><W78/><G133/><T10/><D120/><U108/><E2/><V11/><F11/><W40/><G33/><T97/><D77/><U115/><E115/><V63/><F63/><W79/><G103/><T118/><D118/><U126/><E132/><V62/><F62/><W75/><G111/><T117/><D117/><U110/><E21/><V5/><F5/><W61/><G8/><T73/><D73/><U100/><E100/><V102/><F30/><W6/><G6/><T59/><D42/><N who="1" m="22607" /><E22/><V7/><F36/><W106/><G106/><T82/><D82/><U129/><E129/><V51/><F51/><N who="1" m="19465" /><E58/><V104/><F7/><W114/><G114/><T95/><D59/><U53/><E53/><N who="3" m="19978" /><G75/><T23/><D32/><U122/><E122/><V4/><F4/><W125/><G47/><T69/><D69/><U45/><E45/><V83/><F135/><W15/><G15/><T35/><D35/><U121/><E121/><V9/><F9/><W14/><G14/><T89/><AGARI ba="1,1" hai="10,13,16,17,23,25,65,66,88,89,92,95,96,97" machi="89" ten="20,12000,2" yaku="0,1,7,1,9,1,8,1,54,2" doraHai="71" who="0" fromWho="0" sc="214,133,257,-61,292,-31,227,-31" /><INIT seed="2,0,0,1,3,33" ten="347,196,261,196" oya="2" hai0="1,90,92,93,102,54,63,72,77,100,34,46,109" hai1="51,89,3,94,60,112,96,49,22,79,86,127,97" hai2="28,64,52,91,115,84,113,47,124,125,48,18,26" hai3="65,121,5,134,2,43,7,10,62,104,55,41,74"/><V75/><F75/><W78/><G121/><T23/><D109/><U50/><E112/><V110/><F64/><W11/><G104/><T73/><D34/><U99/><E127/><N who="2" m="48715" /><F18/><W122/><G122/><T40/><D1/><U106/><E106/><V117/><F117/><W17/><G134/><T129/><D129/><U37/><E37/><V131/><F131/><W27/><G55/><T39/><D23/><U0/><E79/><V118/><F118/><W130/><G130/><T21/><D21/><U95/><E95/><N who="2" m="54759" /><F110/><W36/><G27/><T126/><D126/><U35/><E35/><AGARI ba="0,0" hai="26,28,35,47,48,52,113,115" m="54759,48715" machi="35" ten="30,2900,0" yaku="18,1,54,1" doraHai="33" who="2" fromWho="1" sc="347,0,196,-29,261,29,196,0" /><INIT seed="2,1,0,2,4,46" ten="347,167,290,196" oya="2" hai0="26,2,45,29,49,112,40,127,39,77,44,131,113" hai1="52,5,132,67,100,129,31,69,108,0,50,18,30" hai2="16,59,114,17,92,96,27,93,126,116,97,53,115" hai3="42,70,110,11,124,109,37,134,20,68,66,28,106"/><V23/><F116/><W104/><G124/><T64/><D2/><U120/><E100/><V73/><F73/><W33/><G20/><T84/><D127/><U75/><E75/><V85/><F126/><W101/><G11/><T72/><D131/><U95/><E108/><N who="3" m="41578" /><G134/><T10/><D64/><U81/><E129/><V51/><F85/><W4/><G4/><T43/><D10/><U105/><E105/><N who="3" m="40554" /><G101/><T86/><D72/><U82/><E5/><V74/><F74/><W6/><G6/><T41/><D41/><U19/><E0/><V7/><F7/><W78/><G78/><T102/><D102/><U119/><E119/><V94/><REACH who="2" step="1"/><F17/><REACH who="2" ten="347,167,280,196" step="2"/><W103/><G28/><T62/><D84/><U60/><E30/><V65/><F65/><W133/><G66/><T24/><D29/><U21/><E31/><V118/><F118/><W122/><G133/><T8/><D86/><U76/><E132/><V111/><F111/><W56/><G33/><T88/><D112/><AGARI ba="1,1" hai="16,23,27,51,53,59,92,93,94,96,97,112,114,115" machi="112" ten="40,12000,1" yaku="1,1,52,1,54,1,53,1" doraHai="46" doraHaiUra="12" who="2" fromWho="0" sc="347,-123,167,0,280,133,196,0" /><INIT seed="2,2,0,4,1,21" ten="224,167,413,196" oya="2" hai0="4,8,95,81,56,47,102,26,111,28,97,123,78" hai1="24,63,100,0,117,64,86,93,16,126,35,124,82" hai2="112,44,30,70,121,76,135,10,37,77,122,1,116" hai3="119,29,50,53,72,98,34,129,127,107,5,13,89"/><V85/><F112/><W106/><G119/><T68/><D111/><U90/><E0/><V49/><F116/><W61/><G72/><T60/><D123/><U105/><E117/><V91/><F37/><W66/><G127/><N who="1" m="48682" /><E105/><V48/><F70/><W42/><G129/><T83/><D68/><N who="1" m="42015" /><E35/><V15/><F1/><W57/><G42/><T12/><D47/><U134/><E134/><V80/><F49/><W79/><G79/><T101/><D101/><U33/><E33/><V45/><F44/><W55/><G55/><T17/><D4/><U6/><E6/><V96/><F135/><W36/><G36/><T99/><D99/><N who="1" m="59503" /><E16/><V39/><F39/><W132/><G132/><T110/><D110/><U94/><E94/><V73/><F30/><W92/><G5/><T32/><REACH who="0" step="1"/><D78/><REACH who="0" ten="214,167,413,196" step="2"/><U131/><E131/><V31/><F96/><W20/><G98/><T120/><D120/><U88/><E90/><V104/><F121/><W23/><G89/><T51/><D51/><U128/><E128/><V87/><F122/><W40/><G50/><T67/><AGARI ba="2,1" hai="8,12,17,26,28,32,56,60,67,81,83,95,97,102" machi="67" ten="20,8000,1" yaku="1,1,0,1,7,1,52,1,53,1" doraHai="21" doraHaiUra="14" who="0" fromWho="0" sc="214,96,167,-22,413,-42,196,-22" /><INIT seed="3,0,0,4,5,69" ten="310,145,371,174" oya="3" hai0="111,14,31,35,53,114,12,110,88,73,48,60,16" hai1="116,119,25,18,91,112,15,30,26,7,82,124,121" hai2="43,38,29,9,44,123,75,125,42,89,46,70,106" hai3="86,90,37,67,80,104,108,87,76,96,117,122,28"/><W130/><G117/><N who="1" m="45130" /><E91/><V135/><F70/><W63/><G122/><T64/><D73/><U45/><E82/><V40/><F106/><W85/><G130/><T39/><D114/><U8/><E45/><V54/><F125/><W109/><G28/><T13/><D39/><U0/><E121/><V55/><F135/><W19/><G19/><T77/><D77/><U131/><E124/><V32/><F43/><W107/><G37/><T113/><D113/><U92/><E92/><V120/><F9/><W58/><G96/><T105/><D105/><U10/><E112/><V102/><F89/><W36/><G36/><T27/><D88/><U61/><E61/><V22/><F22/><W98/><G107/><T24/><D24/><N who="1" m="9323" /><E30/><V5/><F29/><W52/><G67/><T65/><D16/><U94/><E94/><V100/><F38/><W128/><G128/><AGARI ba="0,0" hai="0,7,8,10,15,18,128,131" m="9323,45130" machi="128" ten="30,3900,0" yaku="12,1,34,2" doraHai="69" who="1" fromWho="3" sc="310,0,145,39,371,0,174,-39" /><INIT seed="4,0,0,0,2,53" ten="310,184,371,135" oya="0" hai0="33,126,100,133,49,110,121,30,96,109,3,54,80" hai1="48,128,90,118,95,82,74,28,101,73,2,107,47" hai2="23,86,135,18,44,83,132,67,64,93,106,134,117" hai3="105,112,97,14,8,50,37,10,31,87,127,9,62"/><T26/><D121/><U46/><E2/><V27/><F106/><W16/><G37/><T58/><D3/><U38/><E118/><V13/><F117/><W35/><G112/><T77/><D126/><U55/><E128/><V76/><F44/><W63/><G127/><T115/><D115/><U78/><E28/><V22/><F93/><W7/><G50/><T120/><D120/><U66/><E66/><V65/><F23/><W99/><G87/><T124/><D124/><U24/><E24/><AGARI ba="0,0" hai="13,18,22,24,27,64,65,67,76,83,86,132,134,135" machi="24" ten="50,1600,0" yaku="20,1" doraHai="53" who="2" fromWho="1" sc="310,0,184,-16,371,16,135,0" /><INIT seed="5,0,0,1,3,4" ten="310,168,387,135" oya="1" hai0="0,103,112,51,13,68,86,121,39,2,99,23,72" hai1="17,41,82,122,134,85,88,56,102,113,34,32,110" hai2="16,64,6,1,59,81,5,128,101,8,91,80,96" hai3="12,97,29,38,33,75,92,115,100,50,42,11,60"/><U40/><E122/><V117/><F117/><W36/><G75/><T9/><D121/><U3/><E3/><V73/><F128/><W74/><G74/><T31/><D72/><U10/><E113/><V48/><F5/><W76/><G115/><T126/><D39/><U132/><E110/><V47/><F91/><W30/><G76/><T124/><D68/><U105/><E105/><V106/><F73/><W98/><G60/><T19/><D112/><U131/><E102/><V27/><F59/><W111/><G111/><T15/><D86/><U44/><E56/><V45/><F64/><W130/><G130/><T43/><D43/><N who="1" m="16459" /><E44/><V67/><F67/><W83/><G83/><T77/><D51/><U93/><E82/><V25/><F45/><N who="3" m="25911" /><G33/><T104/><D77/><U69/><E69/><V66/><F66/><W116/><G116/><T94/><D104/><U90/><E90/><V78/><F78/><W79/><G79/><T120/><D120/><U22/><E131/><V63/><F81/><W123/><G123/><T84/><D84/><U20/><E34/><V62/><F80/><W35/><G35/><T109/><D109/><U89/><E89/><V125/><F63/><W129/><G129/><T108/><D108/><U26/><E32/><V135/><F62/><W58/><G58/><T70/><D70/><U95/><E95/><V54/><F47/><W61/><G61/><T24/><D13/><N who="1" m="7351" /><E26/><V28/><F27/><W57/><G57/><T133/><D133/><AGARI ba="0,0" hai="20,22,85,88,93,132,133,134" m="7351,16459" machi="133" ten="30,5800,0" yaku="20,1,52,1,54,1" doraHai="4" who="1" fromWho="0" sc="310,-58,168,58,387,0,135,0" /><INIT seed="5,1,0,5,1,61" ten="252,226,387,135" oya="1" hai0="11,118,86,0,10,122,49,79,111,112,8,120,95" hai1="82,85,83,94,18,46,123,110,116,31,45,105,44" hai2="38,71,43,100,32,21,92,89,88,19,69,131,78" hai3="108,73,75,54,36,98,90,22,58,133,70,121,57"/><U28/><E116/><V124/><F32/><W2/><G108/><T40/><D111/><U48/><E105/><V68/><F124/><W119/><G121/><N who="0" m="46699" /><D112/><U6/><E123/><V7/><F131/><W3/><G70/><T91/><D118/><U16/><E110/><V37/><F7/><W76/><G119/><T77/><D0/><U101/><E6/><V50/><F78/><N who="0" m="29706" /><D49/><U26/><E48/><V117/><F89/><W96/><G36/><T62/><D62/><U15/><E18/><V12/><F100/><W127/><G127/><T9/><N who="0" m="2048" /><DORA hai="63" /><T5/><D5/><U60/><E60/><V109/><F109/><W125/><G125/><T53/><D53/><U80/><E15/><V55/><F43/><AGARI ba="1,0" hai="40,43,86,91,95" m="2048,29706,46699" machi="43" ten="50,1600,0" yaku="13,1" doraHai="61,63" who="0" fromWho="2" sc="252,19,226,0,387,-19,135,0" /><INIT seed="6,0,0,0,1,58" ten="271,226,368,135" oya="2" hai0="112,45,38,72,41,17,119,23,68,104,125,98,113" hai1="89,111,116,14,24,124,127,109,39,52,60,84,132" hai2="10,33,29,79,50,94,97,123,110,53,11,6,2" hai3="114,28,115,73,57,1,32,55,78,86,5,76,99"/><V19/><F79/><W65/><G65/><T101/><D125/><N who="1" m="48203" /><E116/><V102/><F123/><W30/><G73/><T120/><D120/><U135/><E39/><V121/><F121/><W103/><G5/><T64/><D72/><U66/><E14/><V133/><F133/><N who="1" m="51273" /><E24/><V88/><F110/><W96/><G1/><T25/><D119/><U129/><E52/><V47/><F29/><W134/><G134/><T7/><D7/><U118/><E118/><V75/><F75/><W63/><G96/><T0/><D0/><U48/><E48/><V43/><F33/><W107/><G86/><T69/><D64/><U16/><E16/><V36/><F11/><W87/><G87/><T59/><D59/><N who="1" m="37151" /><E129/><V77/><F19/><W27/><REACH who="3" step="1"/><G30/><REACH who="3" ten="271,226,368,125" step="2"/><T40/><D17/><U3/><E3/><V21/><F2/><W130/><G130/><T71/><D71/><U91/><E91/><V74/><F88/><W37/><G37/><T54/><D38/><U100/><E100/><V9/><F6/><W126/><G126/><T34/><D101/><U85/><E85/><V92/><F74/><W61/><G61/><T122/><D122/><U15/><E15/><V67/><F102/><W44/><G44/><T83/><D45/><U8/><E8/><V13/><F9/><W56/><G56/><T90/><D90/><U22/><E84/><V26/><F10/><W12/><G12/><T18/><D18/><U49/><E89/><V128/><F13/><W105/><G105/><T51/><D104/><U62/><E62/><V81/><F36/><W131/><G131/><T42/><D98/><RYUUKYOKU ba="0,1" sc="271,-10,226,-10,368,-10,125,30" hai3="27,28,32,55,57,63,76,78,99,103,107,114,115" /><INIT seed="7,1,1,3,3,20" ten="261,216,358,155" oya="3" hai0="74,15,42,91,1,96,14,30,103,51,125,60,109" hai1="79,78,9,40,84,134,53,38,69,94,135,68,32" hai2="76,54,114,120,121,112,33,126,7,3,72,65,2" hai3="28,92,98,118,77,11,95,70,24,131,21,108,61"/><W122/><G118/><T58/><D109/><U17/><E32/><V5/><F33/><W6/><G122/><N who="2" m="47209" /><F126/><W25/><G108/><T85/><D30/><U31/><E31/><V55/><F65/><W44/><G131/><T52/><D1/><N who="2" m="10" /><F76/><N who="1" m="29225" /><E53/><N who="2" m="19979" /><F72/><W111/><G111/><T49/><D74/><U93/><E94/><V64/><F64/><W73/><G25/><T80/><D125/><U48/><E17/><V123/><F123/><W102/><G44/><N who="0" m="25751" /><D60/><U86/><E9/><V8/><F8/><W63/><G70/><N who="1" m="27242" /><E38/><V67/><F67/><W101/><G73/><T36/><D36/><U22/><E22/><V81/><F81/><W106/><G77/><T97/><D103/><U34/><E86/><V104/><F104/><W133/><G133/><T129/><D129/><U71/><E40/><V124/><F124/><W82/><G82/><T13/><AGARI ba="1,1" hai="13,14,15,51,52,58,80,85,91,96,97" m="25751" machi="13" ten="30,2000,0" yaku="8,1,54,1" doraHai="20" who="0" fromWho="0" sc="261,33,216,-6,358,-6,155,-11" owari="294,9.4,210,-19.0,352,45.2,144,-35.6" /></mjloggm>