<mjloggm ver="2.3"><GO type="169" lobby="0"/><UN n0="%E3%81%AA%E3%81%8B%E3%81%AE%E3%81%86%E3%81%88" n1="%53%6F%6C%69%64" n2="%70%6F%72%66%65%76%72%65" n3="%E5%B0%8F%E4%B8%89%E5%85%83%E5%8D%97%E5%8D%98%E9%A8%8E" dan="16,17,16,16" rate="2147.83,2160.84,2130.07,2096.37" sx="M,M,M,M"/><TAIKYOKU oya="0"/><INIT seed="0,0,0,2,5,52" ten="250,250,250,250" oya="0" hai0="50,22,23,35,77,62,95,90,49,51,112,106,78" hai1="134,12,70,85,96,13,93,105,127,65,47,63,135" hai2="60,32,122,98,9,44,103,30,10,126,128,59,125" hai3="120,45,104,74,115,56,66,0,84,116,91,29,108"/><T53/><D35/><U130/><E105/><V8/><F122/><W92/><G115/><T7/><D106/><U123/><E123/><V107/><F128/><W79/><G120/><T72/><D112/><U41/><E85/><V133/><F133/><N who="1" m="50697" /><E127/><N who="2" m="48651" /><F44/><W114/><G45/><T6/><D72/><U61/><E61/><V109/><F109/><W69/><G74/><T68/><D68/><U31/><E31/><V20/><F32/><W1/><G29/><T40/><D40/><U118/><E118/><V97/><F98/><W99/><G99/><T27/><D78/><U37/><E130/><V129/><F129/><W131/><G79/><T124/><D77/><U113/><E113/><V2/><F20/><W46/><G108/><T16/><D23/><U54/><E54/><N who="2" m="33911" /><F30/><W83/><G114/><T101/><D101/><AGARI ba="0,0" hai="12,13,37,41,47,63,65,70,93,96,101" m="50697" machi="101" ten="30,1000,0" yaku="20,1" doraHai="52" who="1" fromWho="0" sc="250,-10,250,10,250,0,250,0" /><INIT seed="1,0,0,4,4,63" ten="240,260,250,250" oya="1" hai0="54,10,116,39,92,66,73,96,118,101,90,79,52" hai1="34,60,95,108,4,49,5,55,89,57,25,16,124" hai2="135,94,112,24,13,3,14,22,98,75,82,99,123" hai3="6,32,29,56,23,78,38,41,31,71,44,17,93"/><U80/><E124/><V15/><F3/><W131/><G131/><T30/><D39/><U9/><E108/><V11/><F123/><W117/><G117/><T120/><D120/><U0/><E80/><V76/><F135/><W127/><G32/><T35/><D73/><U74/><E74/><V28/><F112/><W19/><G71/><T133/><D79/><U20/><E34/><V111/><F111/><W45/><G6/><T104/><D133/><U83/><E83/><V113/><F113/><W40/><G78/><T115/><D115/><U43/><E5/><V132/><F132/><W106/><G106/><T8/><D8/><U81/><E81/><V48/><F48/><W42/><G42/><T67/><D10/><U33/><E33/><V59/><F59/><W125/><G56/><T21/><D35/><U64/><E43/><V134/><F134/><W7/><G7/><T50/><D54/><U128/><E128/><V12/><F94/><W61/><G61/><T109/><D109/><U53/><REACH who="1" step="1"/><E49/><REACH who="1" ten="240,250,250,250" step="2"/><V103/><F75/><W100/><G41/><T47/><D118/><U130/><E130/><V69/><F82/><W77/><G40/><T126/><D126/><U27/><E27/><V102/><F76/><W51/><G77/><T36/><D116/><U105/><E105/><N who="2" m="63703" /><F11/><W91/><G51/><T97/><D36/><U87/><AGARI ba="0,1" hai="0,4,9,16,20,25,53,55,57,60,64,87,89,95" machi="87" ten="20,18000,2" yaku="1,1,0,1,7,1,52,1,54,1,53,1" doraHai="63" doraHaiUra="88" who="1" fromWho="1" sc="240,-60,250,190,250,-60,250,-60" /><INIT seed="1,1,0,0,5,60" ten="180,440,190,190" oya="1" hai0="2,19,8,29,133,27,82,126,37,128,52,64,28" hai1="40,15,98,59,105,121,134,54,96,58,6,81,68" hai2="39,14,13,111,5,79,78,9,123,23,90,62,91" hai3="114,116,55,99,92,124,31,18,50,122,95,61,107"/><U49/><E121/><V7/><F123/><W102/><G122/><T53/><D37/><U108/><E68/><V135/><F111/><W77/><G114/><T20/><D126/><U97/><E134/><V33/><F33/><W16/><G124/><T118/><D118/><U46/><E108/><V109/><F109/><W131/><G131/><T129/><D133/><U119/><E119/><V130/><F39/><W100/><G116/><T73/><D2/><U125/><E125/><V21/><F62/><W104/><G77/><N who="0" m="44335" /><D64/><U32/><E32/><V120/><F135/><W101/><G31/><N who="0" m="11851" /><D8/><N who="1" m="4503" /><E105/><V1/><F120/><W41/><G107/><T44/><D44/><U103/><E103/><V35/><F35/><W74/><G104/><T56/><D56/><N who="1" m="21547" /><E81/><V45/><F9/><W12/><G74/><T80/><D80/><U110/><E110/><V24/><F45/><W72/><G72/><T117/><D117/><U88/><E40/><V69/><F69/><W113/><G113/><T83/><D83/><U4/><E4/><V71/><F71/><W94/><G99/><T17/><D17/><U25/><E25/><V89/><F1/><W70/><G41/><T115/><D115/><U22/><E22/><V3/><F3/><W10/><G18/><T87/><D129/><U11/><E11/><V51/><F130/><W34/><G34/><T112/><D128/><U127/><E127/><V63/><F24/><W106/><G106/><T43/><D112/><U76/><E76/><V26/><F26/><W42/><G42/><T132/><D132/><U36/><E36/><V0/><F0/><RYUUKYOKU ba="1,0" sc="180,-10,440,30,190,-10,190,-10" hai1="46,49,54,88,96,97,98" /><INIT seed="1,2,0,3,4,1" ten="170,470,180,180" oya="1" hai0="19,121,25,94,53,124,106,30,87,74,65,2,77" hai1="44,120,8,133,115,130,35,129,118,73,102,10,54" hai2="83,116,64,34,0,29,47,13,33,119,79,103,52" hai3="113,80,105,69,84,28,96,43,26,78,95,71,134"/><U123/><E115/><V126/><F0/><W82/><G113/><T57/><D106/><U15/><E73/><V76/><F126/><W6/><G134/><T86/><D65/><U125/><E102/><V109/><F109/><W16/><G105/><T27/><D2/><U41/><E54/><V42/><F103/><W39/><G6/><T122/><D124/><U81/><E125/><V14/><F64/><W60/><G60/><T70/><D70/><U32/><E81/><V24/><F34/><N who="1" m="12841" /><E44/><V97/><F79/><W59/><G28/><T61/><D30/><U128/><E41/><V104/><F52/><W111/><G111/><T48/><D48/><U9/><E118/><V11/><F14/><W117/><G59/><T50/><D50/><U3/><E3/><V107/><F97/><W66/><G66/><T93/><D74/><U56/><E56/><V12/><F12/><W18/><G82/><N who="0" m="47439" /><D87/><U46/><E46/><V58/><F58/><W4/><G71/><T100/><D100/><U85/><E85/><N who="2" m="48359" /><F119/><W88/><G69/><T45/><D45/><U112/><E112/><V37/><F116/><W114/><G114/><T31/><D57/><U38/><E38/><V22/><F107/><W51/><G39/><T40/><D53/><U110/><E110/><V17/><F104/><W75/><G75/><T49/><D61/><U90/><E90/><V68/><F68/><W101/><G101/><T20/><D40/><U23/><E133/><V98/><F98/><W62/><G96/><T132/><D132/><U72/><E72/><V99/><F99/><N who="3" m="57831" /><G117/><T131/><D49/><RYUUKYOKU ba="2,0" sc="170,-15,470,15,180,15,180,-15" hai1="8,9,10,15,23,120,123,128,129,130" hai2="11,13,17,22,24,29,33,37,42,47" /><INIT seed="1,3,0,5,1,69" ten="155,485,195,165" oya="1" hai0="119,14,56,38,89,108,67,27,8,88,77,111,99" hai1="46,94,58,1,100,28,74,51,73,54,106,102,87" hai2="17,113,91,70,44,18,76,122,42,128,45,95,48" hai3="112,19,16,107,121,127,12,4,129,109,57,10,90"/><U75/><E1/><V35/><F122/><W3/><G121/><T25/><D119/><U93/><E28/><V104/><F104/><W32/><G112/><T117/><D117/><U124/><E124/><V36/><F70/><W43/><G107/><T96/><D77/><U123/><E123/><V134/><F35/><W118/><G118/><T33/><D56/><U11/><E11/><V37/><F113/><W125/><G43/><T47/><D67/><U55/><E106/><V65/><F65/><W41/><G41/><N who="0" m="22967" /><D99/><U84/><E94/><V6/><F6/><W133/><G57/><T110/><D96/><U60/><REACH who="1" step="1"/><E93/><REACH who="1" ten="155,475,195,165" step="2"/><V63/><F95/><W120/><G127/><T31/><D27/><U86/><AGARI ba="3,1" hai="46,51,54,55,58,60,73,74,75,84,86,87,100,102" machi="86" ten="40,7800,0" yaku="1,1,2,1,0,1,53,0" doraHai="69" doraHaiUra="24" who="1" fromWho="1" sc="155,-29,475,97,195,-29,165,-29" /><INIT seed="1,4,0,0,5,126" ten="126,572,166,136" oya="1" hai0="53,98,59,54,51,23,5,70,15,14,64,114,48" hai1="86,73,38,93,47,128,18,72,8,65,102,68,7" hai2="37,117,3,82,122,131,134,32,69,92,91,95,42" hai3="105,46,124,100,20,22,74,75,43,28,34,132,36"/><U97/><E18/><V19/><F92/><W41/><G124/><T135/><D114/><U90/><E68/><V84/><F122/><W13/><G132/><T35/><D35/><U109/><E65/><V120/><F120/><W130/><G13/><T123/><D135/><U89/><E109/><V30/><F117/><W112/><G112/><T77/><D123/><U108/><E108/><V83/><F134/><W1/><G22/><T0/><D77/><U9/><E90/><V115/><F115/><W50/><G20/><T96/><D0/><U104/><E9/><V118/><F118/><W24/><G50/><T16/><D64/><U103/><E103/><V99/><F83/><W61/><G43/><T113/><D70/><U110/><E110/><V6/><F69/><W101/><G101/><T80/><D80/><U52/><E128/><V67/><F19/><W94/><G94/><T107/><D107/><U56/><E47/><N who="2" m="24015" /><F67/><W111/><G111/><T85/><D85/><U12/><REACH who="1" step="1"/><E38/><REACH who="1" ten="126,562,166,136" step="2"/><V17/><F17/><W31/><G36/><T81/><D113/><U79/><E79/><V33/><F131/><W29/><G130/><T44/><D81/><U2/><E2/><V125/><F125/><W45/><G1/><T62/><D51/><AGARI ba="4,1" hai="7,8,12,51,52,56,72,73,86,89,93,97,102,104" machi="51" ten="30,5800,0" yaku="1,1,7,1,54,1,53,0" doraHai="126" doraHaiUra="119" who="1" fromWho="0" sc="126,-70,562,80,166,0,136,0" /><INIT seed="1,5,0,5,2,77" ten="56,642,166,136" oya="1" hai0="36,27,55,16,5,44,88,65,100,33,84,31,59" hai1="66,60,45,43,120,111,51,71,39,79,13,72,53" hai2="108,58,9,3,41,95,15,28,20,127,35,49,118" hai3="34,91,122,121,131,101,68,47,37,134,125,89,119"/><U107/><E107/><V70/><F118/><W83/><G47/><T81/><D5/><U22/><E120/><V8/><F70/><W21/><G21/><T123/><D123/><U32/><E32/><V30/><F127/><W19/><G19/><T56/><D65/><U73/><E111/><V94/><F108/><W62/><G62/><T93/><D16/><N who="1" m="10511" /><E79/><V17/><F30/><W76/><G37/><T103/><D93/><U46/><E46/><N who="2" m="25807" /><F9/><W52/><G68/><T2/><D2/><U1/><E1/><V124/><F58/><W115/><G34/><T0/><D0/><U92/><E92/><V116/><F124/><W102/><G125/><T97/><D97/><U130/><E130/><V104/><F104/><W117/><G76/><T24/><D24/><U110/><E110/><V109/><F116/><W82/><G52/><T69/><D69/><U86/><E86/><V80/><F80/><W40/><G40/><T42/><REACH who="0" step="1"/><D59/><REACH who="0" ten="46,642,166,136" step="2"/><U23/><E71/><V99/><F99/><W4/><G4/><T113/><D113/><U50/><E66/><V48/><F109/><W85/><G115/><T126/><D126/><U29/><E45/><V96/><F96/><W6/><G6/><T128/><D128/><U129/><E129/><V26/><F95/><W18/><G131/><T114/><D114/><U67/><E67/><V87/><F3/><W133/><G18/><T12/><D12/><U14/><E14/><V7/><F7/><W57/><G57/><T78/><D78/><U25/><E25/><V105/><F26/><W54/><G122/><T106/><D106/><RYUUKYOKU ba="5,1" sc="46,30,642,-10,166,-10,136,-10" hai0="27,31,33,36,42,44,55,56,81,84,88,100,103" /><INIT seed="2,6,1,2,0,34" ten="76,632,156,126" oya="2" hai0="15,78,132,27,66,23,45,104,91,89,83,70,30" hai1="106,114,38,116,124,92,99,62,63,33,86,3,59" hai2="7,107,61,31,53,47,19,109,11,110,64,10,121" hai3="4,123,96,73,32,95,14,84,18,115,9,2,0"/><V39/><F107/><W94/><G123/><T42/><D104/><U80/><E114/><V40/><F121/><W55/><G73/><T134/><D15/><U8/><E116/><V35/><F19/><W128/><G115/><T135/><D66/><U75/><E33/><V133/><F133/><W67/><G128/><T58/><D58/><U120/><E38/><V21/><F21/><W37/><G37/><N who="0" m="21711" /><D70/><U65/><E106/><V108/><F53/><W50/><G32/><T43/><D43/><U16/><E120/><V122/><F122/><W49/><G67/><T41/><D41/><U71/><E75/><AGARI ba="6,1" hai="23,27,30,75,78,83,89,91,132,134,135" m="21711" machi="75" ten="30,1000,0" yaku="20,1" doraHai="34" who="0" fromWho="1" sc="76,38,632,-28,156,0,126,0" /><INIT seed="3,0,0,4,0,78" ten="114,604,156,126" oya="3" hai0="51,116,37,85,22,71,18,81,108,38,114,66,88" hai1="30,131,28,128,64,74,91,123,70,84,122,87,14" hai2="59,2,95,47,82,113,98,120,44,46,16,36,32" hai3="39,62,83,125,21,104,111,100,5,11,102,110,135"/><W94/><G39/><T0/><D116/><U68/><E14/><V53/><F113/><W1/><G104/><T124/><D114/><U89/><E64/><V101/><F32/><W9/><G135/><T29/><D108/><N who="3" m="41513" /><G125/><T93/><D0/><U55/><E55/><V106/><F2/><W8/><G21/><T99/><D29/><U12/><E12/><V60/><F120/><W7/><G62/><T56/><D71/><U121/><E121/><V25/><F36/><W6/><G1/><T35/><D35/><U50/><E50/><V69/><F69/><W79/><G94/><T67/><D124/><U73/><AGARI ba="0,0" hai="28,30,68,70,73,74,84,87,89,91,122,123,128,131" machi="73" ten="25,3200,0" yaku="0,1,22,2" doraHai="78" who="1" fromWho="1" sc="114,-8,604,32,156,-8,126,-16" /><INIT seed="4,0,0,2,4,54" ten="106,636,148,110" oya="0" hai0="9,44,45,65,14,112,55,52,110,30,107,6,29" hai1="7,117,41,120,10,86,76,94,19,82,66,126,11" hai2="131,111,67,20,22,26,116,124,125,38,119,134,62" hai3="90,58,59,118,40,47,28,132,43,15,129,100,48"/><T103/><D112/><U53/><E117/><N who="2" m="45131" /><F38/><W130/><G118/><T12/><D110/><U114/><E120/><V89/><F111/><W23/><G132/><T99/><D65/><U113/><E126/><N who="2" m="48747" /><F134/><W31/><G100/><T101/><D101/><U73/><E66/><V97/><F131/><N who="3" m="50187" /><G43/><T121/><D121/><U42/><E53/><V64/><F64/><W68/><G68/><T84/><D45/><U74/><E19/><V69/><F26/><W70/><G70/><T75/><D75/><U35/><E35/><V46/><F46/><W34/><G34/><T16/><D84/><U80/><E94/><AGARI ba="0,0" hai="20,22,62,67,69,89,94,97" m="48747,45131" machi="94" ten="30,2000,0" yaku="12,1,18,1" doraHai="54" who="2" fromWho="1" sc="106,0,636,-20,148,20,110,0" /><INIT seed="5,0,0,0,3,68" ten="106,616,168,110" oya="1" hai0="72,53,10,107,103,69,108,12,129,29,42,84,11" hai1="22,123,24,36,75,49,30,116,119,34,26,76,77" hai2="66,102,91,20,57,92,39,86,124,127,135,6,46" hai3="50,80,28,114,113,126,7,95,90,121,89,8,65"/><U98/><E123/><V88/><F6/><W17/><G121/><T41/><D72/><U13/><E36/><V101/><F135/><W85/><G126/><N who="2" m="48169" /><F20/><W73/><G28/><T1/><D69/><U106/><E13/><V43/><F91/><W27/><G65/><T71/><D71/><U16/><E49/><V23/><F23/><W44/><G17/><T33/><D29/><U63/><E63/><AGARI ba="0,0" hai="39,43,46,57,63,66,86,88,92,101,102" m="48169" machi="63" ten="30,3900,0" yaku="18,1,52,1,54,1" doraHai="68" who="2" fromWho="1" sc="106,0,616,-39,168,39,110,0" /><INIT seed="6,0,0,3,3,77" ten="106,577,207,110" oya="2" hai0="133,99,54,129,5,26,108,117,44,98,82,123,60" hai1="72,97,104,7,111,55,87,85,62,50,17,8,130" hai2="112,88,36,92,110,122,16,125,49,96,1,79,134" hai3="76,93,32,13,68,33,119,31,124,3,43,42,41"/><V78/><F36/><W95/><G119/><T0/><D108/><U56/><E72/><V69/><F1/><W131/><G3/><T90/><D123/><U128/><E111/><V91/><F110/><W59/><G68/><T58/><D117/><U132/><E132/><V14/><F69/><W30/><G76/><T102/><D129/><N who="1" m="49771" /><E17/><V118/><F118/><W120/><G131/><T75/><D133/><U51/><E104/><V109/><F122/><W15/><G120/><T10/><D75/><U48/><E97/><V67/><F67/><W70/><G70/><T105/><D26/><U113/><E113/><V22/><F112/><W64/><G64/><T20/><D20/><U135/><E135/><V89/><F125/><W86/><G59/><T27/><D27/><U61/><E62/><V73/><F73/><W38/><G86/><T83/><REACH who="0" step="1"/><D44/><REACH who="0" ten="96,577,207,110" step="2"/><U12/><AGARI ba="0,1" hai="7,8,12,48,50,51,55,56,61,85,87" m="49771" machi="12" ten="30,1100,0" yaku="19,1" doraHai="77" who="1" fromWho="1" sc="96,-3,577,21,207,-5,110,-3" /><INIT seed="7,0,0,1,1,110" ten="93,598,202,107" oya="3" hai0="11,19,52,28,104,36,6,117,29,113,80,61,60" hai1="17,116,45,133,50,131,37,38,130,32,92,98,67" hai2="41,127,30,51,111,90,27,87,89,2,59,72,43" hai3="99,96,103,62,40,35,63,21,123,114,73,86,81"/><W39/><G123/><T106/><D117/><U65/><E32/><V69/><F72/><W125/><G35/><T56/><D113/><U10/><E133/><V47/><F69/><W25/><G114/><T74/><D36/><U97/><E116/><V100/><F2/><W101/><G73/><T135/><D135/><U46/><E10/><V57/><F127/><W94/><G40/><T95/><D106/><U54/><E17/><V124/><F124/><W119/><G39/><N who="1" m="14858" /><E46/><V132/><F100/><W58/><G119/><T12/><D104/><U22/><E22/><V16/><F43/><W23/><G23/><T7/><D74/><U33/><E33/><V64/><F90/><W105/><G125/><T84/><D95/><U66/><E92/><V134/><F111/><W102/><G102/><T70/><D70/><U42/><E54/><V18/><F132/><W121/><G121/><T109/><D61/><U5/><E5/><N who="0" m="1545" /><D109/><U15/><E15/><V79/><F134/><W4/><G4/><T91/><AGARI ba="0,0" hai="11,12,19,28,29,52,56,60,80,84,91" m="1545" machi="91" ten="30,2000,0" yaku="8,1,54,1" doraHai="110" who="0" fromWho="0" sc="93,20,598,-5,202,-5,107,-10" owari="113,-28.7,593,69.3,197,-0.3,97,-40.3" /></mjloggm>