<mjloggm ver="2.3"><GO type="169" lobby="0"/><UN n0="%E3%83%87%E3%83%A9%E3%82%B3%E3%83%83%E3%82%B3" n1="%E5%A4%A7%E7%A9%BA%E3%82%B9%E3%83%90%E3%83%AB%E2%98%86" n2="%E4%B9%9D%E7%B4%8B%E9%BE%8D%E5%8F%B2%E9%80%B2" n3="%79%61%6E%72%6F%75" dan="16,16,19,16" rate="2126.04,2096.98,2336.05,2150.61" sx="M,F,M,M"/><TAIKYOKU oya="0"/><INIT seed="0,0,0,2,0,14" ten="250,250,250,250" oya="0" hai0="58,92,28,102,100,132,82,114,86,113,62,5,46" hai1="16,48,117,51,98,19,4,15,10,89,129,79,68" hai2="128,112,88,103,31,125,121,45,29,1,37,47,135" hai3="111,97,21,124,90,116,13,105,34,96,78,50,67"/><T87/><D132/><U66/><E117/><V53/><F121/><W30/><G111/><T95/><D5/><U64/><E129/><V110/><F112/><W57/><G34/><T130/><D130/><U43/><E79/><V49/><F128/><W118/><G78/><T85/><D28/><U6/><E6/><V42/><F1/><W73/><G73/><T60/><D46/><N who="1" m="25695" /><E68/><V23/><F110/><W35/><G35/><T40/><D40/><U41/><E98/><V39/><F103/><N who="0" m="39466" /><D58/><U61/><E89/><V2/><F2/><W76/><G76/><T83/><D60/><U17/><E61/><V77/><F77/><W38/><G38/><T11/><D62/><U12/><E12/><V134/><F39/><W91/><G118/><T84/><D84/><U69/><E69/><V108/><F108/><W59/><G57/><T20/><D20/><U123/><E123/><V24/><F135/><W122/><G21/><T75/><D11/><U71/><E71/><V65/><F134/><W54/><G116/><T63/><D63/><U131/><E131/><V94/><F37/><W26/><G97/><T126/><D75/><U7/><E7/><V119/><F119/><W81/><G96/><T93/><D126/><U56/><E56/><V107/><F125/><W133/><G124/><T99/><D99/><U9/><E9/><V0/><F45/><AGARI ba="0,0" hai="4,10,15,16,17,19,41,45,51,64,66" m="25695" machi="45" ten="30,8000,1" yaku="8,1,52,3,54,1" doraHai="14" who="1" fromWho="2" sc="250,0,250,80,250,-80,250,0" /><INIT seed="1,0,0,5,3,124" ten="250,330,170,250" oya="1" hai0="54,110,126,121,35,57,118,49,122,0,105,101,3" hai1="27,39,16,111,79,89,130,88,15,66,34,128,68" hai2="5,21,62,109,98,28,112,60,58,108,23,14,59" hai3="135,22,32,78,70,33,47,51,119,96,83,91,17"/><U82/><E39/><V10/><F112/><W90/><G70/><T86/><D118/><U20/><E111/><N who="2" m="42571" /><F28/><W75/><G135/><T77/><D110/><U131/><E66/><N who="2" m="39191" /><F98/><W4/><G4/><T80/><D35/><U71/><E71/><V45/><F45/><W40/><G119/><T6/><D126/><U12/><E68/><V11/><F11/><W92/><REACH who="3" step="1"/><G90/><REACH who="3" ten="250,330,170,240" step="2"/><N who="1" m="34922" /><E34/><V18/><F5/><W41/><G41/><T72/><D6/><U103/><E103/><V81/><F81/><W87/><G87/><AGARI ba="0,1" hai="12,15,16,20,27,79,82,87,128,130,131" m="34922" machi="87" ten="30,18000,2" yaku="19,1,52,3,54,2" doraHai="124" who="1" fromWho="3" sc="250,0,330,190,170,0,240,-180" /><INIT seed="1,1,0,4,4,107" ten="250,520,170,60" oya="1" hai0="19,71,42,113,58,89,97,41,91,59,82,53,31" hai1="112,114,8,6,52,125,103,90,81,115,79,109,20" hai2="24,7,110,5,92,18,132,55,4,105,9,87,101" hai3="60,72,39,36,85,135,93,119,25,48,11,66,28"/><U70/><E70/><V131/><F110/><W13/><G135/><T64/><D71/><U27/><E125/><V75/><F132/><W15/><G119/><T45/><D31/><U1/><E109/><V16/><F131/><W40/><G72/><T2/><D2/><U22/><E103/><V57/><F75/><W102/><G48/><T128/><D113/><U77/><E22/><V134/><F134/><W83/><G40/><T33/><D33/><U56/><E90/><V49/><F105/><W47/><G47/><T67/><D128/><U34/><E34/><V126/><F126/><W65/><G13/><T29/><D29/><U51/><REACH who="1" step="1"/><E81/><REACH who="1" ten="250,510,170,60" step="2"/><V10/><F101/><W78/><G102/><T26/><D91/><U104/><E104/><V32/><F32/><W35/><G93/><T86/><D89/><U38/><E38/><V74/><F92/><W108/><G108/><T37/><D82/><U62/><E62/><V73/><F10/><W121/><G121/><T12/><D37/><U129/><E129/><V106/><F106/><W14/><G36/><T0/><D97/><U98/><E98/><V30/><F9/><W88/><G39/><T76/><D76/><U21/><E21/><V117/><F117/><W50/><G60/><T80/><D80/><U54/><E54/><V120/><F55/><W118/><G78/><T95/><D53/><U94/><E94/><V61/><F120/><W23/><G118/><T111/><D95/><U44/><E44/><V43/><F61/><W99/><G35/><T46/><D111/><U133/><E133/><V100/><F100/><RYUUKYOKU ba="1,1" sc="250,-10,510,30,170,-10,60,-10" hai1="1,6,8,20,27,51,52,56,77,79,112,114,115" /><INIT seed="1,2,1,2,1,13" ten="240,540,160,50" oya="1" hai0="32,7,48,132,86,5,101,33,57,15,91,39,97" hai1="43,109,89,64,127,6,95,83,26,80,46,110,16" hai2="29,105,14,2,59,114,20,51,76,122,73,104,47" hai3="88,92,99,38,44,56,58,8,40,98,94,87,85"/><U68/><E127/><V19/><F122/><W106/><G106/><T36/><D132/><U107/><E107/><V115/><F2/><W49/><G38/><T133/><D133/><U125/><E125/><V108/><F108/><N who="1" m="41577" /><E6/><V124/><F124/><W12/><G56/><T69/><D57/><U111/><E64/><V120/><F120/><W117/><G117/><T41/><D69/><U78/><E68/><V37/><F37/><W17/><G58/><T116/><D48/><N who="1" m="26719" /><E78/><V112/><F29/><W11/><G8/><T119/><D5/><U82/><E111/><V126/><F126/><W128/><G128/><T25/><D7/><U21/><E83/><N who="2" m="45455" /><F59/><W1/><G1/><T34/><D119/><U74/><E74/><V90/><F90/><AGARI ba="2,1" hai="11,12,17,40,44,49,85,87,88,90,92,94,98,99" machi="90" ten="30,8000,1" yaku="7,1,9,1,8,1,52,1,54,1" doraHai="13" who="3" fromWho="2" sc="240,0,540,0,160,-86,50,96" /><INIT seed="2,0,0,1,3,130" ten="240,540,74,146" oya="2" hai0="57,82,80,12,4,14,19,10,31,49,79,134,51" hai1="21,123,66,103,125,127,29,56,100,36,131,48,47" hai2="106,85,28,113,90,110,59,126,78,40,64,104,84" hai3="34,41,26,52,27,13,76,83,37,119,93,58,1"/><V117/><F113/><W122/><G1/><T96/><D31/><U98/><E36/><V65/><F117/><W129/><G122/><T132/><D96/><U115/><E115/><V114/><F114/><W50/><G119/><T112/><D112/><U69/><E69/><V73/><F73/><W45/><G129/><T81/><D79/><U77/><E77/><V5/><F126/><N who="1" m="48137" /><E123/><V135/><F110/><W99/><G13/><T44/><D57/><U8/><E8/><V3/><F28/><W87/><REACH who="3" step="1"/><G34/><REACH who="3" ten="240,540,74,136" step="2"/><T68/><D14/><U54/><E131/><V95/><F3/><W23/><G23/><T15/><D15/><U133/><E21/><V116/><F116/><W71/><G71/><T86/><D68/><U17/><E17/><V7/><F7/><W25/><G25/><T55/><D19/><U89/><E29/><V74/><F5/><W46/><G46/><T124/><D124/><U101/><E47/><V0/><F0/><W94/><G94/><T120/><D120/><U32/><E32/><V121/><F121/><W91/><AGARI ba="0,1" hai="26,27,37,41,45,50,52,58,76,83,87,91,93,99" machi="91" ten="20,5200,0" yaku="1,1,0,1,7,1,54,1,53,0" doraHai="130" doraHaiUra="35" who="3" fromWho="3" sc="240,-13,540,-13,74,-26,136,62" /><INIT seed="3,0,0,5,1,100" ten="227,527,48,198" oya="3" hai0="47,23,96,62,116,97,76,112,11,20,52,67,133" hai1="8,5,27,63,15,72,105,57,50,128,115,114,10" hai2="55,80,44,126,2,132,104,84,101,51,29,24,121" hai3="131,107,65,113,87,46,16,69,108,19,1,111,120"/><W60/><G120/><T41/><D116/><U39/><E72/><V129/><F121/><W59/><G113/><T32/><D32/><U95/><E39/><V94/><F132/><W119/><G119/><T30/><D133/><U123/><E105/><V7/><F129/><W40/><G1/><T70/><D76/><U83/><E83/><V22/><F126/><W124/><G124/><T89/><D11/><U12/><E128/><V64/><F64/><W37/><G131/><T109/><D109/><N who="3" m="42057" /><G107/><T48/><D112/><U0/><E0/><V110/><F110/><W21/><G87/><T98/><D30/><U68/><E27/><V125/><F94/><W78/><G78/><T127/><D127/><U103/><E50/><V53/><F125/><W18/><G69/><T118/><D118/><U49/><E68/><V85/><F7/><W34/><G34/><T45/><REACH who="0" step="1"/><D89/><REACH who="0" ten="217,527,48,198" step="2"/><U9/><E123/><V54/><F2/><W36/><G37/><AGARI ba="0,1" hai="20,23,37,41,45,47,48,52,62,67,70,96,97,98" machi="37" ten="40,5200,0" yaku="1,1,2,1,54,1,53,0" doraHai="100" doraHaiUra="31" who="0" fromWho="3" sc="217,62,527,0,48,0,198,-52" /><INIT seed="4,0,0,1,0,54" ten="279,527,48,146" oya="0" hai0="26,125,84,12,134,48,43,27,0,53,68,76,35" hai1="104,89,16,8,45,75,5,103,7,1,80,92,52" hai2="61,95,105,41,69,25,18,20,39,74,32,47,117" hai3="36,21,87,102,10,29,120,112,33,70,64,133,132"/><T62/><D0/><U15/><E1/><V135/><F105/><W51/><G36/><T6/><D35/><U44/><E44/><V128/><F74/><W19/><G112/><T98/><D125/><U108/><E108/><V46/><F135/><N who="3" m="51787" /><G102/><T113/><D113/><U109/><E109/><V123/><F123/><W111/><G10/><T126/><D126/><U106/><E103/><V90/><F128/><W2/><G2/><T114/><D114/><U17/><E17/><V4/><F4/><N who="1" m="1609" /><E92/><V121/><F121/><W31/><G33/><T58/><D98/><U81/><E75/><V91/><F117/><W57/><G111/><T23/><D68/><U124/><E81/><V14/><F47/><W24/><G70/><T59/><D43/><U79/><E79/><V40/><F41/><W116/><G116/><T72/><D72/><U66/><E66/><V63/><F69/><W130/><G130/><T85/><D76/><U107/><E107/><V86/><F32/><W129/><G120/><T83/><D83/><U9/><E9/><V73/><F73/><W28/><G87/><N who="0" m="33355" /><D134/><U82/><E82/><V42/><F42/><W118/><G129/><T127/><D127/><U78/><E78/><V49/><F39/><W11/><G118/><T55/><D6/><U67/><E124/><V22/><REACH who="2" step="1"/><F91/><REACH who="2" ten="279,527,38,146" step="2"/><W56/><G57/><T94/><D94/><U119/><E119/><V93/><F93/><W99/><G56/><T34/><D34/><U13/><E106/><V3/><F3/><W131/><G131/><T122/><D122/><U50/><E104/><V88/><F88/><RYUUKYOKU ba="0,1" sc="279,15,527,-15,38,15,146,-15" hai0="12,23,26,27,48,53,55,58,59,62" hai2="14,18,20,22,25,40,46,49,61,63,86,90,95" /><INIT seed="4,1,1,0,4,55" ten="294,512,53,131" oya="0" hai0="94,132,6,82,28,21,11,102,50,133,18,69,10" hai1="17,95,67,5,37,121,66,30,19,101,131,77,57" hai2="125,65,14,110,68,44,64,40,126,23,70,62,3" hai3="33,4,20,45,56,120,48,43,118,32,24,99,79"/><T60/><D82/><U86/><E37/><V74/><F3/><W61/><G118/><T123/><D123/><U103/><E121/><V36/><F74/><W63/><G120/><T104/><D104/><U16/><E131/><V93/><F93/><W38/><G4/><T51/><D28/><U52/><E5/><V119/><F14/><W47/><G79/><T46/><D69/><U59/><E30/><V53/><F23/><W124/><G124/><N who="2" m="47721" /><F110/><W41/><G63/><T78/><D60/><N who="1" m="35879" /><E59/><N who="2" m="35183" /><F119/><W73/><G99/><T91/><D78/><U15/><E15/><V96/><F96/><W134/><G73/><T34/><D34/><U1/><E1/><V71/><AGARI ba="1,1" hai="36,40,44,64,65,68,70,71" m="35183,47721" machi="71" ten="40,8000,1" yaku="18,1,34,2,52,1" doraHai="55" who="2" fromWho="2" sc="294,-41,512,-21,53,93,131,-21" /><INIT seed="5,0,0,3,0,112" ten="253,491,146,110" oya="1" hai0="99,58,3,85,80,21,57,88,71,2,92,69,126" hai1="39,11,22,59,12,81,40,61,84,123,128,82,36" hai2="55,13,100,1,106,131,93,133,38,72,116,105,50" hai3="24,30,77,95,16,129,64,97,79,119,32,78,49"/><U48/><E123/><V70/><F1/><W107/><G129/><T20/><D126/><U101/><E128/><V73/><F38/><W96/><G64/><T132/><D132/><U23/><E101/><V18/><F70/><W134/><G134/><T66/><D71/><U17/><E82/><V14/><F131/><W89/><G49/><T35/><D35/><U53/><E39/><V102/><F133/><W98/><G107/><T130/><D69/><U26/><E36/><V37/><F37/><W75/><G75/><T109/><D109/><U60/><E40/><V7/><F93/><W67/><G67/><T68/><D68/><U110/><E23/><V6/><F50/><W44/><G44/><T19/><D21/><U115/><E115/><V111/><F18/><W0/><G0/><T124/><D124/><U76/><REACH who="1" step="1"/><E110/><REACH who="1" ten="253,481,146,110" step="2"/><V45/><F111/><W15/><REACH who="3" step="1"/><G119/><REACH who="3" ten="253,481,146,100" step="2"/><T47/><D130/><U62/><E62/><V127/><F127/><W56/><G56/><T114/><D58/><U27/><E27/><V10/><F45/><W103/><G103/><T120/><D47/><U29/><AGARI ba="0,2" hai="11,12,17,22,26,29,48,53,59,60,61,76,81,84" machi="29" ten="20,7800,0" yaku="1,1,0,1,7,1,8,1,53,0" doraHai="112" doraHaiUra="122" who="1" fromWho="1" sc="253,-26,481,98,146,-26,100,-26" /><INIT seed="5,1,0,4,0,0" ten="227,579,120,74" oya="1" hai0="96,79,81,78,89,102,25,14,59,58,117,37,48" hai1="10,134,98,95,133,30,43,13,85,127,47,45,101" hai2="115,93,62,123,22,65,28,86,54,124,2,50,24" hai3="92,61,126,8,105,44,113,106,125,76,120,20,4"/><U91/><E30/><V108/><F108/><W73/><G120/><T71/><D71/><U6/><E127/><N who="3" m="48650" /><G113/><T68/><D68/><U31/><E31/><V23/><F124/><W112/><G112/><T27/><D37/><U114/><E114/><V32/><F123/><W52/><G92/><T67/><D117/><U111/><E111/><V104/><F104/><W53/><G20/><T34/><D89/><U7/><E7/><V26/><F2/><N who="3" m="23" /><G61/><T77/><D14/><U82/><REACH who="1" step="1"/><E47/><REACH who="1" ten="227,569,120,74" step="2"/><V38/><F115/><W119/><G44/><T99/><D34/><U128/><E128/><V17/><F32/><W97/><G119/><T103/><D77/><U107/><E107/><V63/><F28/><W29/><G29/><T110/><D79/><U121/><E121/><V3/><F3/><W33/><G33/><T109/><D78/><U19/><E19/><V57/><F17/><W131/><G131/><T1/><D1/><U130/><E130/><V83/><F26/><W46/><G46/><T69/><D27/><U21/><E21/><V64/><F23/><W66/><G106/><T9/><D25/><U94/><E94/><V51/><F93/><W12/><G12/><T15/><D15/><U87/><E87/><V129/><F129/><W72/><G76/><T60/><D110/><U74/><E74/><V88/><F22/><W75/><G105/><T39/><D109/><U80/><E80/><V135/><F24/><W55/><G97/><T11/><D99/><U56/><E56/><V132/><F57/><W49/><G75/><T36/><D96/><U41/><E41/><RYUUKYOKU ba="1,1" sc="227,-10,569,30,120,-10,74,-10" hai1="6,10,13,43,45,82,85,91,95,98,101,133,134" /><INIT seed="5,2,1,4,3,126" ten="217,599,110,64" oya="1" hai0="20,74,6,52,17,21,88,0,42,81,118,51,109" hai1="127,124,34,80,90,103,53,79,67,19,134,9,55" hai2="1,130,96,131,38,14,133,63,65,62,8,46,114" hai3="50,97,41,100,28,95,2,113,32,58,135,22,44"/><U43/><E34/><V27/><F1/><W24/><G113/><T82/><D109/><U111/><E134/><V92/><F133/><W115/><G115/><T87/><D118/><U116/><E116/><V18/><F114/><W25/><G135/><T106/><D106/><U117/><E117/><V78/><F78/><W105/><G2/><T47/><D0/><U30/><E30/><V31/><F46/><W98/><G58/><T40/><D6/><U83/><E43/><V129/><F38/><W107/><REACH who="3" step="1"/><G97/><REACH who="3" ten="217,599,110,54" step="2"/><T60/><D47/><U68/><E111/><V3/><F3/><W7/><G7/><T37/><D37/><U94/><E127/><V35/><REACH who="2" step="1"/><F65/><REACH who="2" ten="217,599,100,54" step="2"/><W128/><G128/><T59/><D42/><U61/><E67/><V93/><F93/><W73/><G73/><T54/><D40/><U4/><E94/><V64/><F64/><W132/><G132/><T29/><D74/><U56/><E124/><V33/><F33/><W122/><G122/><T110/><D110/><U45/><E45/><V91/><AGARI ba="2,3" hai="8,14,18,27,31,35,62,63,91,92,96,129,130,131" machi="91" ten="30,12000,2" yaku="1,1,0,1,19,1,52,3,53,0" doraHai="126" doraHaiUra="104" who="2" fromWho="2" sc="217,-32,599,-62,100,156,54,-32" /><INIT seed="6,0,0,1,2,43" ten="185,537,256,22" oya="2" hai0="54,0,71,62,22,6,57,97,80,44,114,38,13" hai1="32,37,11,66,90,93,73,49,14,40,86,26,69" hai2="131,34,41,135,116,101,24,16,89,111,91,113,94" hai3="75,45,88,129,98,59,134,109,46,119,20,79,61"/><V51/><F116/><W60/><G119/><T58/><D114/><U36/><E73/><V120/><F120/><W103/><G109/><T105/><D0/><U99/><E66/><V35/><F113/><W1/><G1/><T126/><D126/><U19/><E69/><V108/><F101/><W50/><G129/><T84/><D71/><U8/><E8/><V85/><F135/><W65/><G134/><T56/><D105/><U9/><E9/><V63/><F63/><N who="3" m="38143" /><G75/><T104/><D97/><U31/><E40/><V29/><F131/><W122/><G103/><T48/><D38/><U112/><E112/><V78/><F78/><W10/><G79/><N who="0" m="46111" /><D104/><U55/><E99/><V21/><F91/><W81/><G50/><T25/><D13/><U27/><E27/><V118/><F118/><W95/><G10/><T12/><D12/><U28/><E28/><V74/><F74/><W117/><G122/><T77/><D6/><U64/><E64/><V15/><F34/><W133/><G117/><T4/><D4/><U100/><E100/><V70/><F70/><W110/><G110/><T124/><D77/><U128/><E128/><V132/><F132/><W72/><G72/><T5/><D5/><U92/><E92/><V33/><F33/><W18/><G81/><T76/><D76/><U52/><E55/><V82/><F82/><W68/><G133/><T17/><D124/><U83/><E83/><V102/><F102/><W125/><G125/><T96/><D96/><U30/><E30/><V53/><F111/><W3/><G3/><T121/><D121/><U107/><E107/><RYUUKYOKU ba="0,0" sc="185,15,537,15,256,-15,22,-15" hai0="17,22,25,44,48,54,56,57,58,62" hai1="11,14,19,26,31,32,36,37,49,52,86,90,93" /><INIT seed="7,1,0,2,0,21" ten="200,552,241,7" oya="3" hai0="44,92,64,120,117,66,16,26,115,107,59,46,93" hai1="103,94,110,90,123,38,61,6,73,86,119,134,1" hai2="80,11,33,65,27,57,53,42,3,127,67,72,91" hai3="105,58,34,60,18,106,55,10,5,95,116,39,20"/><W17/><G34/><T22/><D107/><U128/><E38/><V88/><F42/><W97/><G39/><T83/><D117/><U101/><E61/><V12/><F3/><W96/><G97/><T41/><D120/><U129/><E1/><V47/><F47/><N who="0" m="17962" /><D41/><U48/><E48/><V24/><F127/><W75/><G75/><T111/><D111/><U82/><E6/><V70/><F70/><W4/><G18/><T133/><D133/><U14/><E14/><V71/><F71/><W0/><G4/><T100/><D115/><U74/><E134/><V31/><F27/><N who="3" m="14735" /><G116/><T121/><D121/><U89/><E110/><V113/><F113/><W25/><G25/><T84/><D100/><N who="1" m="38475" /><E123/><V76/><F67/><N who="0" m="25642" /><D59/><U40/><E40/><V30/><F65/><W130/><G130/><N who="1" m="50282" /><E119/><V131/><F30/><W7/><G5/><T28/><D28/><U126/><E126/><V85/><F72/><W15/><G0/><T102/><D102/><U9/><E9/><V122/><F122/><W23/><G23/><T98/><D98/><AGARI ba="1,0" hai="73,74,82,86,89,90,94,98" m="50282,38475" machi="98" ten="30,3900,0" yaku="19,1,34,2" doraHai="21" who="1" fromWho="0" sc="200,-42,552,42,241,0,7,0" owari="158,-24.2,594,69.4,241,4.1,7,-49.3" /></mjloggm>