<mjloggm ver="2.3"><GO type="225" lobby="0"/><UN n0="%E9%A6%AC%E5%BC%95%E7%81%AB%33" n1="%E6%A1%9C%E8%8A%B1%E9%96%83%E3%80%85" n2="%E7%B4%94%E6%BD%94%E3%83%94%E3%83%A9%E3%83%8B%E3%82%A2" n3="%72%61%6B%33" dan="16,16,16,16" rate="2144.05,2219.63,2201.66,2083.17" sx="M,M,M,M"/><TAIKYOKU oya="0"/><INIT seed="0,0,0,3,5,105" ten="250,250,250,250" oya="0" hai0="2,94,85,123,10,98,49,34,1,71,60,96,91" hai1="47,46,93,30,39,80,17,62,131,84,121,110,109" hai2="20,73,116,115,14,33,124,111,130,28,135,90,77" hai3="26,76,100,51,24,45,4,59,122,52,50,82,92"/><T41/><D123/><U78/><E121/><V53/><F53/><W125/><G125/><T114/><D114/><U72/><E131/><V5/><F90/><W15/><G122/><T127/><D34/><U31/><E17/><V75/><F77/><W120/><G120/><T61/><D127/><U12/><E12/><V68/><F115/><W112/><G112/><T113/><D113/><U0/><E0/><V70/><F124/><W58/><G58/><T129/><D129/><U11/><E11/><V35/><F130/><W48/><G48/><T104/><D1/><U36/><E62/><V107/><F107/><W133/><G133/><T27/><D27/><U13/><E13/><V108/><F135/><W99/><G15/><T106/><D106/><U38/><E93/><V16/><F5/><W86/><REACH who="3" step="1"/><G4/><REACH who="3" ten="250,250,250,240" step="2"/><T67/><D49/><U21/><E46/><V117/><F70/><W57/><G57/><T8/><D2/><U134/><E47/><V7/><F68/><W126/><G126/><T97/><D104/><U65/><E134/><V88/><F7/><W83/><G83/><T32/><D71/><U79/><E38/><V18/><F14/><W64/><G64/><T101/><D67/><U3/><E65/><V29/><F20/><W74/><G74/><T22/><D22/><U89/><E72/><V43/><F43/><AGARI ba="0,1" hai="24,26,43,45,50,51,52,59,76,82,86,92,99,100" machi="43" ten="30,8000,1" yaku="1,1,7,1,8,1,54,1,53,1" doraHai="105" doraHaiUra="55" who="3" fromWho="2" sc="250,0,250,0,250,-80,240,90" /><INIT seed="1,0,0,1,1,123" ten="250,250,170,330" oya="1" hai0="21,9,66,0,86,33,28,55,46,100,35,13,79" hai1="12,11,38,124,75,67,95,36,91,88,57,68,92" hai2="98,76,1,93,43,102,56,121,113,41,24,110,96" hai3="8,7,122,108,58,118,103,30,101,117,115,14,82"/><U69/><E75/><V72/><F121/><W27/><G122/><T116/><D116/><N who="3" m="44649" /><G108/><T105/><D0/><U77/><E77/><V29/><F1/><W54/><G82/><T107/><D66/><U19/><E124/><V109/><F113/><W80/><G80/><T3/><D3/><U130/><E130/><V71/><F71/><W84/><G84/><T20/><D86/><U52/><E67/><V125/><F125/><W119/><G115/><T17/><D79/><U5/><E69/><V61/><F98/><W25/><G119/><T48/><D100/><N who="3" m="38473" /><G30/><T78/><D78/><U22/><E68/><V85/><F85/><W74/><G74/><T104/><REACH who="0" step="1"/><D28/><REACH who="0" ten="240,250,170,330" step="2"/><U133/><E133/><V99/><F99/><W23/><G23/><AGARI ba="0,1" hai="9,13,17,20,21,23,33,35,46,48,55,104,105,107" machi="23" ten="40,5200,0" yaku="1,1,2,1,53,1" doraHai="123" doraHaiUra="49" who="0" fromWho="3" sc="240,62,250,0,170,0,330,-52" /><INIT seed="2,0,0,0,3,68" ten="302,250,170,278" oya="2" hai0="61,97,23,91,131,104,67,90,121,134,46,125,11" hai1="94,7,127,44,26,30,81,34,112,21,111,75,3" hai2="117,118,43,114,135,72,59,80,22,14,110,58,65" hai3="129,124,16,89,73,93,107,8,87,35,12,86,69"/><V54/><F114/><W36/><G73/><T85/><D121/><U98/><E112/><V50/><F135/><W82/><G107/><T71/><D134/><U123/><E123/><V6/><F110/><W132/><G132/><T31/><D125/><U84/><E111/><V57/><F43/><W10/><G124/><T18/><D131/><U66/><E75/><V48/><F65/><W62/><G129/><T130/><D130/><U20/><E127/><V76/><F6/><W108/><G108/><T101/><D31/><U5/><E44/><V77/><F77/><W103/><G35/><T9/><D46/><U53/><E53/><V109/><F109/><W115/><G115/><T106/><D91/><U47/><E47/><V40/><F40/><W88/><G103/><T27/><D106/><U0/><E66/><V45/><REACH who="2" step="1"/><F50/><REACH who="2" ten="302,250,160,278" step="2"/><W15/><G69/><T28/><D67/><U55/><E7/><V24/><F24/><W51/><G51/><T42/><D27/><U92/><E5/><V105/><F105/><W74/><G62/><T70/><D104/><U63/><E26/><V33/><F33/><W83/><G74/><T133/><D61/><U52/><E34/><V4/><F4/><N who="3" m="3079" /><G36/><T41/><D70/><U38/><E38/><V1/><F1/><W119/><G119/><T17/><D71/><U102/><E63/><V100/><F100/><W128/><G128/><T25/><D101/><U120/><E102/><V19/><AGARI ba="0,1" hai="14,19,22,45,48,54,57,58,59,72,76,80,117,118" machi="19" ten="30,3000,0" yaku="1,1,0,1,53,0" doraHai="68" doraHaiUra="29" who="2" fromWho="2" sc="302,-10,250,-10,160,40,278,-10" /><INIT seed="2,1,0,2,0,96" ten="292,240,200,268" oya="2" hai0="4,122,119,48,2,40,21,9,58,73,3,105,52" hai1="74,14,53,6,133,71,1,47,130,129,75,57,127" hai2="110,35,85,97,87,124,100,121,45,23,37,109,106" hai3="123,86,113,131,98,34,63,41,49,61,39,56,8"/><V82/><F35/><W94/><G34/><T79/><D122/><U59/><E1/><V7/><F121/><W125/><G123/><T76/><D105/><U31/><E71/><V62/><F124/><W28/><G125/><T108/><D2/><U30/><E127/><V112/><F112/><W19/><G131/><N who="1" m="50186" /><E47/><V116/><F116/><W44/><G113/><T32/><D32/><U95/><E95/><V102/><F62/><W55/><G28/><N who="1" m="10794" /><E133/><V84/><F102/><W114/><G114/><T111/><D119/><U117/><E117/><V24/><F7/><W10/><G86/><T90/><D90/><U115/><E115/><V120/><F120/><W36/><G36/><T13/><D73/><N who="1" m="27659" /><E53/><V99/><F99/><W68/><G19/><N who="0" m="10479" /><D40/><U50/><E50/><V22/><F82/><W128/><G128/><T33/><D33/><U104/><E104/><V67/><F67/><N who="3" m="41071" /><G63/><T134/><D134/><U25/><E25/><V42/><REACH who="2" step="1"/><F22/><REACH who="2" ten="292,240,190,268" step="2"/><W20/><G20/><T126/><D126/><U92/><E92/><V70/><F70/><W132/><G132/><T72/><D4/><U54/><E54/><V16/><AGARI ba="1,1" hai="16,23,24,37,42,45,84,85,87,97,100,106,109,110" machi="16" ten="30,11700,0" yaku="1,1,0,1,52,1,54,1,53,0" doraHai="96" doraHaiUra="29" who="2" fromWho="2" sc="292,-40,240,-40,190,130,268,-40" /><INIT seed="2,2,0,4,3,135" ten="252,200,320,228" oya="2" hai0="9,44,51,16,52,21,29,49,1,102,58,131,109" hai1="31,64,22,65,6,122,93,82,90,67,77,89,97" hai2="56,32,2,33,127,63,46,15,105,106,4,94,72" hai3="84,18,116,134,101,3,79,114,47,0,108,28,60"/><V88/><F72/><W83/><G116/><T17/><D109/><U130/><E130/><V40/><F2/><W112/><G134/><T45/><D131/><U38/><E38/><V24/><F15/><W25/><G108/><T8/><D102/><U117/><E117/><V111/><F4/><W48/><G60/><T68/><D68/><U66/><N who="1" m="16384" /><DORA hai="69" /><U104/><E104/><V36/><F127/><W119/><G18/><N who="0" m="7275" /><D1/><U37/><E37/><V70/><F70/><W126/><G101/><T123/><D123/><U115/><E115/><N who="3" m="44074" /><G126/><T107/><D107/><U61/><E61/><V13/><F13/><W73/><G73/><T75/><D75/><U5/><E90/><V57/><F32/><N who="3" m="20495" /><G119/><T124/><D124/><U76/><E122/><V81/><F63/><W62/><G62/><T96/><D96/><U92/><E92/><V132/><F81/><W110/><G110/><T85/><D85/><N who="1" m="48335" /><E76/><V78/><F78/><W99/><G99/><T12/><D58/><U87/><E97/><V50/><F132/><W27/><G27/><AGARI ba="2,0" hai="5,6,22,27,31,87,89,93" m="48335,16384" machi="27" ten="40,1300,0" yaku="8,1" doraHai="135,69" who="1" fromWho="3" sc="252,0,200,19,320,0,228,-19" /><INIT seed="3,0,0,5,2,49" ten="252,219,320,209" oya="3" hai0="11,58,75,32,122,26,19,41,6,60,86,52,38" hai1="100,68,57,79,64,35,18,103,12,113,81,34,124" hai2="112,87,37,24,77,33,56,132,30,76,4,43,114" hai3="134,108,13,54,5,105,111,74,55,106,72,131,17"/><W84/><G5/><T48/><D122/><U7/><E68/><V0/><F37/><W125/><G125/><T8/><D75/><N who="3" m="28713" /><G84/><T123/><D123/><U65/><E113/><V9/><F43/><W1/><G1/><T82/><D38/><U92/><E124/><V88/><F76/><W62/><G62/><T28/><D19/><U118/><E7/><V78/><F77/><W67/><G67/><T50/><D41/><U3/><E3/><V119/><F78/><W90/><G90/><T104/><D104/><N who="3" m="40041" /><G131/><T98/><D98/><U15/><E65/><V14/><F119/><W93/><G93/><T2/><D11/><U42/><E118/><V85/><F85/><W63/><G63/><T116/><D116/><U27/><E92/><V101/><F101/><W110/><G134/><T40/><D40/><U53/><E42/><V51/><F132/><W97/><G97/><T39/><D39/><U20/><E64/><V69/><F69/><W22/><AGARI ba="0,0" hai="13,17,22,54,55,108,110,111" m="40041,28713" machi="22" ten="40,12000,1" yaku="14,1,10,1,52,2" doraHai="49" who="3" fromWho="3" sc="252,-40,219,-40,320,-40,209,120" owari="212,-18.8,179,-32.1,280,8.0,329,42.9" /></mjloggm>