<mjloggm ver="2.3"><GO type="169" lobby="0"/><UN n0="%E3%81%8B%E3%82%81%E3%81%98%E3%82%8D%E3%81%86" n1="%E3%83%9F%E3%82%B2%E3%83%BC%E3%83%AB%E6%94%B9" n2="%E3%83%A2%E3%83%AD%E3%83%98%E3%82%A4%E3%83%A4" n3="%E6%99%A8%E6%98%8F%E5%B0%8D%E5%B3%99" dan="16,16,16,17" rate="2144.64,2220.16,2094.22,2204.28" sx="M,M,M,M"/><TAIKYOKU oya="0"/><INIT seed="0,0,0,4,4,36" ten="250,250,250,250" oya="0" hai0="21,37,126,130,70,132,82,56,29,55,44,35,114" hai1="89,92,42,11,2,135,69,84,68,97,105,5,108" hai2="7,127,27,4,38,109,111,133,73,100,13,128,16" hai3="41,58,116,25,122,49,51,32,99,39,28,15,26"/><T131/><D35/><U18/><E108/><V59/><F73/><W104/><G116/><T31/><D114/><U119/><E119/><V10/><F38/><W79/><G122/><T66/><D82/><U85/><E135/><V75/><F75/><W19/><G79/><T20/><D132/><U23/><E69/><V72/><F72/><W94/><G104/><T80/><D80/><U110/><E68/><V103/><F133/><W54/><G26/><T129/><D126/><U47/><E110/><N who="2" m="41995" /><F127/><W24/><G24/><T57/><D70/><U76/><E76/><V30/><F59/><N who="0" m="22602" /><D66/><U107/><E107/><V90/><F90/><W117/><G117/><T9/><D9/><U124/><E105/><V14/><F128/><W123/><G123/><T34/><D34/><U60/><E60/><V93/><F93/><W74/><G74/><T120/><D120/><U8/><E8/><N who="2" m="6183" /><F4/><W112/><G112/><T121/><D121/><U115/><E115/><V53/><F53/><W106/><G106/><T125/><D125/><U50/><E124/><V98/><F98/><W17/><G39/><T77/><D77/><U83/><E83/><V63/><F63/><W48/><G48/><N who="0" m="29063" /><D37/><U67/><REACH who="1" step="1"/><E67/><REACH who="1" ten="250,240,250,250" step="2"/><V12/><F12/><AGARI ba="0,1" hai="2,5,11,12,18,23,42,47,50,84,85,89,92,97" machi="12" ten="30,7700,0" yaku="1,1,2,1,7,1,52,1,53,0" doraHai="36" doraHaiUra="71" who="1" fromWho="2" sc="250,0,240,87,250,-77,250,0" /><INIT seed="1,0,0,1,1,123" ten="250,327,173,250" oya="1" hai0="3,131,17,95,121,55,106,82,16,81,120,76,86" hai1="5,99,43,66,44,13,102,74,78,41,51,26,40" hai2="25,85,15,122,108,39,96,132,49,113,107,112,104" hai3="68,115,130,75,45,87,54,97,62,36,0,58,8"/><U61/><E74/><V1/><F39/><W6/><G130/><T118/><D118/><U33/><E78/><V128/><F1/><W32/><G115/><T30/><D3/><U48/><E48/><V119/><F122/><N who="0" m="47210" /><D106/><U28/><E13/><V71/><F71/><W117/><G117/><T126/><D131/><U124/><E5/><V24/><F128/><W109/><G32/><T80/><D126/><U110/><E124/><V22/><F119/><W23/><G23/><T18/><D30/><U116/><E110/><V84/><F15/><W53/><G97/><T10/><D10/><U69/><REACH who="1" step="1"/><E116/><REACH who="1" ten="250,317,173,250" step="2"/><V135/><F49/><N who="3" m="31023" /><G75/><T4/><D4/><U63/><E63/><V65/><F108/><W70/><G109/><T79/><D55/><U73/><E73/><V34/><F113/><W29/><G54/><T59/><D59/><U133/><E133/><V27/><F112/><W83/><G70/><T14/><D14/><U57/><E57/><V77/><F77/><N who="3" m="46575" /><G68/><T91/><AGARI ba="0,1" hai="16,17,18,76,79,80,81,82,86,91,95" m="47210" machi="91" ten="40,2700,0" yaku="13,1,54,1" doraHai="123" who="0" fromWho="0" sc="250,37,317,-13,173,-7,250,-7" /><INIT seed="2,0,0,4,1,118" ten="287,304,166,243" oya="2" hai0="117,72,25,98,4,30,58,44,111,71,35,18,76" hai1="102,12,120,5,107,0,15,51,64,77,81,119,50" hai2="85,59,86,42,60,41,97,69,115,11,91,113,26" hai3="124,87,101,63,132,121,33,135,48,95,22,19,36"/><V100/><F69/><W83/><G36/><T13/><D111/><U99/><E119/><V47/><F26/><N who="3" m="14687" /><G33/><T114/><D117/><U9/><E64/><V53/><F11/><W82/><G124/><T104/><D71/><U49/><REACH who="1" step="1"/><E120/><REACH who="1" ten="287,294,166,243" step="2"/><V65/><F65/><W79/><G121/><T110/><D114/><U27/><E27/><V55/><F115/><W16/><G132/><T8/><D25/><U88/><E88/><V75/><F113/><W46/><G135/><T21/><D76/><U96/><E96/><V61/><F75/><AGARI ba="0,1" hai="0,5,9,12,15,49,50,51,75,77,81,99,102,107" machi="75" ten="40,2600,0" yaku="1,1,53,1" doraHai="118" doraHaiUra="106" who="1" fromWho="2" sc="287,0,294,36,166,-26,243,0" /><INIT seed="3,0,0,3,0,124" ten="287,330,140,243" oya="3" hai0="111,19,110,31,64,125,100,107,52,37,103,5,6" hai1="56,86,49,104,112,121,50,26,7,3,29,88,16" hai2="115,38,22,23,18,66,40,80,55,126,71,12,81" hai3="129,94,41,116,87,93,9,134,21,43,92,33,113"/><W4/><G116/><T76/><D125/><U68/><E68/><V28/><F126/><W82/><G113/><T20/><D37/><U51/><E104/><V131/><F115/><W11/><G33/><T108/><D64/><U123/><E112/><V58/><F71/><W36/><G36/><T47/><D31/><U98/><E98/><V114/><F66/><W128/><G134/><T8/><D76/><U95/><E29/><V84/><F114/><W109/><G21/><T32/><D32/><U97/><E3/><V75/><F75/><W61/><G61/><T89/><D89/><U39/><E39/><V105/><F105/><W96/><G96/><N who="0" m="61831" /><D103/><U85/><E7/><V78/><F80/><W60/><G60/><T53/><D47/><U63/><E123/><V99/><F99/><W35/><G35/><T133/><D6/><U73/><E73/><V10/><F28/><W62/><G62/><T106/><D106/><U27/><E27/><V46/><REACH who="2" step="1"/><F131/><REACH who="2" ten="287,330,130,243" step="2"/><N who="3" m="50251" /><G109/><T83/><D133/><U48/><E121/><V54/><F54/><W59/><G59/><T102/><D52/><U44/><N who="1" m="12288" /><DORA hai="90" /><U57/><E44/><V30/><F30/><W118/><G118/><T79/><D53/><N who="1" m="34191" /><E57/><V91/><F91/><N who="3" m="51703" /><G4/><T130/><D130/><U34/><E34/><V72/><F72/><W119/><G119/><T1/><D5/><U127/><E127/><V74/><F74/><W122/><G122/><T13/><D110/><U120/><E120/><V24/><F24/><W65/><G65/><T25/><D111/><U67/><E67/><V14/><F14/><W42/><AGARI ba="0,1" hai="9,11,41,42,43,92,93,94" m="51703,50251" machi="42" ten="40,24000,3" yaku="5,1,19,1,52,6" doraHai="124,90" who="3" fromWho="3" sc="287,-80,330,-80,130,-80,243,250" /><INIT seed="3,1,0,2,4,11" ten="207,250,50,493" oya="3" hai0="23,1,87,94,120,59,98,29,39,60,97,88,114" hai1="123,115,105,8,104,16,6,77,26,49,92,112,111" hai2="82,117,10,2,41,132,124,91,43,53,9,18,121" hai3="107,36,131,57,81,54,85,103,38,134,129,90,20"/><W32/><G32/><T69/><D120/><U118/><E123/><V89/><F121/><W46/><G134/><T3/><D39/><N who="3" m="14889" /><G46/><T75/><D69/><U47/><E111/><V70/><F70/><W21/><G103/><T72/><D114/><U125/><E118/><V61/><F117/><W4/><G4/><T113/><D113/><U58/><E58/><V100/><F100/><W62/><G107/><T65/><D3/><U19/><E115/><V119/><F119/><W7/><G7/><T74/><REACH who="0" step="1"/><D1/><REACH who="0" ten="197,250,50,493" step="2"/><U28/><E112/><V78/><F2/><W95/><G129/><T133/><D133/><U76/><E125/><V17/><F124/><W110/><G131/><T135/><D135/><U45/><E105/><V109/><F132/><W130/><G130/><T128/><D128/><U30/><E104/><V0/><F0/><W50/><G110/><T73/><N who="0" m="18432" /><DORA hai="56" /><T13/><D13/><U116/><E116/><V101/><F109/><W40/><G50/><T22/><D22/><U44/><E49/><V35/><F35/><W79/><G21/><T5/><D5/><U12/><E6/><V33/><F33/><W108/><G20/><T96/><D96/><U83/><E12/><V71/><F71/><W64/><G108/><T127/><D127/><U106/><E106/><V48/><F48/><W86/><G40/><T15/><D15/><U102/><E8/><V126/><F10/><W51/><G51/><T84/><D84/><U34/><E34/><V67/><F9/><W27/><G27/><AGARI ba="1,1" hai="23,27,29,59,60,65,87,88,94,97,98" m="18432" machi="27" ten="70,8000,1" yaku="1,1,52,1,54,1,53,1" doraHai="11,56" doraHaiUra="63,122" who="0" fromWho="3" sc="197,93,250,0,50,0,493,-83" /><INIT seed="4,0,0,5,4,12" ten="290,250,50,410" oya="0" hai0="54,71,124,99,38,5,1,15,50,69,92,87,43" hai1="119,49,35,133,65,97,44,117,16,106,72,73,85" hai2="23,3,112,74,48,89,90,18,17,100,62,128,26" hai3="111,121,10,80,78,36,88,94,9,40,84,125,116"/><T130/><D1/><U6/><E35/><V115/><F3/><W68/><G111/><T127/><D87/><U70/><E6/><V98/><F74/><W96/><G116/><T33/><D33/><U25/><E73/><V34/><F34/><W28/><G125/><N who="0" m="48203" /><D43/><U53/><E72/><V118/><F118/><W30/><G68/><T64/><D38/><U122/><E133/><V13/><F128/><W0/><G121/><T126/><D64/><U104/><E104/><V32/><F32/><W113/><G113/><N who="2" m="43593" /><F48/><W61/><G61/><T2/><D2/><U37/><E37/><V63/><F63/><W55/><G55/><T77/><D77/><U109/><E65/><V14/><F14/><W131/><G131/><T46/><D130/><U60/><E60/><V123/><F62/><W21/><G36/><T82/><D82/><U75/><E75/><V7/><F7/><W24/><G40/><T101/><N who="0" m="48211" /><T47/><DORA hai="20" /><D47/><U41/><E44/><V39/><F39/><W58/><G0/><T11/><AGARI ba="0,0" hai="5,11,15,46,50,54,69,71,92,99,101" m="48211" machi="11" ten="40,2100,0" yaku="18,1" doraHai="12,20" who="0" fromWho="0" sc="290,21,250,-7,50,-7,410,-7" /><INIT seed="4,1,0,5,1,32" ten="311,243,43,403" oya="0" hai0="13,68,86,52,56,29,69,91,36,33,41,130,73" hai1="104,105,126,78,119,45,93,53,103,108,125,80,117" hai2="66,10,47,97,8,87,81,107,95,121,131,49,7" hai3="112,127,6,2,96,25,106,16,75,15,24,39,116"/><T88/><D73/><U58/><E45/><V84/><F107/><N who="1" m="41033" /><E58/><V134/><F121/><W37/><G75/><T72/><D72/><N who="1" m="43079" /><E53/><V83/><F66/><W34/><G112/><T77/><D130/><U30/><E30/><V128/><F134/><W123/><G127/><N who="1" m="48650" /><E108/><V92/><F97/><AGARI ba="1,0" hai="93,97,103,117,119" m="48650,43079,41033" machi="97" ten="30,3900,0" yaku="18,1,34,2" doraHai="32" who="1" fromWho="2" sc="311,0,243,42,43,-42,403,0" /><INIT seed="5,0,0,1,5,91" ten="311,285,1,403" oya="1" hai0="93,89,26,96,100,128,112,52,94,121,73,125,23" hai1="65,41,133,72,115,77,111,27,108,117,9,29,113" hai2="33,18,56,11,85,90,25,78,110,8,45,120,58" hai3="6,32,17,5,4,55,16,83,84,104,69,60,105"/><U68/><E117/><V88/><F110/><N who="1" m="42025" /><E133/><V62/><F120/><W130/><G130/><T63/><D128/><U35/><E41/><V61/><F78/><N who="3" m="46199" /><G32/><T75/><D121/><U30/><E77/><V43/><F33/><W20/><G69/><T31/><D112/><N who="1" m="43083" /><E72/><V98/><F25/><N who="3" m="14471" /><G105/><T39/><D125/><U24/><E65/><V131/><F131/><W119/><G104/><T7/><D39/><U37/><E37/><V59/><F98/><W126/><G126/><T13/><D7/><N who="3" m="1793" /><W44/><DORA hai="76" /><G119/><T54/><D13/><U64/><E64/><V97/><F97/><W129/><G129/><T10/><D10/><U74/><E74/><V87/><F18/><W14/><G60/><T102/><D102/><U92/><E9/><N who="2" m="3659" /><F62/><W47/><G55/><T118/><D118/><U106/><E106/><V36/><F61/><W3/><G3/><T81/><D73/><U46/><E68/><V123/><F123/><W19/><G19/><T86/><D63/><U1/><E1/><V67/><F67/><W57/><G57/><N who="2" m="14593" /><V0/><DORA hai="21" /><F0/><W127/><G127/><T135/><D135/><U2/><E2/><V70/><F70/><W109/><G109/><T28/><D28/><N who="1" m="10859" /><E46/><V80/><F36/><W95/><G47/><T71/><D71/><U66/><E66/><V50/><F87/><W116/><G44/><T49/><D49/><U124/><E35/><V48/><F48/><W107/><G107/><T12/><D12/><U34/><E34/><V99/><F99/><W103/><G116/><T40/><D40/><U53/><E124/><V79/><AGARI ba="0,0" hai="43,45,50,79,80,85,88,90" m="14593,3659" machi="79" ten="40,8000,1" yaku="5,1,8,1,52,1,54,1" doraHai="91,76,21" who="2" fromWho="2" sc="311,-20,285,-40,1,80,403,-20" /><INIT seed="6,0,0,3,2,27" ten="291,245,81,383" oya="2" hai0="12,112,124,89,17,72,58,98,55,131,70,8,4" hai1="22,49,102,134,110,19,64,57,135,92,56,33,40" hai2="109,127,95,11,113,16,5,47,25,41,115,69,66" hai3="44,42,32,120,6,23,78,43,91,2,53,77,74"/><V93/><F127/><W88/><G120/><T106/><D70/><U116/><E110/><V128/><F109/><W104/><G104/><T39/><D39/><U18/><E33/><V37/><F128/><W20/><G32/><T103/><D124/><U76/><E116/><V13/><F66/><W65/><G65/><T71/><D71/><U121/><E76/><N who="3" m="29290" /><G2/><T62/><D131/><U87/><E121/><V125/><F69/><W45/><G6/><T133/><D133/><N who="1" m="50699" /><E64/><V84/><F125/><W75/><G53/><T31/><D112/><N who="2" m="43082" /><F84/><W79/><N who="3" m="29298" /><W26/><DORA hai="61" /><G75/><T35/><D89/><N who="3" m="34377" /><G74/><T54/><D72/><U34/><E34/><V3/><F25/><W108/><G108/><T7/><D55/><U30/><E87/><V86/><F86/><W126/><G126/><T59/><D59/><N who="1" m="22603" /><E49/><V85/><F85/><W46/><G26/><T81/><D81/><U117/><E40/><AGARI ba="0,0" hai="20,23,40,42,43,44,45,46" m="34377,29298" machi="40" ten="40,8000,1" yaku="28,2,8,1,54,1" doraHai="27,61" who="3" fromWho="1" sc="291,0,245,-80,81,0,383,80" /><INIT seed="7,0,0,2,1,28" ten="291,165,81,463" oya="3" hai0="103,54,26,32,95,108,119,2,5,117,43,10,63" hai1="57,88,12,124,17,7,37,68,86,25,29,132,6" hai2="60,58,126,67,110,93,24,52,50,19,134,75,3" hai3="73,92,70,51,130,76,13,69,14,100,11,53,0"/><W35/><G35/><T114/><D108/><U46/><E68/><V81/><F3/><W131/><G76/><T111/><D111/><U121/><E121/><V36/><F110/><W56/><G73/><T98/><D43/><U99/><E99/><V104/><F104/><W48/><G0/><T23/><D114/><U64/><E132/><V97/><F134/><W15/><G11/><T62/><D62/><U101/><E101/><V31/><F19/><W122/><G122/><T90/><D103/><U42/><E124/><V112/><F36/><W106/><G106/><T71/><D32/><U49/><E64/><V85/><F75/><W102/><G51/><T74/><D74/><U94/><E57/><V87/><F112/><W72/><G72/><T109/><D109/><U27/><E37/><V4/><F4/><N who="1" m="1577" /><E29/><V96/><F96/><N who="3" m="59399" /><G102/><T66/><REACH who="0" step="1"/><D54/><REACH who="0" ten="281,165,81,463" step="2"/><U123/><E123/><V16/><F126/><W20/><G53/><T59/><D59/><U105/><E105/><V79/><F97/><W125/><G56/><T91/><D91/><U47/><E46/><V8/><F93/><W30/><G125/><T9/><D9/><AGARI ba="0,1" hai="9,12,17,25,27,42,47,49,86,88,94" m="1577" machi="9" ten="30,2000,0" yaku="8,1,54,1" doraHai="28" who="1" fromWho="0" sc="281,-20,165,30,81,0,463,0" owari="261,6.1,195,-20.5,81,-41.9,463,56.3" /></mjloggm>