<mjloggm ver="2.3"><GO type="169" lobby="0"/><UN n0="%E3%82%88%E3%81%B4" n1="%E3%82%B0%E3%83%AA%E3%83%B3" n2="%E8%90%BD%E3%81%AE%E5%8D%83%E7%A7%8B" n3="%70%6F%6E%2D%65%6E" dan="17,16,17,16" rate="2139.75,2174.23,2135.84,2111.81" sx="M,M,M,F"/><TAIKYOKU oya="0"/><INIT seed="0,0,0,0,3,35" ten="250,250,250,250" oya="0" hai0="101,26,79,62,4,49,71,127,11,115,67,1,3" hai1="53,93,41,102,18,87,28,24,86,130,56,113,39" hai2="88,100,74,90,57,103,50,105,16,78,54,23,131" hai3="99,89,135,73,117,59,104,19,45,29,106,120,81"/><T68/><D115/><U114/><E130/><V65/><F131/><W122/><G29/><T124/><D71/><U123/><E123/><N who="3" m="47146" /><G59/><T64/><D64/><U43/><E18/><V119/><F119/><W83/><G19/><T75/><D101/><N who="2" m="38986" /><F74/><W133/><G45/><T94/><D94/><U107/><E107/><N who="3" m="41002" /><G117/><T116/><D116/><U31/><E39/><V77/><F105/><W42/><G42/><N who="1" m="15882" /><E24/><V8/><F8/><W129/><G129/><T33/><D49/><U32/><E32/><V132/><F132/><N who="3" m="50763" /><G73/><T6/><D75/><U14/><E14/><N who="2" m="9623" /><F65/><W61/><G61/><T92/><D92/><AGARI ba="0,0" hai="81,83,89,92,99" m="50763,41002,47146" machi="92" ten="40,8000,1" yaku="13,1,20,1,34,2" doraHai="35" who="3" fromWho="0" sc="250,-80,250,0,250,0,250,80" /><INIT seed="1,0,0,2,0,87" ten="170,250,250,330" oya="1" hai0="119,45,34,33,69,47,48,54,40,113,72,85,11" hai1="8,56,64,117,74,25,27,38,37,76,57,59,12" hai2="3,65,127,13,35,15,79,50,41,53,86,60,73" hai3="118,95,110,32,43,124,28,19,83,81,93,4,98"/><U126/><E117/><V6/><F35/><W130/><G110/><T5/><D72/><U75/><E126/><V128/><F127/><W122/><G130/><T77/><D69/><U97/><E64/><V104/><F104/><W129/><G122/><T120/><D113/><U114/><E114/><V116/><F116/><W24/><G129/><T134/><D134/><U89/><E38/><V96/><F41/><W135/><G135/><T125/><D120/><U106/><E37/><V101/><F73/><W1/><G43/><T132/><D132/><U51/><E51/><V123/><F123/><W78/><G124/><T91/><D77/><U112/><E112/><V49/><F3/><W131/><G131/><T7/><D7/><U10/><E10/><V62/><F6/><W102/><G118/><T42/><D54/><U2/><E2/><V21/><F21/><W44/><G44/><T70/><D70/><U108/><E108/><V115/><F115/><W58/><G58/><T29/><D29/><U107/><E75/><V55/><F79/><W80/><G19/><T52/><D42/><U109/><E109/><V26/><F86/><W20/><G32/><T67/><D67/><U18/><E76/><V94/><F26/><N who="1" m="9737" /><E74/><V30/><F65/><W105/><G78/><T84/><D125/><U22/><E22/><V90/><F128/><W39/><G39/><T133/><D133/><U14/><E14/><V36/><F15/><W0/><G0/><T103/><D119/><U63/><E63/><V71/><F62/><W66/><G66/><T31/><D34/><U17/><E17/><RYUUKYOKU ba="0,0" sc="170,-15,250,15,250,-15,330,15" hai1="8,12,18,56,57,59,89,97,106,107" hai3="1,4,20,24,28,80,81,83,93,95,98,102,105" /><INIT seed="1,1,0,4,0,133" ten="155,265,235,345" oya="1" hai0="40,90,68,24,56,3,64,88,35,108,115,92,6" hai1="1,107,31,83,125,2,9,47,102,49,50,8,12" hai2="28,18,19,119,22,93,106,27,112,86,135,78,121" hai3="75,45,43,103,72,48,61,85,134,25,131,104,120"/><U34/><E125/><V116/><F106/><W128/><G120/><T122/><D108/><U124/><E124/><V65/><F121/><W20/><G134/><T99/><D68/><U63/><E63/><V58/><F135/><W76/><G61/><T30/><D115/><U51/><E47/><V114/><F58/><W84/><G103/><T66/><D122/><U97/><E9/><V62/><F62/><W46/><G104/><T55/><D40/><U95/><E107/><V17/><F65/><W91/><G46/><T105/><D105/><U26/><REACH who="1" step="1"/><E83/><REACH who="1" ten="155,255,235,345" step="2"/><V7/><F114/><W10/><G10/><T71/><D71/><U129/><E129/><V100/><F112/><W118/><G45/><T21/><D66/><U87/><E87/><V79/><F79/><W52/><G84/><T70/><D64/><U16/><AGARI ba="1,1" hai="1,2,8,12,16,26,31,34,49,50,51,95,97,102" machi="16" ten="30,6000,0" yaku="1,1,0,1,54,1,53,0" doraHai="133" doraHaiUra="74" who="1" fromWho="1" sc="155,-21,255,73,235,-21,345,-21" /><INIT seed="1,2,0,0,1,128" ten="134,328,214,324" oya="1" hai0="89,50,73,37,12,68,88,46,67,42,59,118,82" hai1="56,121,17,84,29,126,101,74,132,22,106,32,103" hai2="107,116,24,10,77,71,3,79,38,66,58,119,125" hai3="25,86,34,102,36,43,127,31,14,7,39,78,124"/><U62/><E121/><V114/><F107/><W44/><G102/><T33/><D33/><U108/><E74/><V81/><F38/><N who="3" m="21623" /><G78/><T9/><D118/><U93/><E126/><N who="3" m="48170" /><G86/><T113/><D113/><U110/><E132/><V70/><F24/><W52/><G52/><T51/><D73/><U60/><E29/><V133/><F125/><W115/><G115/><T26/><D26/><N who="1" m="14671" /><E32/><V35/><F35/><W98/><G98/><T53/><D51/><U97/><E106/><V129/><F114/><W122/><G122/><T76/><D76/><U112/><E103/><V15/><F79/><W120/><G120/><T55/><D55/><U104/><E112/><V94/><F77/><W64/><G64/><T1/><D82/><U21/><E56/><V92/><F58/><W54/><G54/><T18/><REACH who="0" step="1"/><D1/><REACH who="0" ten="124,328,214,324" step="2"/><U4/><E62/><AGARI ba="2,1" hai="9,12,18,37,42,46,50,53,59,62,67,68,88,89" machi="62" ten="40,12000,2" yaku="1,1,2,1,24,2,54,1,53,1" doraHai="128" doraHaiUra="49" who="0" fromWho="1" sc="124,136,328,-126,214,0,324,0" /><INIT seed="2,0,0,4,5,29" ten="260,202,214,324" oya="2" hai0="61,102,96,31,135,36,22,52,37,49,2,77,110" hai1="118,130,112,28,90,87,111,68,11,86,65,60,82" hai2="70,133,131,54,66,116,72,84,94,79,33,56,121" hai3="6,80,17,107,120,132,76,58,125,57,64,93,44"/><V26/><F121/><W41/><G107/><T15/><D2/><U126/><E112/><V10/><F116/><W14/><G125/><T59/><D110/><U13/><E118/><V24/><F131/><W35/><G132/><T73/><D135/><U81/><E111/><V23/><F133/><W97/><G35/><T134/><D134/><U40/><E126/><V25/><F72/><W127/><G120/><T50/><D77/><U88/><E130/><V51/><F10/><W83/><G6/><T12/><D73/><U39/><E28/><V74/><F74/><W7/><G7/><T98/><D37/><U67/><E65/><V104/><F104/><W9/><G64/><T123/><D36/><U5/><E39/><V55/><F70/><W106/><G106/><T85/><D85/><U78/><E40/><V1/><F1/><W47/><G47/><T115/><D115/><U45/><E45/><N who="2" m="28015" /><F33/><W27/><G27/><T103/><D31/><U113/><E113/><V0/><F0/><W109/><G80/><T108/><D108/><U75/><E75/><V114/><F114/><W101/><G127/><T122/><D22/><U105/><E105/><V34/><F34/><W92/><G92/><T43/><D43/><U42/><E42/><V48/><F66/><W18/><G18/><T71/><D71/><U20/><E20/><V4/><F4/><W95/><G95/><N who="0" m="58655" /><D122/><U3/><E3/><V21/><F79/><AGARI ba="0,0" hai="5,11,13,60,67,68,78,79,81,82,86,87,88,90" machi="79" ten="30,3900,0" yaku="7,1,9,1,54,1" doraHai="29" who="1" fromWho="2" sc="260,0,202,39,214,-39,324,0" /><INIT seed="3,0,0,0,3,88" ten="260,241,175,324" oya="3" hai0="52,73,126,4,124,118,50,133,41,122,127,0,34" hai1="81,63,93,25,119,37,111,64,24,57,17,104,76" hai2="5,97,60,55,89,53,90,82,115,131,30,87,78" hai3="11,134,32,7,23,120,27,39,6,10,16,117,3"/><W62/><G39/><T26/><D73/><U108/><E104/><V96/><F115/><W83/><G117/><T56/><D122/><U54/><E119/><V44/><F131/><W70/><G134/><T92/><D118/><U121/><E121/><V31/><F5/><W132/><G132/><T12/><D0/><U110/><E37/><V106/><F106/><W35/><G83/><T125/><D133/><U103/><E17/><V9/><F9/><W58/><G70/><T75/><D75/><U33/><E33/><V2/><F2/><W95/><G95/><T48/><D92/><U71/><E93/><N who="2" m="56367" /><F44/><W116/><G116/><T13/><D4/><U129/><E103/><V105/><F105/><W91/><G91/><T128/><D128/><U46/><E46/><V107/><F107/><W99/><G99/><T59/><D124/><U40/><E40/><V94/><F60/><W61/><G61/><T112/><D112/><U21/><E21/><V8/><F8/><W28/><G28/><AGARI ba="0,0" hai="28,30,31,53,55,78,82,87,90,94,97" m="56367" machi="28" ten="30,3900,0" yaku="8,1,52,2" doraHai="88" who="2" fromWho="3" sc="260,0,241,0,175,39,324,-39" /><INIT seed="4,0,0,2,1,63" ten="260,241,214,285" oya="0" hai0="86,3,83,133,84,50,45,0,10,115,110,54,66" hai1="122,126,27,16,105,62,124,9,99,57,23,12,114" hai2="58,89,14,90,60,111,74,65,40,28,135,35,92" hai3="128,131,107,93,102,98,70,77,18,46,104,82,49"/><T100/><D115/><U21/><E122/><V73/><F111/><W103/><G18/><T94/><D133/><U85/><E114/><V81/><F135/><W118/><G70/><T22/><D110/><U129/><E129/><N who="3" m="49738" /><G118/><T44/><D10/><U79/><E105/><N who="3" m="40522" /><G49/><T116/><D116/><U80/><E99/><V108/><F108/><W121/><G46/><T36/><D22/><U132/><E132/><V113/><F113/><W75/><G121/><T38/><D50/><U97/><E97/><V59/><F40/><W123/><G123/><T20/><D20/><U41/><E41/><V47/><F47/><W125/><G125/><N who="1" m="48234" /><E27/><V5/><F59/><W24/><G24/><T51/><D51/><U55/><AGARI ba="0,0" hai="9,12,16,21,23,55,57,62,79,80,85" m="48234" machi="55" ten="30,2000,0" yaku="18,1,54,1" doraHai="63" who="1" fromWho="1" sc="260,-10,241,20,214,-5,285,-5" /><INIT seed="5,0,0,4,2,100" ten="250,261,209,280" oya="1" hai0="17,87,61,5,43,89,102,42,97,71,30,1,109" hai1="2,14,77,122,117,16,24,127,62,11,70,76,57" hai2="27,103,3,47,66,39,6,119,81,96,26,65,110" hai3="59,63,54,4,78,21,106,49,46,50,9,133,130"/><U82/><E117/><V25/><F110/><W55/><G130/><T37/><D37/><U85/><E127/><V56/><F119/><W8/><G133/><T33/><D17/><U107/><E122/><V114/><F81/><W80/><G106/><T129/><D5/><U73/><E70/><V29/><F6/><W116/><G116/><T32/><D1/><U120/><E120/><V60/><F3/><W58/><G21/><T125/><D33/><U10/><E107/><V45/><F39/><W22/><G22/><T112/><D112/><U18/><E2/><V92/><F114/><W105/><G105/><T91/><D91/><N who="1" m="51639" /><E73/><V28/><REACH who="2" step="1"/><F66/><REACH who="2" ten="250,261,199,280" step="2"/><W118/><G4/><T68/><D109/><U83/><E83/><V7/><F7/><W101/><G118/><T13/><D129/><U93/><E93/><V75/><F75/><W40/><G101/><T88/><D102/><U128/><E128/><V53/><F53/><W74/><AGARI ba="0,1" hai="8,9,40,46,49,50,54,55,58,59,63,74,78,80" machi="74" ten="20,1500,0" yaku="0,1,7,1" doraHai="100" who="3" fromWho="3" sc="250,-4,261,-7,199,-4,280,25" /><INIT seed="6,0,0,1,3,0" ten="246,254,195,305" oya="2" hai0="39,114,93,112,109,71,33,79,21,90,29,129,108" hai1="61,135,36,121,19,62,35,16,102,96,73,59,4" hai2="124,100,30,56,3,120,74,98,77,78,126,68,6" hai3="125,86,23,5,99,103,51,55,133,57,85,115,1"/><V82/><F68/><W41/><G125/><N who="2" m="48233" /><F120/><W113/><G133/><T106/><D106/><U60/><E135/><V70/><F70/><W42/><G23/><T69/><D39/><U80/><E35/><V81/><F30/><W44/><G5/><T31/><D79/><U105/><E36/><V111/><F111/><W97/><G1/><T119/><D21/><U14/><E121/><V101/><F56/><W63/><G41/><T28/><D33/><U66/><E4/><V130/><F130/><W72/><G99/><T13/><D13/><U110/><E110/><V58/><F58/><W84/><REACH who="3" step="1"/><G72/><REACH who="3" ten="246,254,195,295" step="2"/><T32/><D32/><U20/><E19/><V83/><F98/><W104/><AGARI ba="0,1" hai="42,44,51,55,57,63,84,85,86,97,103,104,113,115" machi="104" ten="30,4000,0" yaku="1,1,2,1,0,1,53,0" doraHai="0" doraHaiUra="26" who="3" fromWho="3" sc="246,-10,254,-10,195,-20,295,50" /><INIT seed="7,0,0,2,3,22" ten="236,244,175,345" oya="3" hai0="132,34,99,126,129,74,95,71,134,119,98,16,84" hai1="33,65,80,42,75,23,94,17,102,27,51,50,121" hai2="125,76,55,63,26,60,54,52,106,4,13,66,86" hai3="120,97,14,10,107,83,72,49,11,7,91,113,32"/><W127/><G91/><N who="0" m="53735" /><D71/><U1/><E1/><V131/><F106/><W135/><G49/><N who="1" m="18442" /><E33/><V46/><F125/><W101/><G14/><T58/><D34/><U48/><E75/><V43/><F131/><W15/><G11/><T35/><D35/><U56/><E121/><V18/><F43/><W128/><G97/><N who="0" m="36875" /><D74/><U37/><E37/><V115/><F115/><W24/><G15/><T109/><D109/><U130/><E130/><V9/><F46/><W103/><G10/><T8/><D119/><U31/><E94/><V105/><F105/><W68/><G103/><T69/><D58/><U36/><E36/><V19/><F4/><W30/><G101/><T0/><D69/><U47/><E102/><V112/><F112/><W133/><G107/><T96/><D96/><U116/><E116/><V117/><F117/><W110/><G113/><T53/><D53/><U108/><E108/><V82/><REACH who="2" step="1"/><F66/><REACH who="2" ten="236,244,165,345" step="2"/><W92/><G128/><T45/><D45/><U124/><E124/><V81/><F81/><W3/><G127/><T59/><D126/><U28/><E80/><V73/><F73/><W70/><G83/><T62/><D129/><U85/><E65/><V118/><F118/><W88/><G72/><T79/><D134/><U57/><E42/><V93/><F93/><W64/><G64/><T21/><D132/><U122/><E47/><V61/><F61/><W12/><G135/><T6/><D62/><U67/><E67/><V41/><F41/><W89/><G133/><T2/><D6/><U38/><E38/><V77/><F77/><W104/><G110/><T25/><D79/><RYUUKYOKU ba="0,1" sc="236,-10,244,-10,165,30,345,-10" hai2="9,13,18,19,26,52,54,55,60,63,76,82,86" owari="226,-17.4,234,3.4,195,-30.5,345,44.5" /></mjloggm>