<mjloggm ver="2.3"><GO type="169" lobby="0"/><UN n0="%E5%B0%8F%E5%AE%AE%E7%95%B3%E5%BA%97" n1="%E6%A8%AA%E6%B5%9C%E3%81%AE%E3%81%B2%E3%82%88%E3%81%93" n2="%E3%81%BD%E3%81%A3%E3%81%91%E3%81%95%E3%82%93" n3="%6B%61%74%65%72%69%6E%61" dan="16,16,17,16" rate="2096.68,2139.00,2173.70,2197.30" sx="M,M,M,M"/><TAIKYOKU oya="0"/><INIT seed="0,0,0,1,1,21" ten="250,250,250,250" oya="0" hai0="66,92,53,20,11,14,63,79,91,6,52,2,118" hai1="48,108,54,46,10,84,43,18,60,15,102,90,131" hai2="95,42,16,50,33,3,125,135,85,97,41,51,88" hai3="28,5,99,40,58,76,25,31,134,75,117,116,119"/><T83/><D118/><U101/><E108/><V86/><F3/><W87/><G75/><T82/><D2/><U57/><REACH who="1" step="1"/><E131/><REACH who="1" ten="250,240,250,250" step="2"/><V111/><F111/><W32/><G119/><T114/><D114/><U122/><E122/><V29/><F135/><W39/><G134/><T9/><D9/><U100/><E100/><V107/><F125/><W128/><G128/><T13/><D13/><U47/><E47/><V130/><F130/><W62/><G117/><T113/><D113/><U110/><E110/><V68/><F42/><W65/><G116/><T72/><D83/><AGARI ba="0,1" hai="10,15,18,43,46,48,54,57,60,83,84,90,101,102" machi="83" ten="30,3900,0" yaku="1,1,7,1,8,1,53,0" doraHai="21" doraHaiUra="115" who="1" fromWho="0" sc="250,-39,240,49,250,0,250,0" /><INIT seed="1,0,0,1,3,2" ten="211,289,250,250" oya="1" hai0="18,36,80,74,67,87,48,107,46,86,118,69,133" hai1="24,114,3,32,113,65,7,116,63,109,92,60,81" hai2="120,135,52,43,40,31,61,126,117,5,45,110,83" hai3="27,59,78,15,102,30,22,88,121,97,47,20,4"/><U14/><E116/><V95/><F117/><W71/><G71/><T44/><D107/><U41/><E3/><V89/><F120/><W127/><G121/><T39/><D118/><U33/><E109/><V85/><F110/><W77/><G127/><T72/><D133/><U50/><E60/><V106/><F106/><W1/><G59/><T125/><D69/><U57/><E92/><V66/><F126/><W129/><G129/><T11/><D125/><U8/><E81/><V115/><F135/><W84/><G47/><T105/><D67/><U99/><E99/><V134/><F134/><W54/><G54/><T38/><D105/><U112/><REACH who="1" step="1"/><E24/><REACH who="1" ten="211,279,250,250" step="2"/><V37/><F95/><N who="3" m="58687" /><G1/><T101/><D80/><U103/><E103/><V13/><F61/><W19/><G4/><T132/><D101/><U16/><E16/><V55/><F5/><W12/><G15/><T111/><D132/><U119/><E119/><V70/><F13/><W68/><G68/><T28/><D18/><U49/><E49/><V100/><F70/><W23/><G12/><T75/><D111/><U17/><E17/><V131/><F131/><W96/><G96/><T53/><D28/><U21/><E21/><N who="3" m="8298" /><G19/><T51/><REACH who="0" step="1"/><D11/><REACH who="0" ten="201,279,250,250" step="2"/><U34/><E34/><V58/><F100/><W35/><G35/><T90/><D90/><U104/><E104/><V130/><F89/><W26/><G26/><T108/><D108/><U64/><E64/><V82/><F66/><W10/><G10/><T124/><D124/><U76/><E76/><V73/><F130/><W9/><G9/><T93/><D93/><AGARI ba="0,2" hai="23,27,30,77,78,84,88,93" m="8298,58687" machi="93" ten="30,2000,0" yaku="8,1,54,1" doraHai="2" who="3" fromWho="0" sc="201,-20,279,0,250,0,250,40" /><INIT seed="2,0,0,5,5,38" ten="181,279,250,290" oya="2" hai0="128,73,51,111,35,127,121,13,71,8,130,131,108" hai1="106,41,24,93,80,89,104,5,132,4,52,116,83" hai2="82,22,12,49,97,3,81,69,62,76,50,34,20" hai3="120,1,129,107,7,118,88,79,37,16,85,99,123"/><V78/><F34/><W36/><G118/><T26/><D71/><U100/><E116/><V91/><F3/><W59/><G129/><T86/><D73/><U30/><E132/><V57/><F69/><W63/><G79/><N who="2" m="30249" /><F97/><W15/><G7/><T113/><D86/><U98/><E106/><V70/><F70/><W112/><G112/><T6/><D113/><U90/><E4/><V11/><F22/><W110/><G110/><N who="0" m="42027" /><D51/><N who="2" m="19466" /><F91/><W60/><G1/><T42/><D42/><U58/><E41/><V19/><F20/><W124/><G37/><T101/><D101/><U43/><E43/><V64/><AGARI ba="0,0" hai="11,12,19,57,62,64,81,82" m="19466,30249" machi="64" ten="30,1500,0" yaku="8,1" doraHai="38" who="2" fromWho="2" sc="181,-5,279,-5,250,15,290,-5" /><INIT seed="2,1,0,2,2,49" ten="176,274,265,285" oya="2" hai0="98,105,36,21,70,69,135,95,58,99,121,5,129" hai1="63,60,1,104,123,94,9,42,29,15,41,57,34" hai2="87,62,132,44,30,67,134,81,101,74,64,43,111" hai3="126,113,130,4,33,17,91,85,82,76,109,38,7"/><V35/><F74/><W103/><G38/><T100/><D36/><U115/><E104/><V90/><F101/><W56/><G33/><T45/><D121/><U79/><E1/><V77/><F111/><W110/><G130/><T14/><D129/><U19/><E123/><V75/><F30/><W31/><G31/><T66/><D135/><N who="2" m="51754" /><F35/><W128/><G128/><T96/><D45/><U118/><E115/><V28/><F28/><W55/><G113/><T2/><D2/><U102/><E118/><V119/><F119/><W89/><G103/><T86/><D86/><U0/><E102/><V93/><F62/><W39/><G126/><T27/><D105/><U3/><E60/><V112/><F112/><W53/><G110/><T71/><D5/><U88/><E29/><V114/><F114/><W83/><G109/><T18/><REACH who="0" step="1"/><D27/><REACH who="0" ten="166,274,265,285" step="2"/><U78/><E34/><V47/><F47/><W10/><G7/><T46/><D46/><U26/><E26/><V11/><F44/><W131/><G4/><T133/><D133/><U32/><E32/><V125/><F125/><W50/><G131/><T13/><D13/><U8/><E0/><V48/><F87/><W84/><G39/><T20/><D20/><U72/><E3/><V12/><F12/><N who="3" m="7319" /><G76/><T122/><D122/><U124/><E124/><V65/><F77/><W25/><G25/><T59/><D59/><U106/><E79/><V16/><F75/><W117/><G117/><T52/><D52/><AGARI ba="1,1" hai="50,52,53,55,56,82,83,84,85,89,91" m="7319" machi="52" ten="30,8000,1" yaku="8,1,52,3,54,1" doraHai="49" who="3" fromWho="0" sc="166,-83,274,0,265,0,285,93" /><BYE who="0" /><INIT seed="3,0,0,1,0,73" ten="83,274,265,378" oya="3" hai0="124,5,125,69,110,120,127,78,95,67,71,117,104" hai1="44,81,96,39,4,42,66,114,59,75,105,64,50" hai2="57,121,35,91,55,70,36,79,28,113,77,116,43" hai3="26,1,21,20,24,32,12,76,58,17,68,13,93"/><W130/><G68/><UN n0="%E5%B0%8F%E5%AE%AE%E7%95%B3%E5%BA%97" /><T106/><D5/><U10/><E114/><V129/><F116/><W0/><G93/><T52/><D120/><U82/><E82/><V25/><F70/><N who="0" m="26634" /><D117/><U48/><E105/><N who="0" m="40553" /><D67/><U54/><E96/><V108/><F113/><W46/><G46/><T133/><D95/><U45/><E59/><V53/><F121/><W29/><G58/><T63/><D63/><U134/><E134/><V74/><F74/><W14/><G76/><T118/><D118/><U100/><E100/><V101/><F101/><W33/><G130/><T107/><N who="0" m="40561" /><T8/><DORA hai="122" /><D8/><U92/><E92/><V83/><F129/><W37/><G37/><T123/><D123/><U11/><E11/><V90/><F36/><W31/><G17/><T84/><D133/><U61/><E61/><V80/><F43/><W135/><G135/><T103/><D103/><U34/><E64/><V99/><F57/><W72/><G72/><T2/><D2/><AGARI ba="0,0" hai="0,1,2,12,13,14,20,21,24,26,29,31,32,33" machi="2" ten="40,18000,2" yaku="9,1,35,6" doraHai="73,122" who="3" fromWho="0" sc="83,-180,274,0,265,0,378,180" owari="-97,-59.7,274,7.4,265,-13.5,558,65.8" /></mjloggm>