<mjloggm ver="2.3"><GO type="169" lobby="0"/><UN n0="%68%75%69%68%75%69" n1="%E3%81%84%E3%81%A1%E3%82%8D%E3%83%BC%32%36%32%E6%AD%B3" n2="%E5%8C%97%E6%AC%A7%E3%81%AE%E3%82%82%E3%81%93%E3%81%86" n3="%E5%A7%AB%E7%95%99" dan="16,16,16,16" rate="2105.63,2170.64,2131.58,2125.61" sx="M,M,M,M"/><TAIKYOKU oya="0"/><INIT seed="0,0,0,3,4,96" ten="250,250,250,250" oya="0" hai0="50,130,24,98,91,25,112,14,35,133,87,100,82" hai1="37,66,108,70,65,120,75,31,107,36,74,67,58" hai2="11,18,9,62,8,121,38,79,16,28,123,132,51" hai3="19,71,90,103,122,109,126,72,111,1,116,22,12"/><T54/><D112/><U6/><E6/><V23/><F38/><N who="1" m="14953" /><E31/><V68/><F51/><W56/><G116/><T69/><D69/><U13/><E13/><V97/><F62/><W73/><G126/><T84/><D35/><U3/><E107/><V40/><F40/><W4/><G71/><T134/><D130/><U43/><E70/><V114/><F79/><W0/><G122/><N who="2" m="46601" /><F97/><W119/><G119/><T21/><D14/><U77/><E77/><V10/><F68/><W95/><G56/><T55/><D84/><U59/><E43/><V17/><F114/><W76/><G76/><T94/><D54/><U41/><E41/><V15/><F132/><N who="0" m="50794" /><D21/><U61/><E61/><V45/><F45/><AGARI ba="0,0" hai="24,25,45,50,55,82,87,91,94,98,100" m="50794" machi="45" ten="30,2900,0" yaku="20,1,52,1" doraHai="96" who="0" fromWho="2" sc="250,29,250,0,250,-29,250,0" /><INIT seed="0,1,0,5,3,113" ten="279,250,221,250" oya="0" hai0="35,41,94,74,135,25,36,133,103,50,33,66,134" hai1="58,78,55,69,3,64,47,6,43,2,99,73,114" hai2="21,49,121,14,91,67,57,34,68,31,80,107,90" hai3="59,48,75,125,108,115,117,26,45,22,79,129,40"/><T19/><D36/><N who="1" m="21991" /><E99/><V27/><F121/><W10/><G115/><T52/><D74/><U132/><E114/><V104/><F68/><W4/><G108/><T128/><D41/><U96/><E96/><V126/><F126/><W5/><G125/><T16/><D66/><U0/><E55/><N who="2" m="31983" /><F107/><W72/><G129/><T102/><D128/><U32/><E58/><V12/><F34/><N who="0" m="12810" /><D94/><U120/><E32/><V70/><F70/><W76/><G4/><T110/><D110/><U77/><E77/><V11/><F104/><W28/><G75/><T85/><D85/><U54/><E54/><V18/><F67/><W13/><G72/><T7/><D7/><U63/><E120/><V100/><F100/><N who="0" m="38442" /><D25/><U23/><E23/><N who="2" m="15871" /><F80/><W65/><G117/><T106/><D106/><U89/><E64/><V101/><F101/><W111/><G111/><T39/><D39/><U51/><E69/><V24/><F12/><W44/><G44/><AGARI ba="1,0" hai="16,19,44,50,52,133,134,135" m="38442,12810" machi="44" ten="40,7700,0" yaku="20,1,54,2" doraHai="113" who="0" fromWho="3" sc="279,80,250,0,221,0,250,-80" /><INIT seed="0,2,0,3,0,78" ten="359,250,221,170" oya="0" hai0="120,44,20,99,16,41,105,135,43,119,118,65,121" hai1="73,60,81,5,31,17,56,64,49,37,98,47,104" hai2="57,40,58,26,9,10,85,62,18,61,55,109,114" hai3="74,34,134,126,127,77,107,92,88,82,102,39,95"/><T117/><D135/><U42/><E31/><V131/><F109/><W59/><G39/><T45/><D65/><U14/><E5/><V23/><F131/><W125/><G34/><T100/><D44/><U91/><E37/><V84/><F114/><W97/><G59/><T79/><D79/><U22/><E73/><V93/><F40/><W13/><G13/><T25/><REACH who="0" step="1"/><D43/><REACH who="0" ten="349,250,221,170" step="2"/><U71/><E42/><V113/><F113/><W53/><G134/><T96/><D96/><U110/><E47/><V2/><F2/><W66/><G66/><T72/><D72/><U115/><E115/><V128/><F128/><W6/><G53/><T27/><D27/><U108/><E98/><V67/><F85/><N who="3" m="52239" /><G6/><T130/><D130/><U11/><E64/><V29/><F29/><W51/><G51/><AGARI ba="2,1" hai="16,20,25,41,45,51,99,100,105,117,118,119,120,121" machi="51" ten="40,7700,0" yaku="1,1,54,1,53,1" doraHai="78" doraHaiUra="94" who="0" fromWho="3" sc="349,93,250,0,221,0,170,-83" /><INIT seed="0,3,0,4,0,99" ten="442,250,221,87" oya="0" hai0="108,62,24,50,29,38,97,63,47,126,34,69,35" hai1="54,87,101,123,60,117,57,18,103,17,22,43,37" hai2="4,8,94,111,2,133,102,76,135,21,31,131,42" hai3="93,80,82,73,98,81,70,132,79,120,119,23,26"/><T134/><D134/><N who="2" m="51210" /><F76/><W130/><G119/><T84/><D38/><U48/><E117/><V19/><F42/><W118/><G118/><T77/><D126/><U39/><E123/><V122/><F122/><W45/><G120/><T115/><D35/><U1/><E1/><V105/><F105/><W65/><G130/><T13/><D69/><U74/><E74/><V30/><F111/><W3/><G3/><T28/><D28/><U7/><E7/><V46/><F46/><W106/><G106/><T59/><D115/><U129/><E129/><V11/><F131/><W104/><G104/><T121/><D121/><U91/><E37/><V83/><F83/><W68/><G45/><T125/><D125/><U0/><E0/><N who="2" m="7" /><F94/><W112/><G112/><T36/><D36/><U109/><E109/><V107/><F102/><N who="1" m="38921" /><E39/><V92/><F107/><W72/><G79/><T53/><D108/><U67/><E43/><V75/><F92/><W25/><G93/><T85/><D77/><U20/><E87/><V100/><F100/><W27/><G73/><T116/><D116/><U33/><E33/><V16/><F75/><W95/><G72/><T12/><D84/><U89/><E89/><V71/><F71/><W61/><G70/><T114/><D85/><U40/><E91/><V15/><F2/><W6/><G132/><T78/><D114/><U51/><E40/><V96/><F96/><W90/><REACH who="3" step="1"/><G6/><REACH who="3" ten="442,250,221,77" step="2"/><T88/><D78/><U113/><E113/><V32/><F32/><W127/><G127/><T124/><D124/><U66/><E57/><V86/><F86/><W9/><G9/><RYUUKYOKU ba="3,1" sc="442,-15,250,-15,221,15,77,15" hai2="11,15,16,19,21,30,31" hai3="23,25,26,27,61,65,68,80,81,82,90,95,98" /><INIT seed="1,4,1,2,4,94" ten="427,235,236,92" oya="1" hai0="126,14,59,100,120,97,119,0,127,99,61,70,49" hai1="130,6,7,115,16,75,64,26,48,21,2,68,11" hai2="74,62,56,91,28,111,4,63,45,116,50,13,52" hai3="40,32,105,35,72,93,87,31,109,90,57,55,106"/><U60/><E115/><V88/><F111/><W79/><G109/><T114/><D0/><U112/><E112/><V9/><F116/><W84/><G40/><T98/><D114/><U25/><E75/><V34/><F74/><W92/><G72/><T78/><D78/><U10/><E130/><V83/><F34/><W30/><G79/><T121/><D119/><U54/><E26/><V77/><F28/><W69/><G57/><T122/><D14/><U118/><E118/><V38/><F38/><W18/><G18/><T12/><D12/><U113/><E113/><V37/><F37/><W110/><G110/><T129/><D129/><U103/><E103/><V47/><F77/><W33/><G69/><T104/><D49/><U102/><E102/><V81/><F47/><W86/><G55/><N who="0" m="34047" /><D70/><U67/><E60/><V134/><F63/><W101/><G101/><T53/><D53/><U17/><E17/><V124/><F124/><AGARI ba="4,1" hai="97,98,99,100,104,120,121,122,124,126,127" m="34047" machi="124" ten="40,8000,1" yaku="13,1,18,1,52,3" doraHai="94" who="0" fromWho="2" sc="427,102,235,0,236,-92,92,0" /><INIT seed="2,0,0,1,1,26" ten="529,235,144,92" oya="2" hai0="120,20,135,38,84,96,57,30,16,55,68,43,17" hai1="1,95,108,40,27,12,103,86,83,56,91,59,24" hai2="90,44,114,58,131,36,104,125,25,110,15,100,70" hai3="102,87,73,116,42,48,52,69,97,7,22,74,67"/><V101/><F114/><W85/><G116/><T82/><D68/><U63/><E108/><V32/><F70/><W72/><G42/><T54/><D120/><U10/><E1/><V37/><F15/><W5/><G22/><T60/><D96/><N who="1" m="59807" /><E40/><V18/><F44/><W119/><G119/><T61/><D135/><U98/><E98/><V132/><F104/><W14/><G67/><T31/><D43/><U47/><E47/><V133/><F110/><W117/><G69/><T33/><D33/><U34/><E34/><V49/><F90/><W45/><G117/><T13/><D17/><N who="1" m="8343" /><E56/><V105/><F131/><W62/><G62/><N who="0" m="24171" /><D38/><U93/><E93/><V35/><F125/><W128/><G128/><T46/><D46/><U123/><E123/><V8/><F105/><W92/><REACH who="3" step="1"/><G14/><REACH who="3" ten="529,235,144,82" step="2"/><T109/><D109/><U112/><E112/><V122/><F122/><W121/><G121/><T66/><D66/><AGARI ba="0,1" hai="24,27,59,63,66,83,86,91" m="8343,59807" machi="66" ten="30,1000,0" yaku="8,1" doraHai="26" who="1" fromWho="0" sc="529,-10,235,20,144,0,82,0" /><INIT seed="3,0,0,5,1,23" ten="519,255,144,82" oya="3" hai0="5,11,133,92,51,18,86,27,104,127,125,90,49" hai1="72,81,38,119,56,109,64,2,103,60,68,101,94" hai2="37,106,17,100,108,22,135,73,9,95,59,75,14" hai3="0,111,82,71,28,42,46,117,62,79,132,69,15"/><W41/><G117/><T91/><D104/><U52/><E109/><V83/><F108/><W124/><G0/><T12/><D133/><U105/><E105/><V121/><F106/><W131/><G111/><T77/><D77/><U33/><E2/><V1/><F37/><W35/><G132/><T3/><D91/><U20/><E33/><V61/><F135/><W39/><G131/><T80/><D80/><U122/><E122/><V29/><F121/><W76/><G124/><N who="0" m="47691" /><D27/><U36/><E119/><V4/><F83/><W113/><G113/><T110/><D110/><U7/><E7/><V32/><F100/><W10/><G41/><T99/><D99/><U50/><E101/><V44/><F44/><W48/><G62/><T6/><D6/><U54/><E54/><N who="2" m="34039" /><F95/><W8/><G39/><T65/><D65/><U57/><E68/><V16/><F17/><W21/><G76/><T66/><D66/><U96/><E72/><V40/><F40/><W63/><G69/><T78/><D78/><U43/><E81/><V19/><F19/><W89/><G71/><T93/><D92/><U88/><E103/><V53/><F53/><W70/><G70/><T87/><D87/><U26/><E43/><V30/><F30/><AGARI ba="0,0" hai="20,26,30,36,38,50,52,56,57,60,64,88,94,96" machi="30" ten="30,7700,0" yaku="7,1,52,1,54,2" doraHai="23" who="1" fromWho="2" sc="519,0,255,77,144,-77,82,0" /><INIT seed="4,0,0,1,1,50" ten="519,332,67,82" oya="0" hai0="51,57,19,125,5,41,82,115,11,38,113,32,2" hai1="26,128,123,97,22,94,130,68,109,100,127,91,90" hai2="129,131,28,74,14,70,33,45,120,98,40,89,47" hai3="55,86,54,10,85,30,119,39,69,134,118,52,35"/><T110/><D110/><U53/><E68/><V65/><F74/><W58/><G69/><T63/><D32/><U48/><E123/><V42/><F33/><W126/><G39/><T6/><D125/><U7/><E7/><V20/><F98/><W64/><G126/><T31/><D31/><U103/><E127/><V114/><F89/><W88/><G134/><T46/><D5/><U96/><E109/><V77/><F77/><W61/><G10/><T36/><D19/><U76/><E76/><V23/><F14/><W108/><G108/><T78/><D51/><U49/><E49/><N who="2" m="26791" /><F28/><W112/><G112/><T16/><D16/><N who="1" m="12615" /><E91/><V101/><F101/><W1/><G1/><T81/><D36/><U93/><E93/><V29/><F20/><W9/><G9/><T59/><D59/><N who="1" m="33191" /><E97/><V102/><F120/><W111/><G111/><T92/><D92/><U67/><E67/><V8/><F65/><W24/><REACH who="3" step="1"/><G86/><REACH who="3" ten="519,332,67,72" step="2"/><T99/><D113/><U43/><E43/><V121/><F114/><W132/><G132/><T72/><D115/><U18/><E130/><V44/><F70/><W133/><G133/><T3/><D2/><U73/><E128/><N who="2" m="49227" /><F121/><W107/><G107/><T84/><D3/><U56/><E73/><V62/><F8/><W60/><G60/><T27/><D72/><U135/><E135/><V105/><F62/><W83/><AGARI ba="0,1" hai="24,30,35,52,54,55,58,61,64,83,85,88,118,119" machi="83" ten="30,12000,2" yaku="1,1,0,1,52,3,54,2,53,0" doraHai="50" doraHaiUra="75" who="3" fromWho="3" sc="519,-60,332,-30,67,-30,72,130" /><INIT seed="5,0,0,4,2,110" ten="459,302,37,202" oya="1" hai0="4,2,42,22,70,98,114,34,56,97,17,85,20" hai1="72,92,36,63,15,127,102,16,14,8,13,0,44" hai2="58,23,24,131,39,126,86,119,101,40,105,95,109" hai3="87,121,106,66,47,51,135,1,48,75,18,89,113"/><U104/><E72/><V81/><F119/><W132/><G75/><T21/><D42/><U37/><E104/><V112/><F109/><W65/><G106/><T91/><D70/><U111/><E111/><V69/><F69/><W82/><G1/><T124/><D34/><U62/><E127/><V134/><F105/><W31/><G121/><T5/><D17/><U54/><E0/><V128/><F126/><W90/><G31/><T100/><D56/><U64/><E37/><V116/><F116/><W78/><G18/><T28/><D28/><U88/><E102/><V9/><F9/><W52/><G113/><T26/><D26/><U108/><E108/><V71/><F71/><W30/><G30/><T125/><D114/><U38/><E38/><V129/><F58/><W29/><G29/><T12/><D12/><N who="1" m="4715" /><E36/><V118/><F118/><W73/><G51/><T74/><D74/><U67/><E44/><N who="2" m="23583" /><F112/><W57/><G90/><T122/><D2/><U6/><E6/><V123/><F123/><W35/><G35/><T93/><D122/><U59/><E63/><V45/><F45/><W99/><G47/><T33/><D33/><U120/><E120/><V80/><F134/><N who="3" m="51243" /><G73/><T46/><D46/><U41/><E41/><V130/><N who="2" m="32768" /><DORA hai="117" /><V79/><F23/><W3/><G3/><T7/><D100/><U68/><E68/><V61/><F61/><W32/><G32/><T27/><D27/><U53/><E64/><V10/><F24/><W50/><G48/><T55/><D55/><U96/><AGARI ba="0,0" hai="8,15,16,53,54,59,62,67,88,92,96" m="4715" machi="96" ten="30,6000,0" yaku="8,1,54,2" doraHai="110,117" who="1" fromWho="1" sc="459,-20,302,60,37,-20,202,-20" /><INIT seed="5,1,0,1,1,126" ten="439,362,17,182" oya="1" hai0="76,51,33,30,1,91,19,24,117,60,26,55,78" hai1="41,112,130,36,43,116,114,45,103,127,82,59,6" hai2="96,17,99,133,81,80,124,86,47,110,35,92,87" hai3="106,95,128,9,74,107,40,25,27,2,98,71,22"/><U58/><E103/><V48/><F35/><W134/><G74/><T28/><D1/><U49/><E6/><V113/><F110/><W120/><G71/><T83/><D60/><U79/><E82/><V77/><F124/><W20/><G134/><T109/><D117/><U21/><E21/><V102/><F133/><W62/><G40/><T32/><D19/><U108/><E79/><V3/><F3/><W118/><G62/><T42/><D42/><U115/><E116/><V7/><F7/><W44/><G44/><T65/><D65/><U131/><E127/><V122/><F17/><W31/><G120/><T64/><D64/><U8/><E8/><V101/><F122/><W18/><G9/><T100/><D109/><U85/><E85/><V123/><F123/><W94/><G2/><T14/><D100/><U0/><E0/><V90/><F48/><W23/><G23/><T121/><D14/><U111/><E111/><V4/><F47/><W132/><G132/><T13/><D13/><U56/><E108/><V61/><F61/><W69/><G69/><T84/><D121/><U16/><E16/><V66/><F66/><W39/><G18/><T50/><D50/><U119/><E119/><V135/><F4/><W53/><G118/><T10/><D10/><U57/><E41/><V97/><F135/><W37/><G31/><T73/><D73/><U38/><N who="1" m="14336" /><DORA hai="75" /><U129/><AGARI ba="1,0" hai="36,38,43,45,49,112,114,115,129,130,131" m="14336" machi="129" ten="60,36000,4" yaku="4,1,0,1,29,2,15,1,19,1,34,3,52,3" doraHai="126,75" who="1" fromWho="1" sc="439,-121,362,363,17,-121,182,-121" owari="318,11.8,725,82.5,-104,-60.4,61,-33.9" /></mjloggm>