<mjloggm ver="2.3"><GO type="169" lobby="0"/><UN n0="%6E%61%67%61%69%6D%6F" n1="%E3%83%94%E3%83%B3%E3%82%B5%E3%83%AD%E5%BA%97%E5%93%A1" n2="%74%6B%34%32" n3="%E8%B6%85%E7%B5%B6%E5%82%99%E9%95%B7%E7%82%AD" dan="17,17,16,17" rate="2165.10,2187.39,2054.75,2133.78" sx="M,M,M,M"/><TAIKYOKU oya="0"/><INIT seed="0,0,0,1,2,101" ten="250,250,250,250" oya="0" hai0="126,23,83,55,18,98,113,10,93,38,105,73,81" hai1="119,63,127,87,104,114,133,17,0,134,39,53,15" hai2="49,89,29,61,106,34,117,74,4,62,90,80,26" hai3="42,59,54,79,91,100,46,8,128,27,76,9,68"/><T102/><BYE who="2" /><D38/><U77/><E119/><V6/><F6/><W97/><G68/><T65/><D113/><U48/><E0/><V123/><F123/><W71/><G71/><T82/><D65/><U37/><E114/><V121/><F121/><W118/><G91/><T2/><D126/><U107/><E63/><V35/><F35/><W66/><G66/><T125/><D125/><U11/><E127/><V57/><F57/><W111/><G27/><T41/><D41/><U45/><E77/><V110/><F110/><W22/><G111/><T32/><D32/><U112/><E87/><V116/><F116/><W94/><G22/><T122/><D122/><U50/><E112/><V103/><F103/><UN n2="%74%6B%34%32" /><W36/><G118/><T14/><D55/><U3/><E3/><V67/><F49/><W72/><G128/><T69/><D69/><U99/><E50/><V43/><F89/><W64/><G64/><T75/><REACH who="0" step="1"/><D93/><REACH who="0" ten="240,250,250,250" step="2"/><U1/><E39/><V92/><F43/><W131/><G42/><T52/><D52/><U86/><E37/><V51/><F92/><W20/><G36/><T84/><D84/><U12/><E86/><V30/><F34/><W24/><G72/><T28/><D28/><U88/><E53/><V7/><F30/><N who="3" m="17671" /><G46/><T56/><D56/><U120/><E45/><V129/><F117/><W33/><G33/><T108/><D108/><U25/><E120/><V78/><F29/><W95/><G94/><T5/><AGARI ba="0,1" hai="2,5,10,14,18,23,73,75,81,82,83,98,102,105" machi="5" ten="30,6000,0" yaku="1,1,0,1,52,1,53,0" doraHai="101" doraHaiUra="135" who="0" fromWho="0" sc="240,70,250,-20,250,-20,250,-20" /><INIT seed="0,1,0,1,5,49" ten="310,230,230,230" oya="0" hai0="41,108,28,120,38,99,130,60,61,47,22,107,84" hai1="53,0,54,122,6,82,37,125,52,4,94,10,62" hai2="27,112,104,132,105,102,35,1,79,89,74,68,71" hai3="131,23,14,24,96,43,11,80,30,66,128,39,20"/><T100/><D120/><U63/><E122/><V91/><F112/><W90/><G66/><T123/><D123/><U46/><E125/><V7/><F132/><W26/><G43/><T5/><D130/><N who="3" m="49705" /><G39/><T101/><D108/><U93/><E82/><N who="2" m="45431" /><F7/><N who="1" m="2601" /><E0/><V133/><F1/><W31/><G80/><T25/><D5/><U56/><E37/><V45/><F45/><W29/><G96/><T86/><D101/><U87/><E10/><V36/><F27/><N who="3" m="10283" /><G90/><N who="2" m="34313" /><F35/><W115/><G115/><T33/><D33/><U135/><E135/><V67/><F67/><W44/><G44/><T15/><D15/><U50/><E87/><V64/><F64/><W83/><G83/><T103/><D103/><U72/><E72/><V19/><F36/><W92/><G92/><N who="1" m="35434" /><E56/><V21/><F68/><W73/><G73/><T65/><D61/><AGARI ba="1,0" hai="46,50,52,53,54,61,62,63" m="35434,2601" machi="61" ten="30,8000,1" yaku="8,1,52,3,54,1" doraHai="49" who="1" fromWho="0" sc="310,-83,230,83,230,0,230,0" /><INIT seed="1,0,0,0,0,92" ten="227,313,230,230" oya="1" hai0="56,125,124,121,38,87,109,14,104,4,128,21,8" hai1="68,55,28,97,84,83,46,26,50,77,42,25,78" hai2="33,69,99,15,80,89,23,126,86,116,108,1,76" hai3="117,67,29,119,32,62,85,13,34,3,96,127,48"/><U105/><E68/><V110/><F116/><N who="3" m="44619" /><G3/><T49/><D38/><U18/><E78/><V100/><F33/><W93/><G127/><T118/><D118/><U102/><E18/><V11/><F1/><W71/><G29/><T35/><D35/><U101/><E101/><V112/><F69/><W131/><G131/><T114/><D128/><U130/><E130/><V98/><F23/><W70/><G70/><T10/><D114/><U31/><E31/><V24/><F24/><W9/><G85/><T61/><D121/><U94/><E105/><V43/><F43/><W45/><G45/><T20/><D104/><U5/><E5/><V133/><F133/><W57/><G48/><T30/><D109/><N who="2" m="42090" /><F126/><W120/><G71/><T17/><D125/><U103/><E103/><V95/><F112/><W0/><G120/><T63/><D124/><U73/><E73/><N who="2" m="43023" /><F100/><N who="3" m="60431" /><G0/><T88/><D30/><U7/><E7/><AGARI ba="0,0" hai="7,11,15,86,89,95,98,99" m="43023,42090" machi="7" ten="30,3900,0" yaku="14,1,52,2" doraHai="92" who="2" fromWho="1" sc="227,0,313,-39,230,39,230,0" /><AGARI ba="0,0" hai="7,9,13,32,34,57,62,67" m="60431,44619" machi="7" ten="30,2000,0" yaku="12,1,52,1" doraHai="92" who="3" fromWho="1" sc="227,0,274,-20,269,0,230,20" /><INIT seed="2,0,0,3,1,96" ten="227,254,269,250" oya="2" hai0="134,86,109,45,108,54,111,49,69,62,133,129,91" hai1="43,68,36,22,104,100,115,107,35,121,24,114,25" hai2="13,70,97,127,103,6,28,63,92,113,9,5,40" hai3="125,29,102,20,76,87,39,31,83,112,53,30,55"/><V117/><F113/><W59/><G39/><T128/><BYE who="2" /><D91/><U74/><E74/><V17/><F17/><W81/><G112/><T10/><D10/><U77/><E77/><UN n2="%74%6B%34%32" /><V26/><F117/><W18/><G125/><T98/><D98/><U67/><E121/><V135/><F127/><W32/><G32/><T34/><D86/><U52/><E43/><V101/><F135/><N who="0" m="51722" /><D34/><U82/><E36/><V105/><F40/><W0/><G0/><T27/><D27/><U66/><E82/><V16/><F105/><W93/><G83/><T2/><D2/><U38/><E38/><V64/><REACH who="2" step="1"/><F103/><REACH who="2" ten="227,254,259,250" step="2"/><W130/><G102/><T119/><D119/><U126/><E126/><V110/><F110/><W80/><G18/><T3/><D3/><U56/><E100/><V131/><F131/><W106/><G130/><T15/><D15/><U19/><E107/><V85/><F85/><W116/><G106/><T12/><D12/><U75/><E104/><V33/><AGARI ba="0,1" hai="5,6,9,13,16,26,28,33,63,64,70,92,97,101" machi="33" ten="20,18000,2" yaku="1,1,0,1,7,1,52,1,54,1,53,1" doraHai="96" doraHaiUra="57" who="2" fromWho="2" sc="227,-60,254,-60,259,190,250,-60" /><INIT seed="2,1,0,4,0,89" ten="167,194,449,190" oya="2" hai0="45,117,135,15,4,71,100,36,14,113,112,118,21" hai1="83,18,127,13,88,86,110,91,26,67,52,62,123" hai2="30,10,115,6,97,74,33,44,68,22,38,111,94" hai3="84,78,96,56,63,32,130,50,134,9,0,85,114"/><V108/><F115/><W58/><G32/><T128/><D71/><U126/><E110/><N who="2" m="42027" /><F68/><W23/><G114/><N who="0" m="44139" /><D45/><U98/><E26/><V51/><F38/><W93/><G130/><T5/><D100/><U122/><E98/><V81/><F33/><W76/><G0/><T70/><D70/><N who="1" m="42359" /><E91/><V101/><F30/><W2/><G2/><T35/><D36/><U19/><E52/><N who="2" m="29799" /><F22/><W65/><G23/><T103/><D103/><U7/><E7/><N who="0" m="2633" /><D128/><U39/><E39/><V64/><F64/><W82/><G65/><T49/><D49/><U124/><E13/><N who="0" m="4617" /><D35/><U106/><E106/><V12/><F81/><W92/><G82/><T104/><D104/><U109/><E109/><V129/><F74/><W41/><G50/><T61/><D61/><U120/><AGARI ba="1,0" hai="18,19,83,86,88,120,122,123,124,126,127" m="42359" machi="120" ten="40,5200,0" yaku="13,1,18,1,54,1" doraHai="89" who="1" fromWho="1" sc="167,-14,194,55,449,-27,190,-14" /><INIT seed="3,0,0,3,3,87" ten="153,249,422,176" oya="3" hai0="68,81,88,98,26,23,64,56,44,39,65,24,67" hai1="53,58,108,71,15,18,29,50,113,94,129,38,5" hai2="42,61,80,3,84,118,45,34,17,51,73,43,2" hai3="7,130,32,97,106,8,1,104,105,4,69,59,19"/><W121/><G69/><T77/><D68/><U99/><E113/><V22/><F34/><W28/><G121/><T6/><D6/><U101/><E108/><V21/><F73/><W25/><G130/><T66/><D39/><U83/><E129/><V63/><F118/><W89/><G7/><T103/><D44/><U41/><E71/><V128/><F128/><W85/><G59/><T57/><N who="0" m="16384" /><DORA hai="127" /><T52/><D57/><U12/><E29/><V123/><F123/><W0/><G19/><T122/><D122/><U91/><E38/><V116/><F42/><W126/><G126/><T10/><D10/><N who="1" m="4175" /><E41/><V119/><F22/><W107/><G97/><T13/><D13/><U11/><E83/><V40/><F40/><W114/><G114/><T14/><D14/><U60/><E101/><V109/><F109/><W36/><G36/><T135/><D135/><U16/><E18/><V95/><F95/><W46/><G106/><T9/><D9/><U27/><E27/><V76/><F76/><W55/><G1/><T48/><D103/><U120/><E120/><V78/><F116/><W86/><G105/><T117/><D117/><U54/><E54/><V31/><F31/><W75/><G75/><T110/><D110/><U125/><E125/><V47/><F47/><W82/><G46/><T134/><D134/><U90/><E90/><V115/><F119/><W93/><G55/><T131/><D131/><U49/><AGARI ba="0,0" hai="11,15,16,49,50,53,58,60,91,94,99" m="4175" machi="49" ten="30,4000,0" yaku="8,1,52,1,54,1" doraHai="87,127" who="1" fromWho="1" sc="153,-10,249,40,422,-10,176,-20" /><INIT seed="4,0,0,3,3,16" ten="143,289,412,156" oya="0" hai0="13,89,102,98,99,31,130,6,46,28,50,7,110" hai1="22,117,100,57,129,48,84,124,107,96,80,76,125" hai2="135,90,120,83,35,67,127,104,37,85,62,2,121" hai3="17,51,44,71,42,36,88,77,93,55,92,87,5"/><T74/><D74/><U32/><E117/><V106/><F37/><W14/><G71/><T66/><D110/><U20/><E32/><V103/><F2/><W126/><G77/><T133/><D133/><U0/><E0/><V59/><F35/><W95/><G5/><T91/><D130/><U25/><E129/><V64/><F135/><W69/><G69/><T63/><D102/><U1/><E1/><V122/><F127/><N who="1" m="48713" /><E25/><V70/><F103/><W38/><G126/><T112/><D112/><U72/><E72/><V30/><F30/><W45/><G38/><T78/><D78/><U19/><E19/><V68/><F67/><W123/><G123/><T134/><D134/><U43/><E57/><V108/><F108/><W61/><G61/><T97/><D28/><U49/><E49/><V116/><F116/><W58/><G58/><N who="0" m="37239" /><D31/><U53/><E53/><V113/><F113/><W118/><G118/><T131/><D131/><U54/><E54/><V105/><AGARI ba="0,0" hai="59,62,64,68,70,83,85,90,104,105,106,120,121,122" machi="105" ten="40,1500,0" yaku="0,1" doraHai="16" who="2" fromWho="2" sc="143,-7,289,-4,412,15,156,-4" /><INIT seed="5,0,0,5,5,126" ten="136,285,427,152" oya="1" hai0="42,66,94,13,121,75,53,85,29,57,81,60,70" hai1="2,4,83,128,90,80,112,134,91,61,84,88,77" hai2="78,125,43,16,24,32,114,19,105,104,26,5,97" hai3="0,40,102,120,89,99,86,64,7,92,108,130,52"/><U46/><E112/><V10/><F125/><W38/><G108/><T79/><D121/><U23/><E134/><V36/><F78/><W118/><G64/><T30/><D13/><U27/><E128/><V31/><F114/><W124/><G124/><T71/><D71/><U68/><E46/><V87/><F87/><W50/><G120/><T115/><D115/><U14/><E2/><V47/><F97/><W9/><G40/><T117/><D117/><U1/><E1/><V3/><F19/><W49/><G49/><T37/><D94/><U82/><E68/><V22/><AGARI ba="0,0" hai="3,5,10,16,22,24,26,31,32,36,43,47,104,105" machi="22" ten="30,2000,0" yaku="0,1,54,1" doraHai="126" who="2" fromWho="2" sc="136,-5,285,-10,427,20,152,-5" /><INIT seed="6,0,0,1,0,25" ten="131,275,447,147" oya="2" hai0="46,44,126,128,6,40,8,2,71,19,27,132,85" hai1="51,110,98,62,107,114,129,53,61,52,105,77,58" hai2="92,122,119,32,18,134,100,1,73,56,60,63,109" hai3="55,34,0,90,93,16,43,102,94,7,37,11,67"/><V48/><F119/><W29/><G67/><T89/><D71/><U133/><E110/><V115/><F122/><W9/><G43/><T80/><D132/><U33/><E33/><V23/><F32/><W65/><G65/><T83/><D128/><U68/><E133/><V130/><F115/><W13/><G37/><T31/><D126/><U86/><E114/><V14/><F73/><W28/><G34/><T72/><D19/><U4/><E129/><V38/><F38/><W3/><G0/><T96/><D96/><U117/><E117/><V42/><F130/><W104/><G104/><T97/><D97/><U112/><E4/><V123/><F123/><W135/><G135/><T91/><D40/><U64/><E112/><V111/><F134/><W82/><G102/><T75/><D75/><U45/><E98/><N who="2" m="59463" /><F1/><W101/><G101/><T113/><D113/><U120/><E120/><V121/><F121/><W24/><G24/><T76/><REACH who="0" step="1"/><D91/><REACH who="0" ten="121,275,447,147" step="2"/><U50/><E107/><V49/><F111/><W39/><G39/><T127/><D127/><U35/><E105/><V118/><F109/><W41/><G41/><T78/><D78/><U99/><E99/><V12/><F118/><W131/><G131/><T66/><D66/><U26/><E77/><V69/><F69/><W17/><G55/><T10/><D10/><U20/><E68/><V88/><F88/><W81/><G17/><T57/><D57/><U74/><E64/><N who="2" m="38919" /><F63/><W124/><G124/><T22/><AGARI ba="0,1" hai="2,6,8,22,27,31,44,46,72,76,80,83,85,89" machi="22" ten="20,8000,1" yaku="1,1,0,1,7,1,52,1,53,1" doraHai="25" doraHaiUra="21" who="0" fromWho="0" sc="121,90,275,-20,447,-40,147,-20" /><INIT seed="7,0,0,2,0,62" ten="211,255,407,127" oya="3" hai0="111,87,108,102,99,28,42,58,13,31,12,68,130" hai1="98,89,2,131,4,23,55,11,47,96,117,41,112" hai2="46,104,32,129,19,16,119,45,63,0,126,48,14" hai3="135,114,43,21,134,80,24,74,50,17,10,53,118"/><W61/><G118/><T44/><D68/><U128/><E117/><V93/><F104/><W5/><G43/><T113/><D130/><N who="1" m="49707" /><E112/><V81/><F32/><W70/><G114/><T85/><D113/><U29/><E55/><V35/><F0/><W86/><G74/><T77/><D111/><U123/><E123/><V127/><F35/><W64/><G50/><T71/><D71/><U59/><E59/><V75/><F119/><W83/><G53/><T107/><D108/><U91/><E29/><V132/><F132/><N who="3" m="50731" /><G86/><T7/><D87/><U66/><E23/><V116/><F116/><W88/><G88/><N who="1" m="33866" /><E66/><V109/><F109/><W101/><G101/><T9/><D13/><AGARI ba="0,0" hai="5,10,13,17,21,24,61,64,70,80,83" m="50731" machi="13" ten="30,2900,0" yaku="20,1,52,1" doraHai="62" who="3" fromWho="0" sc="211,-29,255,0,407,0,127,29" /><INIT seed="7,1,0,4,1,112" ten="182,255,407,156" oya="3" hai0="28,51,68,65,107,1,45,49,61,81,18,73,9" hai1="105,37,58,62,115,103,22,85,11,59,44,26,23" hai2="111,0,16,47,32,133,20,52,76,132,134,60,33" hai3="24,100,96,56,17,29,126,41,114,121,67,90,119"/><W89/><G121/><T55/><D107/><U75/><E75/><V70/><F111/><W40/><G119/><T42/><D28/><U82/><E115/><V6/><F76/><W31/><G17/><T110/><D110/><U99/><E11/><N who="2" m="2503" /><F70/><W36/><G114/><T8/><D18/><U116/><E116/><V120/><F120/><W57/><G126/><T13/><D13/><U84/><E84/><V25/><F25/><W98/><G36/><T64/><D64/><U69/><E69/><V86/><F86/><W15/><G67/><T7/><D8/><U83/><E83/><V14/><F60/><W19/><G19/><T34/><D34/><N who="2" m="13418" /><F52/><W113/><G113/><T80/><D73/><U53/><E59/><AGARI ba="1,0" hai="1,7,9,42,45,49,51,55,59,61,65,68,80,81" machi="59" ten="30,1000,0" yaku="7,1" doraHai="112" who="0" fromWho="1" sc="182,13,255,-13,407,0,156,0" owari="195,-20.5,242,4.2,407,50.7,156,-34.4" /></mjloggm>