<mjloggm ver="2.3"><GO type="169" lobby="0"/><UN n0="%E3%81%AF%E3%81%AA%E3%81%B3%E3%81%AA%E3%81%B3" n1="%E3%83%97%E3%83%AC%E3%82%B9%E3%83%97" n2="%E3%83%AD%E3%83%99%E3%83%AB%E3%82%BF%E3%81%95%E3%82%93%EF%BC%A0" n3="%E3%81%B1%E3%81%B4%E3%81%B7%E3%81%BA%E3%81%BA" dan="17,16,16,16" rate="2129.68,2184.64,2121.03,2141.83" sx="M,M,F,M"/><TAIKYOKU oya="0"/><INIT seed="0,0,0,3,1,83" ten="250,250,250,250" oya="0" hai0="58,133,37,4,30,48,60,124,54,19,126,131,62" hai1="68,57,72,38,110,59,76,9,45,106,122,118,125" hai2="84,117,2,25,77,29,26,105,43,20,56,7,97" hai3="98,32,130,132,109,55,92,61,70,41,53,119,107"/><T74/><D74/><U1/><RYUUKYOKU type="yao9" ba="0,0" sc="250,0,250,0,250,0,250,0" hai1="1,9,38,45,57,59,68,72,76,106,110,118,122,125" /><INIT seed="0,1,0,5,2,28" ten="250,250,250,250" oya="0" hai0="23,123,128,68,42,65,41,52,97,107,79,78,51" hai1="111,1,59,99,94,57,135,22,29,105,32,61,19" hai2="15,46,71,108,84,8,133,14,25,47,119,87,100" hai3="125,55,85,74,37,64,5,122,83,118,114,3,126"/><T26/><D128/><U39/><E111/><V69/><F108/><W104/><G64/><T48/><D123/><U101/><E135/><V116/><F25/><W91/><G55/><T24/><D65/><U56/><E39/><V66/><F66/><W67/><G67/><T90/><D68/><U20/><E1/><V21/><F21/><W82/><G5/><T63/><D63/><U36/><E36/><V44/><F100/><W34/><G83/><T40/><D51/><U62/><E105/><V11/><REACH who="2" step="1"/><F46/><REACH who="2" ten="250,250,240,250" step="2"/><W43/><G122/><T129/><D129/><U93/><E22/><V73/><F73/><W103/><G74/><T16/><D24/><U115/><E115/><V18/><F18/><W81/><G103/><T31/><D31/><U86/><E19/><V7/><F7/><W6/><G6/><T72/><D72/><U110/><E20/><V13/><F13/><W10/><G114/><T120/><D120/><U131/><E131/><V49/><F49/><W117/><G37/><T109/><D109/><U88/><REACH who="1" step="1"/><E110/><REACH who="1" ten="250,240,240,250" step="2"/><V96/><F96/><W27/><G3/><T54/><D97/><U113/><E113/><V9/><F9/><W17/><G10/><T130/><D130/><U38/><E38/><V60/><F60/><W53/><G17/><T127/><D16/><U58/><N who="1" m="14336" /><DORA hai="80" /><U98/><E98/><V92/><F92/><W30/><G104/><T0/><D23/><U89/><E89/><V95/><F95/><W45/><G91/><T132/><D90/><U70/><E70/><V33/><F33/><W4/><G34/><T76/><D0/><RYUUKYOKU ba="1,2" sc="250,-15,240,15,240,15,250,-15" hai1="29,32,61,62,86,88,93,94,99,101" hai2="8,11,14,15,44,47,69,71,84,87,116,119,133" /><INIT seed="1,2,2,4,0,48" ten="235,255,255,235" oya="1" hai0="0,92,60,10,90,46,16,121,89,19,131,133,78" hai1="59,79,51,35,55,97,36,9,37,120,128,95,87" hai2="28,43,12,84,93,105,22,75,80,21,33,6,2" hai3="77,30,3,52,70,44,58,11,108,15,104,32,123"/><U111/><E120/><V124/><F105/><W13/><G123/><T122/><D133/><U57/><E35/><V117/><F75/><W4/><G104/><T102/><D131/><U113/><E113/><V135/><F2/><W132/><G70/><T73/><D60/><U118/><E118/><V72/><F72/><W127/><G132/><T88/><D46/><U18/><E128/><V14/><F33/><W101/><G108/><T5/><D121/><U39/><E111/><V96/><F124/><W103/><G127/><T67/><D67/><U107/><E107/><V42/><F117/><W126/><G77/><T74/><D122/><U47/><E87/><V50/><F135/><W76/><G76/><T49/><D49/><U34/><E79/><N who="2" m="46111" /><F50/><W7/><G44/><T91/><N who="0" m="22528" /><DORA hai="85" /><T25/><D25/><U130/><E34/><V8/><F14/><W54/><G32/><T41/><D41/><N who="2" m="15370" /><F28/><W98/><G30/><T65/><D65/><U81/><E81/><V61/><F61/><W119/><G119/><T71/><D71/><U38/><E130/><V31/><F31/><W86/><G126/><T26/><D26/><U116/><E116/><V24/><F24/><W23/><G3/><T134/><D134/><U106/><E37/><V40/><N who="2" m="15378" /><V53/><DORA hai="114" /><F53/><W68/><G68/><T29/><D29/><U45/><E38/><V129/><F129/><W82/><G82/><N who="0" m="45391" /><D74/><U20/><E39/><V99/><F99/><W56/><G98/><T1/><D1/><U17/><E36/><V66/><F66/><W125/><G125/><T100/><D92/><RYUUKYOKU ba="2,2" sc="235,15,255,-15,255,15,235,-15" hai0="0,5,10,16,19,100,102" hai2="6,8,12,21,22,93,96" /><INIT seed="2,3,2,1,5,45" ten="250,240,270,220" oya="2" hai0="112,120,35,128,72,105,38,129,68,61,37,96,23" hai1="16,36,30,107,114,31,49,0,63,97,125,124,52" hai2="121,78,108,1,19,12,64,21,122,25,67,123,116" hai3="132,42,119,60,47,10,66,126,22,54,20,55,80"/><V133/><F116/><W58/><G119/><T27/><D120/><U98/><E114/><V79/><F1/><W11/><G132/><T41/><D72/><U110/><E36/><V92/><F133/><W102/><G126/><N who="1" m="48746" /><E0/><V14/><F108/><W34/><G34/><T28/><D23/><N who="3" m="8745" /><G102/><N who="0" m="62663" /><D112/><U131/><E110/><V82/><F92/><W101/><G101/><T33/><D33/><U93/><E131/><N who="0" m="50249" /><D41/><U39/><E39/><V53/><F53/><N who="3" m="19979" /><G80/><T90/><D90/><N who="1" m="55479" /><E63/><V4/><F78/><W115/><G115/><T77/><D77/><U75/><E75/><V57/><F4/><W71/><G71/><T51/><D51/><AGARI ba="3,2" hai="10,11,42,47,51,58,60,66" m="19979,8745" machi="51" ten="30,2000,0" yaku="8,1,52,1" doraHai="45" who="3" fromWho="0" sc="250,-29,240,0,270,0,220,49" /><INIT seed="3,0,0,0,4,101" ten="221,240,270,269" oya="3" hai0="88,95,112,78,54,30,126,81,16,116,115,94,53" hai1="90,129,25,109,83,43,32,7,11,55,36,24,9" hai2="23,130,128,14,18,121,17,35,118,86,58,42,96" hai3="79,117,98,80,108,97,64,41,52,92,85,44,40"/><W5/><G117/><T59/><D116/><U70/><E70/><V12/><F118/><W29/><G108/><T123/><D123/><U104/><E109/><V103/><F35/><W110/><G110/><T22/><D126/><U131/><E36/><V65/><F121/><W111/><G111/><T20/><D30/><U56/><E43/><V45/><F86/><W13/><G29/><T113/><D20/><U2/><E11/><V49/><F58/><W6/><G64/><T135/><D135/><U39/><E39/><V82/><F82/><W71/><G71/><T68/><D68/><U50/><E104/><V84/><F84/><W38/><G41/><T102/><D102/><U100/><E100/><V3/><F3/><W93/><G13/><T89/><D94/><U57/><E32/><V1/><F1/><W66/><G66/><T33/><D33/><U134/><E134/><V120/><F65/><W107/><G107/><T72/><D95/><U8/><E8/><V21/><REACH who="2" step="1"/><F120/><REACH who="2" ten="221,240,260,269" step="2"/><W15/><G85/><T125/><D125/><U0/><E56/><V74/><F74/><W63/><G80/><T67/><D67/><U87/><REACH who="1" step="1"/><E2/><REACH who="1" ten="221,230,260,269" step="2"/><V91/><F91/><N who="0" m="34890" /><D59/><U114/><E114/><V122/><F122/><W105/><G105/><AGARI ba="0,2" hai="12,14,17,18,21,23,42,45,49,96,103,105,128,130" machi="105" ten="40,8000,1" yaku="1,1,9,1,52,1,53,2" doraHai="101" doraHaiUra="10" who="2" fromWho="3" sc="221,0,230,0,260,100,269,-80" /><INIT seed="4,0,0,1,1,131" ten="221,230,360,189" oya="0" hai0="83,7,110,2,15,19,17,95,97,57,68,70,129" hai1="111,11,90,98,103,128,118,51,38,122,119,23,99" hai2="29,39,109,78,84,21,113,47,114,80,64,61,123" hai3="18,48,127,59,120,28,72,46,74,31,12,105,4"/><T6/><D129/><U75/><E38/><V24/><F109/><W14/><G105/><T43/><D110/><U1/><E111/><V5/><F123/><W26/><G127/><T121/><D121/><U35/><E122/><V79/><F5/><W33/><G120/><T49/><D83/><U37/><E37/><V3/><F3/><W101/><G101/><T89/><D17/><U82/><E35/><V76/><F47/><W62/><G31/><T16/><D19/><U50/><E23/><V8/><F8/><W91/><G91/><T93/><D93/><U134/><E128/><V92/><F92/><W41/><G4/><T125/><D125/><U20/><E20/><V102/><F102/><W45/><G45/><T81/><D81/><U54/><E51/><V69/><REACH who="2" step="1"/><F39/><REACH who="2" ten="221,230,350,189" step="2"/><W96/><G96/><T9/><D6/><U40/><E98/><V56/><F56/><W116/><G116/><T63/><D7/><U107/><E11/><V58/><F58/><W73/><REACH who="3" step="1"/><G18/><REACH who="3" ten="221,230,350,179" step="2"/><T13/><D16/><U27/><E99/><V52/><F52/><AGARI ba="0,2" hai="12,14,26,28,33,41,46,48,52,59,62,72,73,74" machi="52" ten="40,5200,0" yaku="1,1,2,1,54,1,53,0" doraHai="131" doraHaiUra="65" who="3" fromWho="2" sc="221,0,230,0,350,-52,179,72" /><INIT seed="5,0,0,4,5,133" ten="221,230,298,251" oya="1" hai0="96,5,123,102,37,71,104,40,68,8,62,14,101" hai1="53,73,18,26,43,41,17,126,127,130,9,29,27" hai2="4,125,44,99,103,112,124,94,131,47,119,116,108" hai3="16,65,87,78,98,128,92,118,135,70,93,24,60"/><U109/><E73/><V50/><F108/><W7/><G135/><T105/><D123/><U91/><E109/><V56/><F131/><W89/><G128/><T117/><D117/><U1/><E130/><V76/><F112/><W129/><G118/><T64/><D68/><U31/><E91/><V13/><F47/><W100/><G129/><T15/><D15/><U19/><E53/><V61/><F76/><W20/><G78/><T58/><D58/><U90/><E90/><V0/><F13/><W114/><G7/><T113/><D113/><U28/><E41/><N who="2" m="24847" /><F4/><W32/><G32/><T82/><D82/><U52/><E43/><V121/><F0/><W42/><G42/><T21/><D21/><U69/><E52/><N who="2" m="33927" /><F121/><W84/><G114/><T46/><REACH who="0" step="1"/><D102/><REACH who="0" ten="211,230,298,251" step="2"/><U106/><E69/><V36/><F36/><W107/><G70/><T77/><D77/><U120/><E120/><V11/><F11/><W48/><G100/><T63/><D63/><U57/><E57/><V30/><F116/><W59/><G60/><T80/><D80/><U49/><E49/><V51/><F51/><W3/><G48/><T111/><D111/><U34/><E34/><V54/><F119/><W6/><G59/><T88/><D88/><U110/><E110/><V2/><F2/><W134/><G3/><T79/><D79/><U115/><E115/><V66/><F103/><W38/><G134/><T132/><D132/><U33/><E33/><V86/><F66/><W97/><G65/><T22/><D22/><U23/><E23/><V25/><F54/><W81/><G89/><T67/><D67/><RYUUKYOKU ba="0,1" sc="211,30,230,-10,298,-10,251,-10" hai0="5,8,14,37,40,46,62,64,71,96,101,104,105" /><INIT seed="6,1,1,2,3,130" ten="241,220,288,241" oya="2" hai0="41,6,63,66,92,51,85,9,91,65,94,58,5" hai1="3,117,39,93,21,102,107,43,111,38,95,18,36" hai2="25,16,29,4,64,30,109,1,127,76,2,31,89" hai3="56,69,90,7,44,23,54,70,17,35,47,82,131"/><V22/><F76/><W116/><G35/><T113/><D113/><U124/><E111/><V108/><F64/><W50/><G116/><T71/><D65/><U34/><E34/><V42/><F42/><W20/><G131/><T15/><D6/><U79/><E117/><V86/><F127/><W28/><G7/><T52/><REACH who="0" step="1"/><D41/><REACH who="0" ten="231,220,288,241" step="2"/><U97/><E43/><V73/><F4/><W60/><G70/><T118/><D118/><U61/><E124/><V112/><F112/><W101/><G69/><T32/><D32/><U106/><E3/><V84/><F1/><W128/><G128/><T27/><D27/><U134/><E134/><V46/><F2/><W100/><G54/><T13/><D13/><U114/><E114/><V75/><F108/><W115/><G115/><T119/><D119/><U135/><E135/><V59/><F25/><W57/><G47/><T120/><D120/><U125/><E125/><V8/><F46/><W83/><G44/><T48/><D48/><U126/><E126/><V105/><F109/><W132/><G50/><T72/><D72/><U67/><E107/><V81/><F75/><W26/><G132/><T0/><D0/><U74/><E74/><V123/><F73/><W78/><G26/><T14/><D14/><U122/><E122/><V110/><F105/><W104/><G104/><T133/><D133/><U37/><E37/><V96/><F110/><W40/><G40/><T12/><D12/><N who="1" m="9415" /><E79/><V11/><F123/><W99/><G78/><T98/><D98/><U68/><E106/><V53/><F96/><W80/><G99/><T10/><D10/><RYUUKYOKU ba="1,2" sc="231,15,220,15,288,-15,241,-15" hai0="5,9,15,51,52,58,63,66,71,85,91,92,94" hai1="36,38,39,61,67,68,93,95,97,102" /><INIT seed="7,2,2,2,3,83" ten="246,235,273,226" oya="3" hai0="46,54,103,13,29,65,55,56,8,28,18,82,81" hai1="128,68,85,61,134,98,79,129,89,76,52,26,53" hai2="113,11,22,10,50,45,96,97,51,73,66,24,4" hai3="124,39,111,58,133,72,123,92,40,119,44,6,25"/><W57/><G123/><T125/><D125/><U126/><E126/><V104/><F73/><W80/><G124/><T0/><D0/><U42/><E134/><V32/><F32/><W17/><G119/><T107/><D65/><N who="1" m="41007" /><E42/><N who="2" m="24887" /><F104/><W70/><G70/><T114/><D114/><U130/><E26/><V121/><F121/><W48/><G133/><T88/><D103/><U34/><E34/><V101/><F101/><W87/><G111/><T135/><D107/><U71/><E71/><V99/><F4/><W2/><G92/><T63/><D82/><N who="1" m="49335" /><E98/><V62/><F51/><W47/><G72/><T36/><D135/><U15/><E15/><V108/><F113/><W127/><G127/><T110/><D110/><U90/><E90/><V116/><F116/><W16/><G6/><T93/><D81/><U64/><E64/><V102/><F102/><W109/><G2/><T27/><D27/><U132/><E132/><V67/><F108/><W23/><G17/><T37/><D37/><U131/><E131/><V12/><F62/><W75/><G75/><T43/><REACH who="0" step="1"/><D54/><AGARI ba="2,2" hai="52,53,54,76,79,128,129,130" m="49335,41007" machi="54" ten="30,3900,0" yaku="19,1,52,1,54,1" doraHai="83" who="1" fromWho="0" sc="246,-45,235,65,273,0,226,0" owari="201,-29.9,300,40.0,273,7.3,226,-17.4" /></mjloggm>