<mjloggm ver="2.3"><GO type="169" lobby="0"/><UN n0="%65%76%69%61%6E%36%31%39" n1="%E3%81%8B%E3%82%81%E3%81%98%E3%82%8D%E3%81%86" n2="%E3%82%A4%E3%82%A7%E3%83%83%E3%82%BF%E3%82%A4%E3%82%AC%E3%83%BC" n3="%31%74%61" dan="16,16,16,17" rate="2118.27,2124.58,2129.95,2236.96" sx="M,M,M,M"/><TAIKYOKU oya="0"/><INIT seed="0,0,0,2,5,100" ten="250,250,250,250" oya="0" hai0="9,89,22,116,15,111,10,37,50,66,105,39,125" hai1="0,57,84,19,34,16,113,48,101,61,132,95,60" hai2="58,33,47,103,97,98,12,91,108,3,21,51,87" hai3="122,92,11,128,118,117,42,38,121,1,80,32,63"/><T23/><D116/><U88/><E0/><V104/><F3/><W76/><G32/><T129/><D15/><U56/><E34/><V40/><F33/><W17/><G63/><T68/><D50/><U82/><E132/><V134/><F134/><W110/><G92/><T18/><D18/><U133/><E133/><V26/><F108/><W45/><G128/><T13/><D13/><U69/><E69/><V114/><F114/><W65/><G65/><T25/><D66/><U99/><E48/><V75/><F75/><N who="3" m="43039" /><G17/><T94/><D94/><U14/><E113/><V30/><F12/><W86/><G86/><T127/><D89/><U5/><E5/><V24/><F24/><W20/><G20/><T8/><D129/><U106/><E106/><V120/><F120/><N who="3" m="46187" /><G110/><T96/><D111/><U54/><REACH who="1" step="1"/><E14/><REACH who="1" ten="250,240,250,250" step="2"/><V36/><F36/><N who="0" m="13898" /><D68/><U27/><E27/><V124/><F124/><N who="0" m="47690" /><D25/><U62/><E62/><V29/><F26/><W79/><G118/><T59/><D59/><U44/><E44/><V41/><F58/><W131/><G117/><T83/><D83/><U81/><E81/><V72/><F47/><W28/><G131/><T130/><D130/><U49/><E49/><V71/><F51/><W67/><G45/><T52/><D8/><U123/><E123/><V119/><F71/><W53/><G11/><T112/><D112/><U2/><E2/><V107/><F119/><W7/><G1/><T31/><D9/><U135/><E135/><V102/><F21/><W73/><G38/><T90/><D10/><U55/><AGARI ba="0,1" hai="16,19,54,55,56,57,60,61,82,84,88,95,99,101" machi="55" ten="20,16000,3" yaku="1,1,0,1,7,1,9,1,8,1,54,2,53,1" doraHai="100" doraHaiUra="93" who="1" fromWho="1" sc="250,-80,240,170,250,-40,250,-40" /><INIT seed="1,0,0,2,1,126" ten="170,410,210,210" oya="1" hai0="129,77,62,33,99,89,96,23,10,18,59,110,56" hai1="58,82,26,20,7,123,8,51,115,84,108,12,97" hai2="31,72,5,75,11,113,103,27,90,122,65,88,80" hai3="52,39,19,73,112,30,69,34,93,105,45,76,47"/><U111/><E115/><V67/><F113/><W66/><G112/><T70/><D110/><U29/><E123/><V120/><F103/><W124/><G105/><T48/><D33/><U71/><E71/><V117/><F117/><W68/><G124/><T85/><D70/><U95/><E58/><V109/><F109/><N who="1" m="42057" /><E51/><V25/><F80/><W43/><G93/><T46/><D59/><U6/><E6/><V21/><F5/><W98/><G45/><T9/><D56/><U78/><E97/><V107/><F107/><W81/><G98/><T49/><D62/><U44/><E95/><V54/><F54/><W132/><G52/><T74/><D99/><U94/><E94/><V83/><F83/><W86/><G81/><T17/><D96/><U91/><E44/><V64/><F11/><W55/><G47/><T100/><D10/><U87/><E87/><V128/><F21/><W36/><G68/><T3/><D9/><U24/><E26/><N who="2" m="9739" /><F31/><W130/><G30/><T1/><D46/><U15/><E15/><V13/><F13/><W42/><G69/><T40/><D100/><U119/><E119/><V134/><F120/><W114/><G114/><T101/><D101/><U60/><E60/><V104/><F104/><W63/><G63/><T4/><D49/><U121/><E121/><V41/><F122/><W32/><G32/><T127/><D48/><U28/><E28/><V102/><F102/><W92/><G34/><T79/><D4/><U118/><E118/><V0/><F72/><W14/><G73/><T22/><D74/><U50/><E50/><V106/><F75/><RYUUKYOKU ba="0,0" sc="170,-10,410,30,210,-10,210,-10" hai1="7,8,12,20,24,29,78,82,84,91" /><INIT seed="1,1,0,1,4,124" ten="160,440,200,200" oya="1" hai0="99,62,125,25,51,35,22,81,63,2,84,100,3" hai1="47,105,121,66,88,44,133,86,68,24,94,31,74" hai2="79,26,76,14,5,69,95,27,118,115,82,33,131" hai3="78,36,29,109,135,77,38,49,65,30,43,67,12"/><U127/><E121/><V61/><F118/><W34/><G109/><T130/><D125/><U106/><E127/><V52/><F115/><W83/><G135/><T19/><D35/><U48/><E133/><V122/><F122/><W114/><G114/><T59/><D2/><U111/><E74/><V28/><F26/><W128/><G49/><T72/><D3/><U21/><E111/><V119/><F119/><W134/><G134/><T113/><D72/><U46/><REACH who="1" step="1"/><E48/><REACH who="1" ten="160,430,200,200" step="2"/><V9/><F131/><W58/><G128/><T98/><D130/><U45/><N who="1" m="11264" /><DORA hai="101" /><U132/><E132/><V54/><F61/><AGARI ba="1,1" hai="21,24,31,61,66,68,86,88,94,105,106" m="11264" machi="61" ten="50,24000,3" yaku="1,1,52,2,54,1,53,4" doraHai="124,101" doraHaiUra="110,40" who="1" fromWho="2" sc="160,0,430,253,200,-243,200,0" owari="160,-24.0,683,78.3,-43,-54.3,200,0.0" /></mjloggm>