<mjloggm ver="2.3"><GO type="169" lobby="0"/><UN n0="%31%74%61" n1="%6E%61%67%61%69%6D%6F" n2="%E3%81%82%E3%81%95%E3%81%B4%E3%82%93%EF%BC%A0%EF%BD%8D%EF%BD%8A" n3="%70%61%6C%75" dan="17,17,18,16" rate="2207.10,2155.21,2253.22,2077.06" sx="M,M,M,F"/><TAIKYOKU oya="0"/><INIT seed="0,0,0,5,2,4" ten="250,250,250,250" oya="0" hai0="90,48,56,72,109,62,81,55,135,103,45,30,32" hai1="11,1,78,94,44,20,21,87,110,76,15,91,10" hai2="37,67,101,46,129,31,120,95,2,14,82,80,126" hai3="58,6,89,26,117,106,104,86,121,112,84,127,116"/><T119/><D119/><U70/><E70/><V3/><F120/><W52/><G112/><T18/><D135/><U57/><E110/><V131/><F31/><W113/><G113/><T60/><D103/><U125/><E125/><V88/><F67/><W33/><G127/><T100/><D100/><U122/><E122/><V50/><F37/><W17/><G121/><T96/><D109/><U79/><E1/><N who="2" m="11" /><F101/><W54/><G6/><T98/><D62/><U53/><E44/><V16/><F50/><W92/><G86/><T97/><D18/><N who="1" m="10335" /><E21/><V107/><F46/><W123/><G123/><T25/><D72/><U65/><E65/><V118/><F107/><W29/><G54/><T128/><D128/><N who="2" m="49226" /><F118/><W8/><G116/><T24/><D24/><U134/><E134/><V12/><F12/><W93/><G117/><T49/><REACH who="0" step="1"/><D45/><REACH who="0" ten="240,250,250,250" step="2"/><U47/><E47/><V59/><F126/><W105/><G105/><T19/><D19/><U115/><E115/><V39/><F39/><W7/><G17/><T0/><D0/><U71/><E71/><V22/><F59/><W23/><G106/><T108/><D108/><U28/><E28/><V111/><F111/><W9/><G104/><T36/><D36/><U41/><E41/><V43/><F43/><W124/><G124/><T85/><AGARI ba="0,1" hai="25,30,32,48,49,55,56,60,81,85,90,96,97,98" machi="85" ten="30,6000,0" yaku="1,1,0,1,53,1" doraHai="4" doraHaiUra="77" who="0" fromWho="0" sc="240,70,250,-20,250,-20,250,-20" /><INIT seed="0,1,0,3,3,79" ten="310,230,230,230" oya="0" hai0="53,126,90,72,20,97,118,94,41,105,12,101,1" hai1="82,117,91,11,23,110,50,114,109,85,86,107,65" hai2="38,46,133,87,42,43,39,120,75,48,47,33,17" hai3="95,125,59,44,26,22,84,18,4,60,106,88,5"/><T122/><D118/><U8/><E117/><V63/><F75/><W54/><G106/><T52/><D122/><U10/><E107/><V9/><F33/><W130/><G125/><T116/><D116/><U31/><E65/><V69/><F120/><W112/><G112/><T76/><D1/><U29/><E114/><V78/><F133/><W55/><G130/><T16/><D41/><U119/><E119/><V58/><F9/><W62/><G44/><T124/><D124/><U132/><E132/><V74/><F74/><W13/><G13/><T128/><D128/><U34/><E34/><V102/><F17/><W77/><G77/><T104/><D126/><U28/><E50/><V129/><F102/><W83/><G95/><T51/><D105/><U96/><E96/><V3/><F3/><W40/><G40/><T24/><D24/><U73/><E73/><V108/><F108/><W15/><G26/><T35/><D51/><U98/><E98/><V135/><F135/><W64/><REACH who="3" step="1"/><G54/><REACH who="3" ten="310,230,230,220" step="2"/><T27/><D27/><U0/><E0/><V121/><F129/><W111/><G111/><T56/><D35/><U123/><E123/><V67/><F121/><W21/><G21/><T7/><D7/><U134/><E134/><V36/><F78/><W30/><G30/><T61/><D76/><U68/><E23/><V100/><F38/><W70/><AGARI ba="1,1" hai="4,5,15,18,22,55,59,60,62,64,70,83,84,88" machi="70" ten="20,8000,1" yaku="1,1,0,1,7,1,52,1,54,1,53,0" doraHai="79" doraHaiUra="99" who="3" fromWho="3" sc="310,-41,230,-21,230,-21,220,93" /><INIT seed="1,0,0,5,1,105" ten="269,209,209,313" oya="1" hai0="49,30,94,54,106,89,127,41,40,80,107,123,64" hai1="57,101,70,77,84,120,20,75,14,98,73,8,76" hai2="71,13,37,124,7,117,129,79,26,18,27,25,60" hai3="114,29,92,95,88,3,31,48,38,126,1,68,46"/><U15/><E70/><V104/><F37/><W81/><G114/><T58/><D127/><U9/><E120/><V72/><F104/><W125/><G38/><T22/><D123/><U108/><E20/><V59/><F117/><W90/><G81/><T113/><D113/><U34/><E34/><V115/><F115/><W74/><G68/><T128/><D128/><U6/><E57/><V93/><F71/><W132/><G48/><T21/><D80/><U78/><E84/><V131/><F7/><W47/><G132/><T23/><D30/><U45/><E45/><V133/><F93/><W66/><G66/><T99/><D107/><U36/><E36/><V51/><F51/><W52/><G52/><T130/><D106/><U63/><E63/><V5/><F5/><W121/><G121/><T55/><D64/><U65/><E65/><N who="2" m="39071" /><F124/><W97/><G97/><T32/><D32/><U42/><E42/><V11/><F133/><W35/><G35/><T43/><D130/><N who="2" m="49674" /><F79/><W69/><G69/><T122/><D122/><U12/><E108/><V118/><F118/><W53/><G53/><AGARI ba="0,0" hai="21,22,23,40,41,43,49,53,54,55,58,89,94,99" machi="53" ten="40,1300,0" yaku="8,1" doraHai="105" who="0" fromWho="3" sc="269,13,209,0,209,0,313,-13" /><INIT seed="2,0,0,3,1,94" ten="282,209,209,300" oya="2" hai0="45,113,65,14,126,39,26,95,123,17,80,31,87" hai1="124,1,64,100,132,59,9,11,57,81,19,77,25" hai2="27,5,2,15,46,37,121,52,24,41,63,84,40" hai3="22,68,56,18,106,79,82,134,130,133,58,67,16"/><V91/><F121/><W47/><G130/><T109/><D123/><U43/><E132/><N who="3" m="50794" /><G106/><T86/><D113/><U74/><E124/><V102/><F2/><W127/><G127/><T33/><D109/><U88/><E100/><V110/><F110/><W92/><G92/><T131/><D131/><U8/><E1/><V51/><F102/><W29/><G47/><T71/><D126/><U93/><E43/><V70/><F40/><W99/><G99/><T35/><D35/><U62/><E25/><V101/><F101/><W75/><G29/><T120/><D120/><U125/><E125/><V53/><F5/><W111/><G18/><T118/><D118/><U48/><E48/><V105/><F15/><N who="3" m="9503" /><G111/><T107/><D107/><U122/><E122/><V128/><F105/><W90/><G90/><T129/><D129/><U115/><E115/><V23/><F128/><W38/><G38/><T49/><D39/><U0/><E0/><V54/><F37/><W66/><G68/><T21/><D95/><U60/><E19/><V12/><F12/><W76/><G79/><T42/><REACH who="0" step="1"/><D80/><REACH who="0" ten="272,209,209,300" step="2"/><U78/><E78/><V98/><F98/><W89/><G89/><T20/><D20/><U96/><REACH who="1" step="1"/><E8/><REACH who="1" ten="272,199,209,300" step="2"/><V97/><F23/><W61/><G76/><T114/><D114/><U69/><E69/><V3/><F91/><W28/><G28/><T104/><D104/><U4/><E4/><V44/><F27/><W135/><G135/><T108/><D108/><U72/><E72/><V6/><F24/><W112/><G112/><T50/><D50/><U13/><E13/><V119/><F51/><RYUUKYOKU ba="0,2" sc="272,15,199,15,209,-15,300,-15" hai0="14,17,21,26,31,33,42,45,49,65,71,86,87" hai1="9,11,57,59,60,62,64,74,77,81,88,93,96" /><INIT seed="3,1,2,1,5,81" ten="287,214,194,285" oya="3" hai0="116,15,74,132,33,75,30,123,129,100,57,73,2" hai1="58,12,113,21,89,41,4,8,126,104,65,35,29" hai2="66,95,90,114,103,108,112,24,121,92,110,76,31" hai3="117,79,13,39,86,125,56,36,80,87,107,28,46"/><W0/><G117/><T78/><D116/><U37/><E104/><V25/><F66/><W70/><G0/><T55/><D2/><U72/><E72/><V93/><F31/><W3/><G3/><T99/><D123/><U9/><E35/><V62/><F62/><W34/><G70/><T91/><D129/><U96/><E113/><N who="2" m="43627" /><F24/><W60/><G107/><T105/><D132/><U101/><E9/><V68/><F25/><W120/><G120/><T50/><D30/><U11/><E11/><V19/><F19/><W67/><G125/><T115/><D33/><U20/><E126/><V44/><F44/><W69/><G69/><T82/><D115/><U7/><E7/><V22/><F22/><W27/><G46/><T32/><D32/><U131/><E131/><V53/><F53/><W64/><G64/><T40/><D91/><U128/><E128/><V52/><F52/><W49/><G49/><T71/><D71/><U84/><E41/><V124/><F68/><W6/><G6/><T133/><D133/><U42/><E42/><V77/><F124/><W47/><G47/><T134/><D134/><U45/><E45/><V119/><F119/><W38/><REACH who="3" step="1"/><G13/><REACH who="3" ten="287,214,194,275" step="2"/><T122/><D122/><U14/><E14/><V10/><F121/><W1/><G1/><T59/><D15/><U111/><E65/><V18/><F110/><W51/><G51/><T17/><D57/><U63/><E111/><V118/><F108/><W83/><G83/><T16/><D40/><U130/><E130/><V109/><F109/><W5/><G5/><T106/><D106/><U97/><E4/><RYUUKYOKU ba="1,3" sc="287,15,214,-15,194,-15,275,15" hai0="16,17,50,55,59,73,74,75,78,82,99,100,105" hai3="27,28,34,36,38,39,56,60,67,79,80,86,87" /><INIT seed="3,2,3,5,4,126" ten="302,199,179,290" oya="3" hai0="76,59,66,97,109,96,130,80,1,45,67,56,49" hai1="61,20,60,86,36,89,104,43,87,95,79,35,78" hai2="123,111,65,81,16,120,19,107,40,88,91,125,22" hai3="57,128,18,121,74,64,94,55,132,44,32,68,53"/><W0/><G121/><N who="2" m="46665" /><F125/><W131/><G74/><T103/><D1/><U15/><E35/><V92/><F107/><W33/><G132/><T82/><D109/><U12/><E104/><V116/><F116/><W113/><G113/><T46/><D130/><N who="3" m="49705" /><G0/><T21/><D21/><U122/><E122/><V129/><F129/><W71/><G18/><T98/><D103/><U51/><E36/><V112/><F112/><W14/><G14/><T77/><D98/><U105/><E105/><V114/><F114/><W124/><G124/><T34/><D49/><U48/><E95/><V102/><F111/><W3/><G3/><T30/><D34/><N who="3" m="13417" /><G64/><T69/><D30/><U11/><E20/><V72/><F65/><W90/><G44/><T39/><D67/><U84/><E11/><V83/><F19/><W41/><G41/><T115/><D66/><U13/><E43/><V117/><F72/><W6/><G6/><T24/><D115/><U2/><E2/><V133/><F133/><W17/><G17/><T75/><D75/><U8/><E8/><V28/><F28/><W31/><G31/><T108/><D108/><U93/><E93/><V9/><F9/><W50/><G53/><T4/><D4/><U63/><E89/><N who="2" m="34379" /><F40/><W25/><G25/><T127/><D127/><U62/><N who="1" m="15360" /><DORA hai="42" /><U101/><E101/><V7/><F7/><W119/><G119/><T110/><D110/><U58/><E58/><V135/><F135/><W85/><AGARI ba="2,3" hai="50,55,57,68,71,85,90,94" m="13417,49705" machi="85" ten="30,11700,0" yaku="19,1,52,3" doraHai="126,42" who="3" fromWho="3" sc="302,-41,199,-41,179,-41,290,153" /><INIT seed="3,3,0,3,0,61" ten="261,158,138,443" oya="3" hai0="22,104,46,5,99,130,10,93,101,76,25,110,23" hai1="108,70,72,71,15,28,118,63,126,36,16,85,109" hai2="59,100,57,83,82,78,111,4,131,47,69,124,127" hai3="38,24,122,129,31,115,32,45,17,134,42,106,90"/><W67/><G115/><T7/><D110/><U97/><E72/><V96/><F69/><W53/><G122/><T12/><D130/><U18/><E36/><V114/><F114/><W56/><G129/><T49/><D104/><U95/><E118/><V86/><F131/><W51/><G106/><T43/><D5/><U14/><E28/><V13/><F111/><W0/><G0/><T98/><D98/><U39/><E39/><V112/><F112/><W120/><G120/><T80/><REACH who="0" step="1"/><D25/><REACH who="0" ten="251,158,138,443" step="2"/><U19/><E109/><V66/><F96/><W20/><G134/><T2/><D2/><U103/><E108/><V125/><F4/><W75/><G75/><AGARI ba="3,1" hai="7,10,12,22,23,43,46,49,75,76,80,93,99,101" machi="75" ten="30,2000,0" yaku="1,1,7,1,53,0" doraHai="61" doraHaiUra="27" who="0" fromWho="3" sc="251,39,158,0,138,0,443,-29" /><INIT seed="4,0,0,0,5,24" ten="290,158,138,414" oya="0" hai0="22,59,127,56,65,120,110,63,51,77,35,125,10" hai1="61,6,11,115,25,75,27,117,114,1,107,135,60" hai2="82,104,95,93,111,126,32,80,3,49,4,101,40" hai3="79,69,34,26,74,44,55,92,113,100,31,71,122"/><T87/><D35/><U41/><E75/><V131/><F32/><W0/><G0/><T91/><D120/><U43/><E107/><V17/><F3/><W19/><G122/><T99/><D110/><U12/><E117/><V98/><F4/><W108/><G108/><T7/><D22/><U16/><E135/><V130/><F111/><W103/><G113/><N who="1" m="43018" /><E43/><V84/><F17/><W116/><G116/><T109/><D109/><U48/><E48/><V2/><F2/><W118/><G19/><T47/><D99/><U88/><E41/><V30/><F30/><W83/><G118/><T124/><D77/><U78/><E78/><V89/><F49/><W66/><G66/><T20/><D20/><N who="1" m="11271" /><E88/><N who="2" m="53383" /><F40/><W23/><G34/><T134/><D134/><U21/><E27/><V119/><F119/><W121/><G121/><T42/><D10/><U54/><E54/><V81/><F126/><W57/><G100/><T90/><D7/><U58/><E58/><N who="0" m="22057" /><D87/><AGARI ba="0,0" hai="80,81,82,87,89,95,98,101,104,130,131" m="53383" machi="87" ten="30,3900,0" yaku="34,2,54,1" doraHai="24" who="2" fromWho="0" sc="290,-39,158,0,138,39,414,0" /><INIT seed="5,0,0,0,2,7" ten="251,158,177,414" oya="1" hai0="0,14,24,71,18,3,107,80,109,10,58,93,83" hai1="48,46,125,28,26,65,67,132,134,56,120,55,42" hai2="92,30,122,118,128,35,112,110,6,72,41,81,43" hai3="100,23,62,47,126,16,111,86,34,104,15,119,96"/><U78/><E78/><V124/><F110/><W75/><G111/><T8/><D107/><U108/><E108/><V82/><F122/><W70/><G75/><T106/><D106/><U36/><E120/><V90/><F118/><W64/><G119/><T63/><D71/><U77/><E77/><V68/><F68/><W45/><G126/><T87/><D24/><U102/><E102/><V61/><F124/><W33/><G86/><T69/><D69/><U91/><E91/><V12/><F35/><W37/><G37/><T85/><D93/><U52/><E125/><V17/><F30/><W113/><G113/><T11/><D0/><U130/><E130/><V38/><F38/><W76/><G76/><N who="0" m="46215" /><D3/><U79/><E79/><V101/><F101/><W117/><G117/><T89/><D109/><U2/><E2/><V99/><F72/><W98/><G98/><T123/><D123/><U51/><E26/><V49/><F128/><W133/><G133/><N who="1" m="51306" /><E28/><V9/><F112/><W97/><REACH who="3" step="1"/><G96/><REACH who="3" ten="251,158,177,404" step="2"/><T54/><AGARI ba="0,1" hai="8,10,11,14,18,54,58,63,83,87,89" m="46215" machi="54" ten="30,7900,0" yaku="8,1,52,3" doraHai="7" who="0" fromWho="0" sc="251,89,158,-39,177,-20,404,-20" /><INIT seed="6,0,0,5,4,10" ten="340,119,157,384" oya="2" hai0="30,127,23,15,134,132,65,74,86,19,105,14,85" hai1="0,87,76,24,39,56,121,20,82,27,35,62,108" hai2="135,100,94,3,18,93,40,119,37,91,90,81,25" hai3="98,5,44,97,124,59,80,45,67,31,120,118,115"/><V110/><F119/><W33/><G118/><T51/><D74/><U41/><E0/><V53/><F3/><W126/><G120/><T63/><D105/><U75/><E108/><V73/><F37/><W42/><G115/><T38/><D38/><U95/><E121/><V104/><F40/><W57/><G5/><T89/><D127/><N who="3" m="48681" /><G80/><T16/><D30/><U2/><E2/><V88/><F53/><W46/><G42/><T55/><D63/><U77/><E35/><V4/><F4/><W17/><G17/><T8/><D65/><U116/><E116/><V50/><F50/><W9/><G9/><T48/><D48/><U22/><E76/><N who="2" m="44175" /><F25/><N who="3" m="18671" /><G67/><T68/><D68/><U34/><E34/><V7/><F18/><W117/><G117/><T26/><D26/><U92/><E75/><V12/><F12/><W61/><G61/><T6/><D6/><U133/><E41/><V122/><F7/><W106/><G106/><T114/><D114/><U78/><E39/><V83/><F122/><W43/><G43/><T66/><D66/><U71/><E71/><V47/><F110/><W13/><G13/><T130/><D51/><U111/><E111/><V123/><F123/><W107/><G107/><T54/><D8/><U69/><E69/><V21/><F21/><W113/><G113/><T112/><D112/><U131/><E20/><V125/><F125/><W99/><AGARI ba="0,0" hai="44,45,46,57,59,97,98,99" m="18671,48681" machi="99" ten="40,1500,0" yaku="18,1" doraHai="10" who="3" fromWho="3" sc="340,-4,119,-4,157,-7,384,15" /><INIT seed="7,0,0,5,4,42" ten="336,115,150,399" oya="3" hai0="47,23,124,85,44,81,128,107,61,56,110,87,104" hai1="82,99,11,102,134,112,70,3,34,73,35,74,37" hai2="10,4,54,5,36,84,78,89,79,126,80,111,68" hai3="125,113,29,100,17,1,13,27,88,72,52,67,0"/><W15/><G72/><T16/><D110/><U101/><E112/><V30/><F36/><W38/><G38/><T6/><D124/><U2/><E134/><V59/><F68/><W32/><G100/><T57/><D128/><U45/><E70/><V129/><F111/><W98/><G67/><T55/><D6/><N who="2" m="2666" /><F126/><W90/><G113/><T121/><D121/><U120/><E120/><V95/><F129/><W46/><G15/><N who="0" m="9631" /><D107/><N who="1" m="63935" /><E102/><V50/><F30/><W25/><G125/><T133/><D104/><U60/><E60/><V83/><F10/><W65/><G29/><T119/><D119/><U132/><E132/><V76/><AGARI ba="0,0" hai="50,54,59,76,78,79,80,83,84,89,95" m="2666" machi="76" ten="30,1100,0" yaku="8,1" doraHai="42" who="2" fromWho="2" sc="336,-3,115,-3,150,11,399,-5" owari="333,13.3,112,-38.8,161,-23.9,394,49.4" /></mjloggm>