<mjloggm ver="2.3"><GO type="225" lobby="0"/><UN n0="%E7%B4%94%E6%BD%94%E3%83%94%E3%83%A9%E3%83%8B%E3%82%A2" n1="%E3%83%A9%E3%83%BC%E3%83%A1%E3%83%B3%E4%BA%94%E9%83%8E" n2="%E6%98%93%E5%88%A9%E8%96%A9%E4%BC%AF" n3="%E3%83%96%E3%83%83%E3%83%91%E3%82%AA%E3%83%96%E3%83%81%E3%82%AD%E3%83%B3" dan="16,16,17,16" rate="2196.95,2064.29,2227.18,2134.66" sx="M,M,F,M"/><TAIKYOKU oya="0"/><INIT seed="0,0,0,4,4,134" ten="250,250,250,250" oya="0" hai0="24,37,126,81,107,86,103,92,51,61,45,33,44" hai1="75,82,49,84,77,128,35,95,83,85,58,19,13" hai2="30,3,2,80,32,127,48,104,74,17,78,38,23" hai3="89,130,63,119,7,66,10,28,94,88,73,14,64"/><T29/><D107/><U124/><E35/><V123/><F38/><W110/><G110/><T108/><D37/><U93/><E128/><V97/><F123/><W12/><G130/><T62/><D44/><U54/><E75/><V99/><F32/><W76/><G119/><T27/><D27/><U71/><E71/><V20/><F30/><W91/><G28/><T59/><D108/><U9/><REACH who="1" step="1"/><E124/><REACH who="1" ten="250,240,250,250" step="2"/><V57/><F127/><W60/><G73/><T36/><D126/><U46/><E46/><V53/><F23/><W120/><G120/><T72/><D72/><U105/><E105/><V100/><REACH who="2" step="1"/><F99/><REACH who="2" ten="250,240,240,250" step="2"/><W111/><G111/><T1/><D33/><U122/><E122/><V70/><F70/><W132/><G132/><T43/><D36/><U67/><E67/><V114/><F114/><W121/><G66/><T116/><D116/><U125/><E125/><V98/><F98/><W31/><G64/><T101/><D45/><U21/><E21/><V69/><F69/><W79/><G121/><T18/><D59/><U11/><E11/><V41/><F41/><W6/><G10/><T109/><D43/><U135/><E135/><V112/><F112/><W115/><G115/><T34/><D34/><U96/><E96/><V87/><F87/><W131/><G131/><T47/><D47/><U22/><E22/><V102/><F102/><W0/><G0/><T26/><D103/><U56/><E56/><V40/><F40/><W117/><G117/><T68/><D101/><U133/><E133/><V90/><F90/><AGARI ba="0,2" hai="9,13,19,49,54,58,77,82,83,84,85,90,93,95" machi="90" ten="30,3900,0" yaku="1,1,7,1,8,1,53,0" doraHai="134" doraHaiUra="39" who="1" fromWho="2" sc="250,0,240,59,240,-39,250,0" /><INIT seed="1,0,0,0,1,129" ten="250,299,201,250" oya="1" hai0="40,52,127,30,98,111,68,84,96,123,103,115,61" hai1="59,63,86,100,38,8,58,108,50,23,133,105,13" hai2="46,83,53,47,134,135,36,25,132,95,130,60,72" hai3="93,9,14,77,64,99,39,120,42,97,90,24,85"/><U94/><E38/><V88/><F130/><W113/><G120/><T55/><D115/><U48/><E105/><V6/><F6/><W37/><G113/><T124/><D123/><U10/><E108/><V79/><F36/><W112/><G112/><T1/><D1/><U92/><E23/><V62/><F25/><W126/><G126/><N who="0" m="48171" /><D40/><U49/><E63/><N who="2" m="24107" /><F53/><N who="0" m="20554" /><D111/><U17/><E8/><V57/><F57/><W35/><G64/><N who="0" m="40975" /><D30/><U121/><E121/><V125/><F125/><W81/><G42/><T5/><D5/><U27/><E59/><V91/><F91/><W0/><G0/><T82/><D103/><U15/><E58/><V114/><F114/><W32/><G39/><T19/><D19/><U26/><E100/><V51/><F51/><W128/><G37/><T101/><D101/><U67/><E49/><V29/><F29/><W76/><G128/><T106/><D106/><U33/><E50/><V118/><F118/><W73/><G35/><T89/><AGARI ba="0,0" hai="82,84,89,96,98" m="40975,20554,48171" machi="89" ten="30,2000,0" yaku="18,1,54,1" doraHai="129" who="0" fromWho="0" sc="250,20,299,-10,201,-5,250,-5" /><INIT seed="2,0,0,5,1,71" ten="270,289,196,245" oya="2" hai0="96,56,70,106,1,98,11,5,4,34,128,90,42" hai1="124,43,76,82,68,12,79,54,60,66,32,20,72" hai2="75,100,134,53,108,40,93,101,57,133,85,69,27" hai3="80,45,87,36,25,31,116,52,97,67,22,102,26"/><V131/><F75/><W38/><G116/><T44/><D70/><U61/><E32/><V95/><F69/><W110/><G67/><T63/><D34/><U23/><E124/><V39/><F131/><W86/><G110/><T62/><D128/><U91/><E79/><V16/><F108/><W8/><G87/><T123/><D123/><U6/><E43/><V24/><F100/><W129/><G129/><T88/><D4/><U130/><E130/><V115/><F101/><W112/><G112/><T46/><D46/><U19/><E6/><V117/><F117/><W81/><G81/><T78/><D78/><U50/><E61/><V104/><F104/><W127/><G127/><T122/><D63/><U114/><E91/><V33/><F33/><W77/><G8/><T118/><D122/><U49/><E114/><V10/><F115/><W59/><G45/><T29/><D29/><U111/><E111/><V135/><F85/><W0/><G26/><N who="2" m="9769" /><F40/><W58/><G0/><T119/><D119/><U21/><REACH who="1" step="1"/><E50/><REACH who="1" ten="270,279,196,245" step="2"/><N who="2" m="30903" /><F39/><W3/><G38/><T89/><D118/><U74/><E74/><V105/><F105/><N who="3" m="63695" /><G36/><T7/><D106/><U48/><E48/><V64/><F64/><W107/><G107/><T83/><D83/><U47/><AGARI ba="0,1" hai="12,19,20,21,23,47,49,54,60,66,68,72,76,82" machi="47" ten="20,2700,0" yaku="1,1,0,1,7,1,53,0" doraHai="71" doraHaiUra="113" who="1" fromWho="1" sc="270,-7,279,37,196,-13,245,-7" /><INIT seed="3,0,0,4,3,51" ten="263,316,183,238" oya="3" hai0="124,56,35,63,12,9,120,36,11,27,119,127,30" hai1="70,122,61,104,45,133,60,89,59,67,103,99,84" hai2="115,96,23,90,81,26,10,41,64,106,62,131,16" hai3="109,94,53,83,93,2,4,68,6,34,82,74,101"/><W57/><G34/><T87/><D119/><U72/><E122/><V66/><F115/><W20/><G68/><T102/><D120/><U126/><E72/><V17/><F131/><W29/><G2/><T69/><D36/><U37/><E126/><N who="0" m="48169" /><D102/><U25/><E133/><V7/><F41/><W8/><G109/><T50/><D50/><U128/><E128/><V1/><F17/><W14/><G4/><T79/><D12/><U24/><E45/><V33/><F33/><W46/><G46/><T44/><D44/><U80/><E37/><V38/><F38/><W48/><G74/><T52/><D69/><U91/><E91/><V31/><F31/><W39/><G39/><T3/><D3/><U105/><E105/><V28/><F28/><W5/><G5/><T75/><D75/><U123/><E123/><V97/><F106/><W19/><G29/><T111/><D111/><U130/><E130/><V22/><F22/><W116/><G116/><T77/><D87/><U107/><E107/><V108/><F108/><W40/><G40/><T117/><D117/><U0/><E0/><V55/><F96/><W21/><G21/><T132/><D132/><U134/><E134/><V118/><F118/><W58/><G58/><T78/><AGARI ba="0,0" hai="9,11,27,30,35,52,56,63,77,78,79" m="48169" machi="78" ten="30,4000,0" yaku="18,1,52,1,54,1" doraHai="51" who="0" fromWho="0" sc="263,40,316,-10,183,-10,238,-20" owari="303,10.3,306,40.6,173,-32.7,218,-18.2" /></mjloggm>