<mjloggm ver="2.3"><GO type="169" lobby="0"/><UN n0="%73%61%69%63%68%61%6E%7A" n1="%E3%81%B2%E3%81%90%E3%81%A1" n2="%E3%82%89%E3%81%84%E3%81%B5%E3%81%8C%E3%83%BC%E3%81%A9%E3%81%99%E3%81%8D" n3="%6B%61%74%65%72%69%6E%61" dan="17,17,17,16" rate="2138.13,2221.90,2093.11,2108.95" sx="M,M,M,M"/><TAIKYOKU oya="0"/><INIT seed="0,0,0,4,0,59" ten="250,250,250,250" oya="0" hai0="50,112,64,86,4,134,22,69,82,5,33,109,51" hai1="131,53,68,117,38,36,135,80,29,94,75,30,110" hai2="88,106,124,20,27,107,71,87,125,120,101,11,18" hai3="102,73,16,6,32,108,17,35,37,122,78,43,60"/><T129/><D112/><U130/><E117/><V84/><F120/><W40/><G108/><T104/><D33/><U2/><E2/><V133/><F133/><W39/><G102/><T21/><D134/><U63/><E135/><V15/><F71/><W31/><G73/><T8/><D104/><U13/><E110/><V57/><F87/><W91/><G91/><T26/><D109/><U105/><E105/><V90/><F90/><W23/><G23/><T62/><D129/><N who="1" m="49163" /><E13/><V92/><F57/><W0/><G0/><T67/><D67/><N who="1" m="41087" /><E53/><V34/><F34/><W1/><G1/><T114/><D114/><U89/><E80/><V111/><F111/><W12/><G12/><T123/><D123/><U24/><E75/><V45/><F45/><W9/><G9/><T47/><D22/><N who="1" m="15511" /><E30/><V10/><F10/><W19/><G19/><T118/><D118/><U42/><E42/><V56/><F106/><W132/><G31/><T55/><D51/><U103/><E103/><V119/><F101/><W52/><G52/><T76/><REACH who="0" step="1"/><D8/><REACH who="0" ten="240,250,250,250" step="2"/><U113/><E113/><V126/><F107/><W66/><G66/><T61/><D61/><U128/><N who="1" m="49171" /><U121/><DORA hai="25" /><E121/><V14/><F119/><W81/><G132/><T93/><D93/><U48/><E48/><V74/><F11/><W72/><G60/><T65/><D65/><U70/><E70/><V41/><F92/><W28/><G122/><T77/><D77/><U46/><E46/><V96/><F20/><W95/><G78/><T97/><D97/><AGARI ba="0,1" hai="36,38,89,94,97" m="15511,41087,49171" machi="97" ten="40,5200,0" yaku="19,1,52,2" doraHai="59,25" who="1" fromWho="0" sc="240,-52,250,62,250,0,250,0" /><INIT seed="1,0,0,4,3,1" ten="188,312,250,250" oya="1" hai0="70,113,76,58,115,135,11,105,28,3,104,35,83" hai1="16,49,117,87,132,34,120,61,31,53,72,89,2" hai2="68,100,32,37,4,109,108,78,107,73,128,64,0" hai3="131,18,123,119,63,50,46,126,99,57,56,8,52"/><U92/><E117/><V133/><RYUUKYOKU type="yao9" ba="0,0" sc="188,0,312,0,250,0,250,0" hai2="0,4,32,37,64,68,73,78,100,107,108,109,128,133" /><INIT seed="1,1,0,3,2,79" ten="188,312,250,250" oya="1" hai0="116,91,55,127,8,57,108,42,51,59,34,94,1" hai1="24,76,66,105,69,70,26,21,107,132,122,16,14" hai2="134,81,12,33,48,88,102,84,43,23,46,126,40" hai3="111,52,109,63,74,4,93,10,47,49,135,54,67"/><U90/><E122/><V85/><F134/><W124/><G74/><T101/><D34/><U133/><E76/><V53/><F126/><W25/><G135/><N who="1" m="51786" /><E90/><V92/><F33/><W73/><G73/><T114/><D114/><U68/><E66/><V129/><F129/><W120/><G120/><T56/><D116/><U31/><E24/><V113/><F113/><W100/><G124/><T95/><D127/><U9/><AGARI ba="1,0" hai="9,14,16,21,26,31,68,69,70,105,107" m="51786" machi="9" ten="40,3900,0" yaku="20,1,54,1" doraHai="79" who="1" fromWho="1" sc="188,-14,312,42,250,-14,250,-14" /><INIT seed="1,2,0,2,1,61" ten="174,354,236,236" oya="1" hai0="27,33,54,17,127,89,70,23,90,38,20,78,116" hai1="85,5,99,8,16,58,86,115,128,47,72,43,65" hai2="74,7,37,62,28,46,76,109,95,26,34,31,79" hai3="96,106,44,19,40,66,93,87,57,13,67,84,35"/><U56/><E72/><V118/><F118/><W73/><G73/><T98/><D116/><U83/><E115/><V1/><F109/><W131/><G35/><T0/><D127/><U122/><E122/><V126/><F79/><W30/><G106/><T45/><D33/><U103/><E128/><V25/><F95/><W134/><G131/><T114/><D114/><U92/><E65/><N who="3" m="24586" /><G30/><T64/><D78/><U117/><E117/><V130/><F62/><W53/><G44/><T41/><D54/><U60/><E60/><V21/><F126/><W120/><G40/><T55/><D55/><U12/><E5/><V3/><F7/><W59/><G134/><T10/><D64/><U11/><E11/><V29/><F31/><W71/><G71/><T15/><D70/><U2/><E2/><V133/><F133/><W39/><G39/><T123/><D123/><U9/><E9/><V113/><F130/><W49/><G59/><T108/><D108/><U112/><E112/><V18/><F113/><W119/><G119/><T14/><D98/><U101/><E101/><V69/><F69/><W97/><G97/><T107/><D107/><U51/><REACH who="1" step="1"/><E86/><REACH who="1" ten="174,344,236,236" step="2"/><V4/><F1/><W36/><G120/><T110/><D0/><U52/><E52/><V100/><F3/><W32/><G32/><T42/><D110/><U111/><E111/><V132/><F34/><W88/><G36/><T125/><D125/><U91/><AGARI ba="2,1" hai="8,12,16,43,47,51,56,58,83,85,91,92,99,103" machi="91" ten="20,12000,1" yaku="1,1,0,1,7,1,8,1,54,1,53,0" doraHai="61" doraHaiUra="121" who="1" fromWho="1" sc="174,-42,344,136,236,-42,236,-42" /><INIT seed="1,3,0,5,5,42" ten="132,480,194,194" oya="1" hai0="129,116,125,50,37,44,89,115,117,34,33,104,1" hai1="17,92,78,106,96,46,26,24,118,93,69,135,126" hai2="132,15,101,73,121,28,111,59,99,122,82,20,65" hai3="133,97,91,21,52,86,58,45,88,11,51,62,40"/><U120/><E118/><V9/><F111/><W7/><G133/><T100/><D115/><U127/><E120/><V10/><F132/><W128/><G128/><T79/><D1/><U61/><E135/><V64/><F9/><W107/><G21/><T53/><D129/><U130/><E130/><V13/><F65/><W84/><G107/><T110/><D110/><U98/><E106/><V49/><F15/><N who="3" m="5631" /><G91/><T114/><D114/><U102/><E78/><V74/><F74/><W80/><G86/><T39/><D39/><U87/><E87/><V131/><F131/><W2/><G2/><T29/><D37/><U76/><E76/><V32/><F20/><W0/><G0/><T113/><D34/><U105/><E105/><V119/><F32/><W85/><G80/><T4/><D33/><U38/><E61/><V36/><F82/><W54/><G40/><T123/><D104/><U18/><E69/><V77/><F122/><W56/><G58/><T6/><D123/><U112/><E112/><V31/><F59/><W81/><G81/><T94/><D113/><U23/><E38/><V43/><F36/><W95/><AGARI ba="3,0" hai="45,51,52,54,56,62,84,85,88,95,97" m="5631" machi="95" ten="30,7900,0" yaku="8,1,52,1,54,2" doraHai="42" who="3" fromWho="3" sc="132,-23,480,-42,194,-23,194,88" /><INIT seed="2,0,0,0,1,30" ten="109,438,171,282" oya="2" hai0="55,64,24,2,41,77,56,59,35,114,20,21,124" hai1="15,39,13,17,47,36,100,129,72,115,57,52,63" hai2="28,5,95,67,132,110,78,82,90,126,131,66,116" hai3="109,40,60,111,33,107,99,48,117,75,65,62,85"/><V94/><F116/><W8/><G75/><T113/><D2/><U98/><E115/><V74/><F126/><W81/><G117/><T1/><D1/><U18/><E72/><V89/><F131/><W96/><G8/><T6/><D6/><U43/><E129/><V112/><F112/><W118/><G118/><T120/><D120/><U128/><E128/><V9/><F132/><W58/><G33/><T88/><D124/><U87/><E87/><V127/><F127/><W3/><G3/><T70/><D70/><U103/><E39/><V31/><F110/><N who="3" m="41995" /><G107/><T29/><D41/><U27/><E27/><V4/><F9/><W101/><G101/><T83/><D64/><U10/><REACH who="1" step="1"/><E98/><REACH who="1" ten="109,428,171,282" step="2"/><V46/><F74/><W80/><G99/><T25/><D113/><U38/><E38/><V14/><F78/><W34/><G85/><T50/><D114/><U104/><E104/><V123/><F123/><W71/><G96/><T135/><D77/><U42/><E42/><V93/><F82/><W97/><G97/><T53/><D135/><U54/><E54/><V19/><F93/><W91/><G81/><T106/><D106/><U26/><E26/><V84/><F84/><W105/><G105/><T61/><D25/><U7/><E7/><V45/><F14/><W23/><G80/><T102/><D102/><U121/><E121/><V0/><F0/><W130/><G130/><T125/><D125/><U49/><E49/><V68/><F68/><W51/><G71/><T122/><D122/><U44/><E44/><V11/><F19/><W119/><G119/><T69/><D69/><RYUUKYOKU ba="0,1" sc="109,10,428,10,171,10,282,-30" hai0="20,21,24,29,35,50,53,55,56,59,61,83,88" hai1="10,13,15,17,18,36,43,47,52,57,63,100,103" hai2="4,5,11,28,31,45,46,66,67,89,90,94,95" /><INIT seed="2,1,1,0,2,81" ten="119,438,181,252" oya="2" hai0="83,124,15,63,31,115,106,10,119,22,91,82,67" hai1="14,135,30,70,94,28,37,96,130,51,73,127,41" hai2="75,33,117,43,17,54,111,4,25,122,129,29,76" hai3="84,11,102,78,74,68,47,38,48,104,87,3,108"/><V20/><F122/><W126/><G68/><T123/><D123/><U32/><E37/><V40/><F117/><W110/><G38/><T46/><D115/><U1/><E1/><V89/><F129/><W0/><G126/><T45/><D124/><U9/><E127/><V71/><F71/><W21/><G21/><T6/><D119/><U12/><E70/><V120/><F120/><W13/><G74/><T64/><D106/><U103/><E73/><V100/><F100/><W49/><G78/><T112/><D112/><U56/><E32/><V26/><F111/><N who="3" m="42539" /><G49/><T118/><D118/><U42/><E130/><V93/><F4/><N who="3" m="3303" /><G102/><T36/><D36/><U88/><E135/><V39/><F39/><W77/><G77/><T35/><D35/><U62/><E14/><V99/><REACH who="2" step="1"/><F54/><REACH who="2" ten="119,438,171,252" step="2"/><N who="3" m="29983" /><G104/><T69/><D67/><U79/><E103/><V34/><F34/><W132/><G132/><T97/><D64/><U133/><E133/><V16/><F16/><W101/><G101/><T55/><D69/><U109/><E41/><V58/><F58/><W113/><G113/><T90/><D6/><U23/><E42/><V53/><F53/><W86/><AGARI ba="1,2" hai="0,3,84,86,87" m="29983,3303,42539" machi="86" ten="30,7900,0" yaku="14,1,52,3" doraHai="81" who="3" fromWho="3" sc="119,-21,438,-21,171,-40,252,102" /><INIT seed="3,0,0,0,1,123" ten="98,417,131,354" oya="3" hai0="116,53,29,112,56,103,130,40,44,20,43,79,95" hai1="32,120,18,49,96,129,35,113,21,58,8,121,111" hai2="61,48,98,84,117,93,74,81,119,106,67,60,88" hai3="24,127,62,105,33,126,80,39,47,109,133,71,25"/><W66/><G105/><T108/><D116/><U50/><E113/><V12/><F61/><W73/><G133/><T23/><D112/><U52/><E129/><V99/><F99/><W114/><G114/><T11/><D130/><U107/><E8/><V135/><F135/><W2/><G2/><T87/><D11/><U85/><E120/><V10/><F74/><W36/><G47/><T0/><D0/><U54/><E121/><V89/><F48/><W134/><G134/><T13/><D43/><U69/><E69/><V30/><F30/><N who="3" m="19655" /><G25/><T92/><D103/><U104/><E85/><V82/><F82/><W77/><G109/><T118/><D118/><U128/><E128/><V125/><F125/><AGARI ba="0,0" hai="36,39,62,66,71,73,77,80,125,126,127" m="19655" machi="125" ten="30,2900,0" yaku="18,1,23,1" doraHai="123" who="3" fromWho="2" sc="98,0,417,0,131,-29,354,29" /><INIT seed="3,1,0,4,1,84" ten="98,417,102,383" oya="3" hai0="37,82,88,114,126,16,128,24,59,4,97,86,41" hai1="74,43,112,123,93,90,11,77,23,33,57,103,135" hai2="130,63,87,118,81,17,110,106,109,0,8,107,14" hai3="15,129,134,119,68,83,89,64,80,25,36,70,61"/><W13/><G119/><T101/><D126/><U122/><E33/><V56/><F118/><W96/><G36/><T76/><D128/><U78/><E43/><V52/><F0/><W5/><G129/><T55/><D114/><U30/><E112/><V32/><F32/><W45/><G134/><T104/><D4/><U48/><E103/><V12/><F130/><W67/><G45/><T38/><D41/><U3/><E135/><V92/><F92/><W35/><G35/><T116/><D116/><U133/><E133/><V58/><F14/><W66/><G25/><T95/><D24/><U113/><E113/><V50/><F110/><W9/><G13/><T22/><D22/><U27/><E74/><V71/><F71/><W6/><G6/><T19/><D38/><U40/><E3/><V105/><F109/><W85/><G70/><T29/><D29/><U124/><E124/><V117/><F117/><W47/><G47/><T100/><D37/><U98/><E11/><V1/><F1/><W69/><G69/><T46/><D46/><N who="1" m="25671" /><E123/><V108/><F108/><W102/><REACH who="3" step="1"/><G80/><REACH who="3" ten="98,417,102,373" step="2"/><T75/><REACH who="0" step="1"/><D101/><REACH who="0" ten="88,417,102,373" step="2"/><U127/><E127/><V21/><F21/><W53/><G53/><T10/><D10/><U7/><E7/><V132/><F132/><W26/><G26/><T79/><D79/><U120/><E120/><V42/><F42/><W54/><G54/><T115/><D115/><U111/><E111/><V44/><F8/><W131/><G131/><T94/><D94/><AGARI ba="1,2" hai="5,9,15,61,64,66,67,68,83,85,89,94,96,102" machi="94" ten="30,5800,0" yaku="1,1,7,1,52,1,53,0" doraHai="84" doraHaiUra="72" who="3" fromWho="0" sc="88,-61,417,0,102,0,373,81" /><INIT seed="3,2,0,3,1,8" ten="27,417,102,454" oya="3" hai0="119,30,6,106,97,96,46,19,13,37,17,105,32" hai1="89,90,84,3,94,27,51,53,98,14,107,100,115" hai2="43,80,5,73,102,12,110,114,50,121,93,60,21" hai3="109,83,65,91,68,42,86,103,11,99,134,71,64"/><W63/><G134/><T36/><D119/><U118/><E3/><V135/><F93/><W35/><G35/><T101/><D6/><U76/><E118/><V23/><F43/><W130/><G130/><T87/><D87/><U108/><E108/><V47/><F102/><W82/><G109/><T39/><D46/><U22/><E115/><V40/><F60/><W48/><G65/><T88/><D30/><U132/><E132/><V54/><F54/><W9/><G68/><T104/><D32/><U70/><E70/><V38/><F50/><W129/><G129/><T29/><D29/><U111/><E111/><V128/><F80/><W81/><G48/><T122/><D122/><U79/><E90/><V72/><F23/><W28/><G28/><T123/><D123/><U62/><E62/><V125/><F21/><W0/><G42/><T33/><D33/><U117/><E117/><V18/><F40/><W112/><G112/><T75/><D75/><U78/><E27/><V4/><F72/><W131/><G131/><T120/><D120/><U41/><E41/><V15/><F73/><W74/><G74/><T2/><D2/><U20/><E78/><V116/><F114/><W16/><G9/><T133/><D133/><U45/><REACH who="1" step="1"/><E22/><REACH who="1" ten="27,407,102,454" step="2"/><V77/><F135/><W124/><G0/><T25/><D88/><U66/><E66/><V44/><F110/><W127/><G127/><T49/><D101/><U67/><E67/><V55/><F125/><W7/><G124/><T69/><D69/><U34/><E34/><V26/><F121/><W92/><G71/><T59/><D25/><RYUUKYOKU ba="2,1" sc="27,-10,407,30,102,-10,454,-10" hai1="14,20,45,51,53,76,79,84,89,94,98,100,107" /><INIT seed="4,3,1,3,2,79" ten="17,437,92,444" oya="0" hai0="97,130,42,104,64,109,105,129,74,112,39,99,3" hai1="122,20,41,87,7,70,11,8,19,80,45,38,92" hai2="15,91,85,75,26,107,21,69,81,35,117,57,62" hai3="23,72,46,131,0,108,63,86,118,68,33,73,61"/><T9/><D112/><U120/><E70/><V10/><F107/><W116/><G33/><T123/><D123/><U16/><E92/><V37/><F117/><W78/><G0/><T114/><D114/><U29/><E29/><V18/><F37/><W2/><G2/><T53/><D64/><U100/><E100/><V134/><F134/><W58/><G108/><T24/><D109/><U110/><E110/><V56/><F75/><W115/><G115/><T76/><D53/><U34/><E34/><V103/><F103/><W60/><G68/><T65/><D65/><U14/><E19/><V32/><F57/><W128/><G58/><T133/><D24/><U59/><E59/><V88/><F91/><W106/><G23/><T36/><D133/><U132/><E11/><V95/><F95/><W66/><G46/><N who="0" m="23879" /><D39/><U25/><E132/><V40/><F40/><W71/><G66/><T13/><D3/><U50/><E38/><V31/><F69/><W93/><G106/><N who="0" m="41067" /><D76/><AGARI ba="3,1" hai="7,8,14,16,20,25,41,45,50,76,80,87,120,122" machi="76" ten="30,8000,1" yaku="7,1,25,2,52,1,54,1" doraHai="79" who="1" fromWho="0" sc="17,-89,437,99,92,0,444,0" owari="-72,-57.2,536,63.6,92,-30.8,444,24.4" /></mjloggm>