<mjloggm ver="2.3"><GO type="169" lobby="0"/><UN n0="%48%41%43%4F" n1="%65%76%69%61%6E%36%31%39" n2="%4B%6F%74%61%38%31%36" n3="%E4%BF%9D%E8%82%B2%E5%A3%AB" dan="16,16,17,16" rate="2069.12,2121.48,2184.01,2187.98" sx="M,M,M,M"/><TAIKYOKU oya="0"/><INIT seed="0,0,0,2,4,72" ten="250,250,250,250" oya="0" hai0="76,4,101,133,129,109,17,53,94,118,16,39,38" hai1="50,90,82,27,40,85,122,60,86,35,2,104,93" hai2="88,11,111,13,102,66,25,131,30,123,46,99,3" hai3="37,87,65,91,92,19,73,36,116,43,67,68,132"/><T33/><D118/><U24/><E104/><V48/><F123/><W95/><G116/><T54/><D33/><U130/><E2/><V110/><F3/><W57/><G132/><T41/><D133/><U51/><E130/><V45/><F66/><W7/><G7/><T58/><D129/><U134/><E134/><V20/><F131/><W31/><G31/><T18/><D4/><U44/><E122/><V26/><F26/><W127/><G127/><T126/><D126/><U5/><E5/><V83/><F102/><W128/><G73/><T47/><D39/><U117/><E117/><V62/><F62/><W124/><G68/><T15/><D109/><U61/><E51/><V119/><F119/><W42/><G57/><T14/><D53/><U21/><E27/><V113/><F113/><W106/><G106/><T23/><D76/><N who="1" m="46279" /><E35/><V12/><F12/><W8/><G128/><T49/><REACH who="0" step="1"/><D14/><REACH who="0" ten="240,250,250,250" step="2"/><U125/><E125/><V96/><F110/><W78/><G36/><T59/><D59/><U97/><E97/><AGARI ba="0,1" hai="15,16,17,18,23,38,41,47,49,54,58,94,97,101" machi="97" ten="40,3900,0" yaku="1,1,54,1,53,0" doraHai="72" doraHaiUra="105" who="0" fromWho="1" sc="240,49,250,-39,250,0,250,0" /><INIT seed="0,1,0,5,1,36" ten="289,211,250,250" oya="0" hai0="119,1,40,69,42,59,101,32,22,24,118,71,76" hai1="50,132,5,95,111,29,133,58,33,128,122,46,53" hai2="55,120,34,104,83,37,43,72,114,112,93,14,108" hai3="63,98,102,106,25,6,51,20,56,19,67,23,88"/><T130/><D1/><U52/><E122/><V110/><F34/><W105/><G6/><T94/><D32/><U8/><E111/><V124/><F14/><W117/><G117/><T26/><D76/><U31/><E128/><V86/><F55/><W90/><G106/><T15/><D130/><U21/><E33/><V49/><F37/><W64/><G64/><T81/><D81/><U85/><E21/><V70/><F70/><W7/><G7/><T2/><D2/><U16/><E95/><V45/><F120/><W77/><G77/><T39/><D39/><U80/><E5/><V131/><F104/><W134/><G134/><T57/><D15/><N who="1" m="7271" /><E133/><V135/><F93/><W89/><G51/><T82/><D82/><U113/><E132/><V47/><F72/><W73/><REACH who="3" step="1"/><G20/><REACH who="3" ten="289,211,250,240" step="2"/><T62/><D22/><U28/><E113/><V91/><F135/><W129/><G129/><T78/><D78/><N who="1" m="46231" /><E31/><V100/><F131/><W74/><AGARI ba="1,1" hai="19,23,25,56,63,67,73,74,88,89,90,98,102,105" machi="74" ten="30,4000,0" yaku="1,1,0,1,54,1,53,0" doraHai="36" doraHaiUra="35" who="3" fromWho="3" sc="289,-21,211,-11,250,-11,240,53" /><INIT seed="1,0,0,0,5,63" ten="268,200,239,293" oya="1" hai0="105,125,31,89,85,44,128,53,121,8,90,84,20" hai1="32,101,50,29,33,79,74,107,47,4,73,120,134" hai2="45,48,91,82,68,102,6,52,67,78,115,77,16" hai3="127,26,72,19,38,22,15,40,42,71,110,34,87"/><U14/><E120/><V39/><F6/><W123/><G72/><T13/><D105/><U104/><E29/><V114/><F102/><W76/><G123/><T95/><D128/><U98/><E107/><V36/><F91/><W117/><G71/><T0/><D125/><U17/><E4/><V21/><F77/><W58/><G38/><T70/><D70/><U65/><E134/><V41/><F68/><W108/><G127/><T35/><D35/><U12/><E12/><V37/><F67/><W1/><G117/><T111/><D0/><U64/><E33/><V113/><F41/><W133/><G133/><T92/><D111/><N who="3" m="42537" /><G58/><T129/><D129/><U57/><E32/><V7/><F7/><W97/><G97/><T100/><D100/><U28/><E28/><V66/><F66/><W27/><G1/><T55/><D44/><U69/><E57/><V23/><REACH who="2" step="1"/><F16/><REACH who="2" ten="268,200,229,293" step="2"/><W9/><G19/><N who="0" m="8615" /><D121/><U96/><E69/><V5/><F5/><W10/><G76/><T132/><D132/><U124/><E124/><V116/><F116/><W88/><G9/><T103/><D103/><U119/><E119/><V24/><F24/><AGARI ba="0,1" hai="20,24,31,53,55,84,85,89,90,92,95" m="8615" machi="24" ten="30,1000,0" yaku="8,1" doraHai="63" who="0" fromWho="2" sc="268,20,200,0,229,-10,293,0" /><INIT seed="2,0,0,5,2,128" ten="288,200,219,293" oya="2" hai0="112,16,76,36,8,132,46,45,63,35,57,86,101" hai1="85,121,12,114,83,23,117,60,122,28,52,61,13" hai2="113,72,24,65,84,104,116,89,91,40,127,115,129" hai3="0,25,17,27,58,133,14,131,93,108,92,98,19"/><V70/><F40/><W48/><G0/><T102/><D35/><U130/><E114/><V26/><F65/><W22/><G131/><T32/><D32/><U109/><E109/><V69/><F129/><W75/><G75/><T15/><D132/><U78/><E117/><V49/><F72/><W31/><G133/><T79/><D36/><U82/><E130/><V64/><F64/><W96/><G108/><T4/><D4/><U21/><E85/><V107/><F49/><W44/><G58/><T5/><D5/><U29/><REACH who="1" step="1"/><E52/><REACH who="1" ten="288,190,219,293" step="2"/><V53/><F53/><N who="3" m="29831" /><G31/><T20/><D112/><U134/><E134/><V7/><F84/><W62/><G62/><T119/><D86/><U47/><E47/><V55/><F55/><W105/><G105/><T126/><D46/><U124/><E124/><V111/><F111/><W81/><G81/><T99/><D45/><U125/><E125/><V77/><F127/><W38/><G38/><T95/><D119/><U51/><E51/><V9/><F116/><W42/><G42/><T120/><D126/><U71/><E71/><V33/><F113/><W123/><G123/><T87/><D57/><U43/><E43/><V135/><F70/><W54/><G54/><T110/><D110/><U80/><E80/><V34/><F69/><W97/><G92/><N who="0" m="58599" /><D87/><U30/><E30/><V39/><F115/><W90/><G93/><T18/><D120/><U73/><E73/><V10/><F135/><W6/><G90/><T100/><D95/><U56/><E56/><V3/><F39/><W94/><G94/><T41/><D41/><U37/><E37/><RYUUKYOKU ba="0,1" sc="288,-10,190,30,219,-10,293,-10" hai1="12,13,21,23,28,29,60,61,78,82,83,121,122" /><INIT seed="3,1,1,5,2,74" ten="278,220,209,283" oya="3" hai0="5,126,54,53,20,122,127,97,2,109,75,44,31" hai1="71,131,90,49,67,121,10,65,50,89,26,60,46" hai2="63,41,102,13,57,58,28,123,25,125,82,29,4" hai3="6,105,38,55,95,40,68,8,99,17,134,43,32"/><W104/><G134/><T39/><D122/><U118/><E131/><V72/><F125/><W42/><G38/><T106/><D109/><U51/><E121/><V94/><F123/><W70/><G32/><T85/><D75/><U12/><E118/><V62/><F41/><W117/><G117/><T11/><D39/><U73/><E73/><V1/><F1/><W119/><G119/><T86/><D31/><U92/><E67/><V114/><F114/><W88/><G17/><T48/><D54/><U35/><E46/><V133/><F13/><W100/><G55/><T22/><D20/><U21/><E92/><V87/><F4/><W76/><G76/><T83/><D22/><U130/><E130/><V113/><F113/><W111/><G111/><T23/><D23/><U37/><E37/><V47/><F47/><W93/><G93/><T80/><D80/><U115/><E35/><V77/><F25/><W81/><G81/><T15/><D2/><U18/><REACH who="1" step="1"/><E115/><REACH who="1" ten="278,210,209,283" step="2"/><V78/><F133/><W112/><G112/><T120/><D120/><U7/><AGARI ba="1,2" hai="7,10,12,18,21,26,49,50,51,60,65,71,89,90" machi="7" ten="30,7900,0" yaku="1,1,2,1,0,1,53,1" doraHai="74" doraHaiUra="3" who="1" fromWho="1" sc="278,-21,210,102,209,-21,283,-40" /><INIT seed="4,0,0,4,5,66" ten="257,312,188,243" oya="0" hai0="132,108,17,21,5,23,103,3,8,38,44,1,55" hai1="59,78,56,71,14,11,45,83,36,35,99,88,6" hai2="121,25,104,87,60,122,27,90,15,131,77,134,57" hai3="75,69,94,58,46,119,95,63,91,130,135,61,37"/><T96/><D132/><U73/><E35/><V110/><F110/><W43/><G119/><T54/><D108/><U129/><E129/><V29/><F104/><W109/><G109/><T9/><D38/><U123/><E123/><V26/><F131/><W2/><G2/><T74/><D74/><U100/><E88/><V42/><F134/><W128/><G75/><T40/><D23/><U19/><E59/><V4/><F77/><W97/><G135/><T52/><D40/><U102/><E56/><V7/><F42/><W133/><G133/><T84/><D84/><U39/><E45/><V80/><F29/><W10/><G10/><T0/><D44/><U79/><E79/><V34/><F34/><W106/><G106/><T111/><D5/><U93/><E100/><V50/><F50/><W47/><G47/><T12/><REACH who="0" step="1"/><D111/><REACH who="0" ten="247,312,188,243" step="2"/><U92/><E6/><V118/><F4/><W13/><G130/><T101/><D101/><U112/><E39/><V125/><F121/><W22/><G128/><T115/><D115/><U53/><E36/><V32/><F32/><W48/><G37/><T51/><D51/><U127/><E112/><V64/><F122/><W76/><G22/><T117/><D117/><U16/><E73/><V114/><F118/><W70/><G46/><T62/><D62/><U33/><E33/><V116/><F116/><W85/><G63/><T28/><D28/><U126/><E102/><V65/><F114/><W18/><G61/><T107/><AGARI ba="0,1" hai="0,1,3,8,9,12,17,21,52,54,55,96,103,107" machi="107" ten="40,7800,0" yaku="1,1,0,1,54,1,53,0" doraHai="66" doraHaiUra="105" who="0" fromWho="0" sc="247,88,312,-26,188,-26,243,-26" /><INIT seed="4,1,0,3,4,109" ten="335,286,162,217" oya="0" hai0="84,16,85,123,18,114,56,108,0,63,99,17,1" hai1="122,76,36,11,91,8,93,83,55,102,72,57,130" hai2="105,29,50,129,87,41,121,82,52,71,14,61,97" hai3="79,40,104,54,53,117,75,74,120,78,58,118,119"/><T89/><D114/><U59/><E130/><V47/><F121/><W86/><G120/><T51/><D123/><U101/><E122/><V103/><F129/><W2/><G2/><T23/><D108/><U48/><E36/><V67/><F29/><W135/><G40/><T38/><D38/><U90/><E90/><V69/><F14/><W124/><G104/><T81/><D51/><U70/><E70/><V92/><F71/><W49/><G135/><T73/><D73/><U68/><E68/><V125/><F125/><W32/><G32/><T25/><D1/><U35/><E35/><V113/><F113/><W31/><G31/><T3/><D3/><U133/><E133/><V111/><F111/><W7/><G7/><T5/><D5/><U80/><E80/><V132/><F132/><W6/><G6/><T22/><D99/><U13/><E59/><V62/><F62/><W96/><G96/><T126/><D126/><U100/><REACH who="1" step="1"/><E13/><REACH who="1" ten="335,276,162,217" step="2"/><V115/><F115/><W88/><G124/><T4/><D0/><U107/><E107/><V27/><F105/><W112/><G112/><T44/><D44/><U30/><E30/><V24/><REACH who="2" step="1"/><F41/><REACH who="2" ten="335,276,152,217" step="2"/><W131/><G131/><T20/><D25/><U15/><E15/><V37/><F37/><W106/><G106/><T95/><D4/><U26/><E26/><V28/><F28/><W98/><G118/><T21/><D18/><U10/><E10/><V66/><F66/><W39/><G119/><T64/><N who="0" m="5120" /><DORA hai="43" /><T127/><D127/><U134/><E134/><V45/><F45/><W42/><G117/><T34/><D34/><RYUUKYOKU ba="1,2" sc="335,10,276,10,152,10,217,-30" hai0="16,17,56,63,64,81,84,85,89,95" hai1="8,11,48,55,57,72,76,83,91,93,100,101,102" hai2="24,27,47,50,52,61,67,69,82,87,92,97,103" /><INIT seed="4,2,2,4,3,50" ten="345,286,162,187" oya="0" hai0="60,75,41,123,38,127,112,62,114,18,30,53,77" hai1="64,2,76,95,15,6,69,4,25,33,5,40,90" hai2="52,56,132,97,68,79,88,65,133,80,13,124,42" hai3="120,84,135,119,134,61,10,104,35,116,19,48,113"/><T96/><D30/><U28/><E76/><V24/><F124/><W45/><G104/><T121/><D77/><U36/><E36/><V85/><F42/><W87/><G35/><T8/><D75/><U117/><E40/><V78/><F13/><N who="3" m="7607" /><G61/><T92/><D18/><U126/><E126/><V122/><F122/><N who="0" m="46602" /><D8/><U99/><E117/><N who="3" m="45130" /><G120/><T103/><D92/><U46/><E46/><V16/><F65/><W57/><G57/><N who="0" m="34863" /><D96/><U3/><E64/><V81/><F68/><W22/><G22/><T66/><D103/><U12/><REACH who="1" step="1"/><E69/><REACH who="1" ten="345,276,162,187" step="2"/><V29/><F79/><W93/><G45/><N who="0" m="23735" /><D127/><U89/><E89/><V14/><F78/><W71/><G135/><T23/><D23/><U34/><E34/><V108/><F132/><W55/><G134/><T72/><D72/><U101/><E101/><V111/><F133/><W82/><G82/><T43/><D43/><U44/><E44/><V67/><F81/><W21/><G21/><T73/><D73/><U7/><N who="1" m="1024" /><DORA hai="27" /><U26/><E26/><V94/><F24/><W91/><G91/><T102/><D102/><U118/><E118/><V100/><F80/><W63/><G84/><T109/><D109/><U130/><E130/><V49/><F85/><W1/><G87/><T98/><D98/><U59/><E59/><AGARI ba="2,3" hai="59,62,66,112,114" m="23735,34863,46602" machi="59" ten="30,5800,0" yaku="34,2,52,1" doraHai="50,27" who="0" fromWho="1" sc="345,94,276,-64,162,0,187,0" /><INIT seed="4,3,0,1,4,11" ten="439,212,162,187" oya="0" hai0="15,40,88,94,47,19,0,95,111,18,122,29,5" hai1="27,126,115,34,123,84,3,110,114,61,67,13,72" hai2="50,93,129,103,85,21,12,65,33,79,37,62,52" hai3="32,109,125,7,56,8,35,31,132,87,124,119,71"/><T48/><D122/><U127/><E72/><V43/><F33/><W128/><G71/><T107/><D107/><U118/><E84/><V120/><F120/><W59/><G119/><T45/><D111/><U68/><E123/><V81/><F129/><W6/><G109/><T46/><D0/><U17/><E110/><V77/><F77/><W10/><G87/><N who="0" m="52511" /><D29/><N who="1" m="19775" /><E3/><V91/><F37/><W55/><G31/><T30/><D30/><U69/><E69/><V64/><F43/><W58/><G55/><T2/><D2/><U100/><E100/><V66/><F103/><W39/><G39/><T51/><D95/><U131/><E131/><V133/><F133/><W28/><G28/><T82/><D82/><U101/><E101/><V9/><F21/><W117/><G128/><T36/><D36/><U99/><E99/><V78/><F62/><W4/><G132/><T73/><D73/><U70/><E70/><V75/><F75/><W57/><N who="3" m="14336" /><DORA hai="97" /><W83/><G83/><T49/><D40/><U44/><E118/><V116/><F116/><W74/><G117/><T104/><D104/><U76/><E68/><V108/><F81/><W112/><G74/><T96/><D96/><U42/><E42/><V22/><F108/><W24/><G35/><T54/><D54/><U63/><E63/><V134/><F134/><W16/><G32/><T26/><D26/><U38/><E61/><V1/><F1/><W25/><G25/><T113/><D113/><U121/><E115/><V90/><F65/><W14/><G112/><T98/><D51/><U89/><E114/><V86/><F64/><RYUUKYOKU ba="3,0" sc="439,0,212,0,162,0,187,0" /><INIT seed="5,4,0,2,4,109" ten="439,212,162,187" oya="1" hai0="62,6,19,17,31,106,41,121,67,64,128,66,120" hai1="79,69,48,4,63,80,53,2,123,35,30,1,23" hai2="97,45,37,28,26,34,119,132,125,76,74,8,9" hai3="65,68,114,87,10,43,40,86,135,108,85,78,21"/><U44/><E123/><N who="0" m="47177" /><D128/><U127/><E127/><V49/><F119/><W47/><G108/><T99/><D41/><U0/><E35/><V112/><F37/><W102/><G135/><T46/><D46/><U29/><E4/><V111/><F111/><W57/><G68/><T91/><D31/><U116/><E116/><V18/><F132/><W84/><G102/><N who="0" m="62815" /><D91/><U124/><E124/><V131/><F125/><W33/><G33/><T15/><D6/><U12/><E69/><V61/><F131/><W83/><G114/><T36/><D36/><U16/><REACH who="1" step="1"/><E63/><REACH who="1" ten="439,202,162,187" step="2"/><V22/><F34/><W95/><G78/><T58/><D19/><U103/><E103/><V100/><F61/><W107/><G83/><T89/><D17/><U81/><E81/><V130/><F18/><W93/><G107/><T3/><D3/><U129/><E129/><V122/><F130/><W14/><G95/><T11/><D62/><U73/><AGARI ba="4,1" hai="0,1,2,12,16,23,29,30,44,48,53,73,79,80" machi="73" ten="30,6000,0" yaku="1,1,0,1,54,1,53,0" doraHai="109" doraHaiUra="117" who="1" fromWho="1" sc="439,-24,202,82,162,-24,187,-24" /><INIT seed="5,5,0,2,0,117" ten="415,284,138,163" oya="1" hai0="23,62,111,58,20,93,99,89,135,4,57,66,41" hai1="124,74,22,17,45,21,36,82,131,16,98,25,115" hai2="107,59,44,73,19,37,8,102,46,14,130,119,55" hai3="122,79,101,94,88,76,40,78,64,28,121,47,108"/><U49/><E131/><V80/><F119/><W6/><G108/><T65/><D111/><U32/><E124/><V50/><F130/><W92/><G64/><T35/><D35/><U126/><E126/><V56/><F107/><W106/><G28/><T103/><D135/><U71/><E115/><V104/><F104/><W125/><G125/><T52/><D41/><U31/><E71/><V105/><F105/><W60/><G6/><T132/><D4/><U29/><E32/><V13/><F102/><W113/><G60/><N who="0" m="35879" /><D132/><U34/><E98/><V116/><F116/><W69/><G69/><T133/><D133/><U110/><E36/><V95/><F95/><W91/><G113/><T72/><D72/><U83/><E34/><V27/><F27/><W86/><G106/><T43/><D43/><N who="1" m="24767" /><E74/><V84/><F73/><W68/><G68/><T42/><D42/><U24/><E110/><V134/><F134/><W90/><G101/><T9/><D66/><U26/><E26/><V3/><F3/><W15/><G15/><T7/><D103/><U67/><E67/><V87/><F13/><AGARI ba="5,0" hai="7,9,13,20,23,58,62,65,89,93,99" m="35879" machi="13" ten="30,2000,0" yaku="8,1,54,1" doraHai="117" who="0" fromWho="2" sc="415,35,284,0,138,-35,163,0" /><INIT seed="6,0,0,0,5,4" ten="450,284,103,163" oya="2" hai0="49,112,75,103,64,85,45,113,127,71,74,60,32" hai1="24,14,86,34,7,15,17,101,92,23,73,46,3" hai2="94,97,96,62,59,98,26,25,13,56,40,80,20" hai3="132,16,2,58,106,8,70,79,18,65,122,87,35"/><V19/><F40/><W44/><G122/><T39/><D32/><U42/><E73/><V95/><F80/><W69/><G106/><T125/><D39/><U29/><E86/><V50/><F50/><W76/><G35/><T55/><D103/><U22/><E92/><V77/><F77/><W93/><G44/><T115/><D85/><U28/><E101/><V109/><F109/><W66/><G87/><T12/><D12/><N who="1" m="4651" /><E46/><V67/><REACH who="2" step="1"/><F59/><REACH who="2" ten="450,284,93,163" step="2"/><W130/><G58/><T30/><D49/><U10/><E42/><V54/><F54/><W105/><G76/><T57/><D55/><U104/><E104/><V52/><F52/><W123/><G79/><T68/><D57/><U43/><E43/><V48/><F48/><W111/><G105/><T90/><D45/><U72/><E72/><V133/><F133/><W121/><G132/><T33/><D75/><U135/><E135/><V41/><F41/><W126/><G111/><T89/><D74/><U118/><E118/><V0/><F0/><W1/><G2/><T114/><D114/><U36/><E36/><V51/><F51/><W21/><G1/><T116/><D116/><U91/><E3/><V108/><F108/><W81/><G81/><T117/><D117/><U110/><E110/><V134/><F134/><W83/><G83/><T119/><D119/><U99/><E7/><V102/><F102/><W88/><G123/><T128/><D115/><U63/><E91/><V9/><F9/><W120/><G88/><T27/><D113/><U5/><E5/><V61/><F61/><W31/><G121/><T38/><D112/><RYUUKYOKU ba="0,1" sc="450,-10,284,-10,93,30,163,-10" hai2="13,19,20,25,26,56,62,67,94,95,96,97,98" /><INIT seed="6,1,1,0,0,65" ten="440,274,123,153" oya="2" hai0="9,35,107,14,60,122,30,45,90,83,37,26,67" hai1="73,97,101,129,57,46,96,10,1,52,109,12,131" hai2="87,32,104,105,34,17,91,124,127,106,55,50,40" hai3="5,93,130,2,38,11,56,132,69,71,0,42,126"/><V64/><F40/><W85/><G0/><T114/><D122/><U98/><E109/><V53/><F64/><W76/><G132/><T27/><D107/><U13/><E73/><V62/><F17/><W51/><G38/><T77/><D27/><U128/><E46/><V74/><F62/><W116/><G116/><T110/><D110/><U123/><E123/><V78/><F78/><W119/><G119/><T80/><D114/><U8/><E101/><V41/><F41/><W54/><G42/><T18/><D45/><U100/><E100/><V28/><F74/><W117/><G117/><T61/><D37/><U112/><E112/><V44/><F53/><W29/><G130/><T88/><D60/><N who="1" m="35879" /><E1/><V66/><F66/><W113/><G113/><T99/><D99/><U133/><E133/><V47/><F47/><W7/><G7/><T31/><D31/><U108/><E108/><V21/><F21/><W48/><G29/><T49/><D49/><U82/><E82/><V4/><F4/><W79/><G126/><N who="2" m="48169" /><F28/><W16/><G48/><T81/><REACH who="0" step="1"/><D77/><REACH who="0" ten="430,274,123,153" step="2"/><U43/><E43/><V33/><F106/><W36/><G36/><T15/><D15/><AGARI ba="1,2" hai="8,10,12,13,15,96,97,98,128,129,131" m="35879" machi="15" ten="40,2600,0" yaku="19,1,54,1" doraHai="65" who="1" fromWho="0" sc="430,-29,274,49,123,0,153,0" /><INIT seed="7,0,0,2,0,0" ten="401,323,123,153" oya="3" hai0="64,92,123,37,42,85,135,54,107,114,5,51,94" hai1="101,70,6,63,27,81,49,21,131,38,62,8,41" hai2="117,43,10,86,82,58,30,31,55,127,15,125,89" hai3="23,87,98,50,11,95,26,22,77,2,112,60,66"/><W104/><G104/><T93/><D107/><U61/><E131/><V72/><F117/><W124/><G112/><T128/><D123/><U24/><E38/><V126/><F43/><W25/><G124/><T97/><D37/><U19/><E27/><V40/><F40/><W1/><G50/><T7/><D128/><U16/><E101/><V68/><F68/><W12/><G87/><T39/><D39/><U4/><E70/><V100/><F100/><W71/><G77/><T45/><D135/><U17/><E81/><V65/><F65/><W34/><G34/><T133/><D133/><U130/><E130/><V73/><F73/><W91/><G22/><T134/><D134/><U96/><E96/><V3/><F3/><W32/><G26/><T129/><D64/><U105/><E105/><V83/><F83/><W14/><G14/><T116/><D116/><U90/><E90/><V111/><F111/><W119/><G32/><T106/><D106/><U20/><E20/><V84/><F84/><W88/><G91/><N who="0" m="53359" /><D129/><U47/><E8/><V48/><REACH who="2" step="1"/><F72/><REACH who="2" ten="401,323,113,153" step="2"/><W74/><G74/><T121/><D42/><U109/><E109/><V57/><F57/><W35/><G119/><T118/><D118/><U46/><E46/><V108/><F108/><W52/><G52/><N who="0" m="29807" /><D121/><U80/><E80/><V76/><F76/><W113/><G113/><T102/><D114/><U33/><E33/><V28/><F28/><AGARI ba="0,1" hai="4,6,16,17,19,21,24,28,41,47,49,61,62,63" machi="28" ten="40,8000,1" yaku="8,1,52,2,54,1" doraHai="0" who="1" fromWho="2" sc="401,0,323,90,113,-80,153,0" owari="401,20.1,413,51.3,33,-46.7,153,-24.7" /></mjloggm>