<mjloggm ver="2.3"><GO type="169" lobby="0"/><UN n0="%32%30%31%33%36%31%32" n1="%E3%82%A8%E3%82%B0%E3%83%81%E3%80%81" n2="%E3%82%A2%E3%83%AB%E3%82%B4%E3%83%8E%E3%83%BC%E3%83%84" n3="%E6%98%8E%E6%98%9F%E5%B8%82%E6%B0%91" dan="18,17,16,16" rate="2208.78,2197.22,2111.48,2167.29" sx="M,M,F,M"/><TAIKYOKU oya="0"/><INIT seed="0,0,0,5,0,102" ten="250,250,250,250" oya="0" hai0="95,115,85,62,55,22,124,135,43,87,28,26,90" hai1="83,20,79,36,108,57,53,4,9,82,21,118,107" hai2="31,39,65,134,88,72,126,51,58,76,14,91,89" hai3="106,122,63,101,131,23,92,1,96,25,8,41,70"/><T84/><D124/><U133/><E118/><V46/><F134/><W10/><G131/><T81/><D115/><U48/><E133/><V77/><F126/><W78/><G78/><T60/><D135/><U73/><E108/><V47/><F39/><W50/><G122/><T129/><D129/><U32/><E32/><V18/><F31/><W35/><G1/><T11/><D43/><U61/><E36/><V64/><F72/><W94/><G41/><T7/><D55/><U103/><E83/><V40/><F47/><W109/><G50/><T119/><D119/><U33/><E33/><V29/><F29/><W5/><G109/><T13/><REACH who="0" step="1"/><D85/><REACH who="0" ten="240,250,250,250" step="2"/><U104/><E48/><V24/><F64/><W3/><G63/><T52/><D52/><U75/><E75/><V128/><F128/><W113/><G113/><T12/><D12/><U66/><E53/><V127/><F127/><W42/><G42/><T100/><D100/><U130/><E130/><V16/><F24/><W15/><G70/><T34/><D34/><U38/><E38/><V132/><F132/><W121/><G35/><T74/><D74/><U86/><E73/><V2/><F2/><W110/><G110/><T27/><D27/><U68/><E68/><V0/><F0/><W49/><G49/><T56/><D56/><U93/><E103/><V116/><F116/><W120/><G120/><T80/><D80/><U67/><E67/><V98/><F14/><W99/><G121/><T59/><D59/><U45/><E45/><V111/><F111/><W125/><G125/><T6/><D6/><U17/><E4/><RYUUKYOKU ba="0,1" sc="240,30,250,-10,250,-10,250,-10" hai0="7,11,13,22,26,28,60,62,81,84,87,90,95" /><INIT seed="0,1,1,0,5,17" ten="270,240,240,240" oya="0" hai0="122,124,88,112,120,135,119,82,1,30,23,66,47" hai1="113,105,72,77,18,96,106,89,60,118,70,14,50" hai2="44,38,114,7,86,115,63,61,26,76,22,46,20" hai3="129,58,37,97,130,87,108,56,42,8,19,33,73"/><T51/><D1/><U85/><E118/><V48/><F38/><W64/><G73/><T75/><D112/><U39/><E39/><V107/><F107/><W126/><G33/><T9/><D119/><U40/><E113/><V69/><F69/><W91/><G108/><T93/><D124/><U43/><E72/><V80/><F115/><W5/><G97/><T36/><D36/><U10/><E77/><V81/><F114/><W101/><G101/><T67/><D9/><U110/><E110/><V90/><F7/><W128/><G64/><T84/><D135/><U133/><E133/><V68/><F46/><N who="3" m="23887" /><G19/><T31/><D31/><U11/><E70/><V79/><F68/><W25/><G25/><T55/><D67/><U94/><E60/><N who="2" m="23115" /><F80/><N who="3" m="49639" /><G126/><T16/><D30/><U62/><E62/><V28/><F20/><W102/><G102/><T131/><D66/><U3/><E106/><V74/><F74/><W57/><G57/><T15/><REACH who="0" step="1"/><D131/><REACH who="0" ten="260,240,240,240" step="2"/><U83/><E10/><V29/><F28/><W32/><G32/><T54/><D54/><AGARI ba="1,2" hai="22,26,29,44,48,54,76,79,81,86,90" m="23115" machi="54" ten="30,2000,0" yaku="8,1,52,1" doraHai="17" who="2" fromWho="0" sc="260,-23,240,0,240,43,240,0" /><INIT seed="1,0,0,1,1,95" ten="237,240,283,240" oya="1" hai0="4,1,61,50,65,85,0,6,58,47,126,10,134" hai1="104,108,135,2,42,71,115,66,12,26,129,23,133" hai2="31,55,19,56,87,52,39,29,7,34,106,27,83" hai3="46,123,118,131,32,62,64,30,14,109,101,68,86"/><U100/><E115/><V75/><F75/><W88/><G109/><T82/><D126/><U3/><E42/><V48/><F39/><W9/><G131/><T119/><D134/><N who="1" m="51211" /><E71/><V22/><F106/><W105/><G123/><T18/><D119/><U51/><E66/><V49/><F7/><W107/><G118/><T73/><D73/><U57/><E57/><V37/><F37/><W84/><G84/><T99/><D99/><N who="1" m="61471" /><E51/><V54/><F34/><W130/><G130/><T41/><D18/><N who="1" m="10695" /><E129/><V102/><F102/><W93/><G101/><T92/><D92/><U63/><E63/><V111/><F111/><W127/><G127/><T91/><D4/><U15/><E108/><V38/><F38/><W128/><G128/><T94/><D94/><U78/><E78/><N who="2" m="46583" /><F54/><W125/><G125/><T77/><REACH who="0" step="1"/><D91/><REACH who="0" ten="227,240,283,240" step="2"/><U25/><E15/><AGARI ba="0,1" hai="0,1,6,10,15,41,47,50,58,61,65,77,82,85" machi="15" ten="30,12000,2" yaku="1,1,2,1,7,1,25,2,53,1" doraHai="95" doraHaiUra="72" who="0" fromWho="1" sc="227,130,240,-120,283,0,240,0" /><INIT seed="2,0,0,4,2,77" ten="357,120,283,240" oya="2" hai0="104,53,94,19,66,27,60,21,35,49,82,41,80" hai1="95,10,57,52,76,0,107,101,17,14,115,96,81" hai2="124,33,116,37,46,4,90,11,7,25,97,5,89" hai3="39,28,133,55,73,92,122,16,71,31,102,126,67"/><V12/><F116/><W38/><G122/><T65/><D104/><U51/><E115/><V120/><F120/><W117/><G117/><T103/><D41/><U2/><REACH who="1" step="1"/><E107/><REACH who="1" ten="357,110,283,240" step="2"/><V8/><F124/><W118/><G126/><T108/><D108/><U43/><E43/><V45/><F37/><W24/><G118/><T87/><D35/><U48/><E48/><V34/><F34/><W61/><G38/><T18/><D49/><U131/><E131/><V114/><F114/><W72/><G39/><T119/><D119/><U75/><AGARI ba="0,1" hai="0,2,10,14,17,51,52,57,75,76,81,95,96,101" machi="75" ten="20,8000,1" yaku="1,1,0,1,7,1,52,1,54,1,53,0" doraHai="77" doraHaiUra="58" who="1" fromWho="1" sc="357,-20,110,90,283,-40,240,-20" /><INIT seed="3,0,0,3,0,131" ten="337,200,243,220" oya="3" hai0="15,13,71,47,23,108,90,3,70,41,40,84,35" hai1="16,21,76,2,67,54,30,49,74,113,52,132,63" hai2="109,26,9,1,64,121,80,55,10,24,105,73,46" hai3="103,78,125,85,100,98,106,50,45,128,38,4,79"/><W20/><G125/><T68/><D3/><U37/><E113/><V61/><F105/><W25/><G128/><T48/><D35/><U58/><E37/><V104/><F104/><W75/><G75/><T8/><D108/><U17/><E2/><V114/><F114/><W120/><G120/><T123/><D123/><U5/><E5/><V118/><F118/><W130/><G38/><T66/><D66/><U32/><E32/><V19/><F109/><W96/><G4/><T97/><D97/><U28/><E132/><V111/><F111/><W127/><G127/><T77/><D77/><U101/><E101/><V124/><F124/><W102/><G130/><T14/><D23/><U95/><E95/><V135/><F121/><W119/><G119/><T89/><D89/><U44/><E17/><V112/><F112/><W81/><G78/><T33/><D33/><U110/><E110/><V43/><F135/><W53/><REACH who="3" step="1"/><G106/><REACH who="3" ten="337,200,243,210" step="2"/><T115/><D115/><U122/><E122/><V57/><F73/><W133/><G133/><T91/><D71/><U117/><E117/><V93/><F1/><W126/><G126/><T134/><D70/><U22/><E74/><V31/><F31/><AGARI ba="0,1" hai="20,25,31,45,50,53,79,81,85,96,98,100,102,103" machi="31" ten="40,3900,0" yaku="1,1,8,1,53,0" doraHai="131" doraHaiUra="7" who="3" fromWho="2" sc="337,0,200,0,243,-39,210,49" /><INIT seed="3,1,0,1,2,19" ten="337,200,204,259" oya="3" hai0="47,82,24,117,48,15,112,39,76,42,36,50,91" hai1="86,28,45,84,88,105,132,71,95,87,99,64,73" hai2="104,119,109,46,23,69,67,97,40,89,102,56,54" hai3="90,107,85,61,129,122,133,29,66,60,38,5,100"/><W53/><G122/><T27/><D117/><U62/><E132/><V8/><F119/><W18/><G38/><T134/><D134/><U2/><E73/><V98/><F109/><W121/><G121/><T9/><D112/><U96/><E2/><V58/><F69/><W103/><G129/><T6/><D91/><U4/><E4/><V0/><F67/><W16/><G5/><T3/><D3/><U20/><E45/><V43/><F0/><W33/><G133/><T31/><D48/><U110/><E110/><V17/><F8/><W101/><G33/><T83/><D83/><U55/><E55/><V93/><F46/><W128/><G29/><T35/><REACH who="0" step="1"/><D24/><REACH who="0" ten="327,200,204,259" step="2"/><U123/><E123/><V21/><F58/><N who="3" m="37143" /><G128/><T92/><D92/><U65/><E105/><V106/><F104/><W108/><G108/><T12/><D12/><U57/><E71/><V114/><F114/><W59/><G107/><T72/><AGARI ba="1,1" hai="6,9,15,27,31,35,36,39,42,47,50,72,76,82" machi="72" ten="20,2700,0" yaku="1,1,0,1,7,1,53,0" doraHai="19" doraHaiUra="94" who="0" fromWho="0" sc="327,40,200,-8,204,-8,259,-14" /><INIT seed="4,0,0,4,0,9" ten="367,192,196,245" oya="0" hai0="2,93,14,82,31,36,104,0,81,29,20,107,91" hai1="10,54,51,59,86,3,84,12,113,64,125,11,78" hai2="57,79,108,127,101,47,116,97,25,83,80,22,34" hai3="61,67,124,90,110,41,44,102,26,119,18,42,132"/><T28/><D36/><U134/><E125/><V52/><F108/><W106/><G110/><T40/><D40/><U19/><E134/><V109/><F109/><W37/><G132/><T7/><D7/><U128/><E128/><V8/><F127/><W75/><G75/><T73/><D73/><U17/><E113/><V72/><F116/><W55/><G124/><T94/><D91/><U6/><E78/><V15/><F34/><W1/><G41/><T66/><D66/><U88/><E64/><V46/><F80/><W33/><G1/><T5/><D5/><U121/><E121/><V122/><F122/><W89/><G55/><T30/><D20/><U123/><E123/><V49/><F22/><W23/><G33/><T43/><D43/><U53/><E53/><V126/><F25/><W48/><G37/><T24/><D29/><U58/><E84/><V56/><F47/><W103/><G119/><T76/><D28/><U21/><E59/><V85/><F72/><W118/><G118/><T69/><D24/><U45/><E58/><V27/><F27/><W96/><G103/><T129/><D69/><AGARI ba="0,0" hai="18,23,26,42,44,48,61,67,69,89,90,96,102,106" machi="69" ten="30,1000,0" yaku="7,1" doraHai="9" who="3" fromWho="0" sc="367,-10,192,0,196,0,245,10" /><INIT seed="5,0,0,2,5,6" ten="357,192,196,255" oya="1" hai0="81,1,52,21,99,15,104,27,109,42,116,73,97" hai1="16,12,71,20,5,75,105,85,13,44,117,25,32" hai2="45,49,94,40,122,63,34,77,70,68,106,118,98" hai3="112,56,39,65,101,130,8,48,57,46,41,43,107"/><U28/><E75/><V9/><F118/><W88/><G107/><T17/><D1/><U58/><E71/><V115/><F122/><W14/><G101/><T37/><D109/><U66/><E105/><V111/><F111/><W51/><G130/><T55/><D116/><U47/><E117/><V134/><F106/><W4/><G112/><T110/><D110/><U83/><E66/><V60/><F34/><W24/><G24/><T23/><D42/><U103/><E103/><V33/><F33/><W64/><G39/><T96/><D37/><U67/><E67/><V78/><F134/><W72/><G72/><T100/><D97/><U50/><E58/><N who="3" m="22634" /><G88/><T26/><D99/><U38/><E38/><V22/><F22/><W127/><G127/><T131/><D26/><U93/><E93/><V89/><F115/><W74/><G74/><T124/><D131/><U19/><E5/><V128/><F128/><W59/><G59/><T119/><D124/><U2/><E2/><V92/><F70/><W126/><G126/><T91/><D119/><U102/><E102/><N who="2" m="60743" /><F68/><W31/><G31/><T86/><D73/><U36/><E36/><V53/><F40/><W29/><G29/><AGARI ba="0,0" hai="15,17,21,23,27,29,52,55,81,86,91,96,100,104" machi="29" ten="30,2000,0" yaku="7,1,54,1" doraHai="6" who="0" fromWho="3" sc="357,20,192,0,196,0,255,-20" /><INIT seed="6,0,0,4,4,7" ten="377,192,196,235" oya="2" hai0="127,10,101,21,121,64,36,25,63,128,17,37,0" hai1="54,83,72,8,88,124,81,78,61,13,87,29,86" hai2="47,89,33,114,24,11,74,55,125,5,123,77,90" hai3="115,80,116,20,12,59,79,39,57,15,38,93,70"/><V106/><F123/><W85/><G70/><T132/><D121/><U117/><E124/><V120/><F120/><W99/><G38/><T35/><D127/><U97/><E117/><V75/><F125/><W18/><G39/><T73/><D73/><U112/><E112/><V103/><F114/><W71/><G71/><T134/><D101/><U126/><E126/><V41/><F55/><W48/><G116/><T82/><D82/><U56/><E29/><V96/><F90/><W50/><G12/><N who="0" m="7319" /><D35/><U119/><E119/><V131/><F89/><N who="3" m="55727" /><G115/><T84/><D84/><U104/><E104/><V62/><F62/><W111/><G111/><T69/><D0/><U91/><E97/><V46/><F131/><W30/><G30/><N who="0" m="17711" /><D128/><U14/><REACH who="1" step="1"/><E8/><REACH who="1" ten="377,182,196,235" step="2"/><V19/><F33/><W45/><G50/><T135/><AGARI ba="0,1" hai="36,37,63,64,69,132,134,135" m="17711,7319" machi="135" ten="30,2000,0" yaku="20,1,52,1" doraHai="7" who="0" fromWho="0" sc="377,30,182,-5,196,-10,235,-5" /><INIT seed="7,0,0,3,2,112" ten="407,177,186,230" oya="3" hai0="108,130,70,113,86,52,127,45,7,83,12,85,110" hai1="69,0,88,119,49,126,13,123,3,121,90,106,73" hai2="116,9,97,63,46,135,92,35,18,4,32,33,8" hai3="5,15,22,58,107,131,133,120,103,17,29,2,38"/><W78/><G38/><T74/><D74/><U56/><E69/><V115/><F116/><W129/><G78/><T95/><D70/><U122/><E73/><V14/><F115/><W27/><G107/><T65/><D65/><U44/><E106/><V20/><F46/><W66/><G103/><T99/><D85/><U23/><E119/><V80/><F80/><W60/><G133/><T55/><D55/><U34/><E34/><V54/><F135/><W61/><G61/><T37/><D113/><U84/><E126/><V77/><F77/><W82/><G82/><T96/><D96/><U124/><E124/><V134/><F134/><W93/><G93/><T30/><D30/><U41/><E56/><V11/><F54/><W117/><G117/><T81/><D130/><U75/><E75/><V16/><F63/><W109/><G120/><T100/><D127/><U26/><E13/><N who="2" m="9231" /><F92/><W76/><G76/><T94/><D94/><U53/><E53/><V67/><F67/><W36/><G36/><T40/><D52/><U87/><E84/><V71/><F97/><W31/><G31/><T21/><D81/><U59/><E59/><V104/><F71/><W68/><G109/><T51/><D37/><U91/><REACH who="1" step="1"/><E87/><REACH who="1" ten="407,167,186,230" step="2"/><V57/><F57/><W25/><G68/><T48/><D86/><U102/><E102/><V132/><F132/><W19/><G58/><T98/><D100/><U114/><E114/><V72/><F104/><W118/><G118/><T111/><D110/><U128/><E128/><N who="3" m="49226" /><G60/><T89/><D108/><U47/><E47/><V62/><F72/><W105/><G105/><RYUUKYOKU ba="0,1" sc="407,-10,167,30,186,-10,230,-10" hai1="0,3,23,26,41,44,49,88,90,91,121,122,123" owari="407,50.7,197,-20.3,176,-32.4,220,2.0" /></mjloggm>