<mjloggm ver="2.3"><GO type="169" lobby="0"/><UN n0="%E4%B8%83%E7%94%9F%E5%A4%95" n1="%E3%81%97%E3%82%83%E3%82%93%E3%81%8A%E3%81%98" n2="%62%61%6B%75%72%61%30%38" n3="%E4%B8%8B%E7%B4%9A%E5%9B%BD%E6%B0%91" dan="16,17,17,17" rate="2097.84,2164.79,2181.98,2149.84" sx="M,F,M,M"/><TAIKYOKU oya="0"/><INIT seed="0,0,0,3,1,67" ten="250,250,250,250" oya="0" hai0="12,47,110,125,30,70,72,96,130,107,23,36,126" hai1="8,87,1,11,13,97,49,86,134,35,98,17,37" hai2="24,121,18,9,56,41,3,131,108,16,20,31,89" hai3="59,94,122,69,64,27,135,82,32,79,63,120,54"/><T53/><D72/><U115/><E37/><V117/><F121/><W57/><G135/><T50/><D36/><U133/><E35/><V22/><F108/><W71/><G94/><T0/><D0/><U55/><E115/><V76/><F131/><W75/><G32/><T78/><D78/><U84/><E1/><V58/><F117/><W40/><G27/><N who="0" m="16767" /><D12/><U106/><E8/><V83/><F41/><W28/><G28/><T95/><D107/><U34/><E34/><V42/><F42/><W66/><G40/><T21/><D21/><U62/><E62/><V132/><F89/><W124/><G124/><N who="0" m="47723" /><D130/><U6/><E6/><V123/><F123/><N who="3" m="47147" /><G66/><T88/><D110/><U109/><E109/><V68/><F132/><N who="1" m="50793" /><E106/><V92/><F92/><W51/><AGARI ba="0,0" hai="51,54,57,59,63,64,69,71,75,79,82" m="47147" machi="51" ten="30,4000,0" yaku="13,1,52,2" doraHai="67" who="3" fromWho="3" sc="250,-20,250,-10,250,-10,250,40" /><INIT seed="1,0,0,5,0,55" ten="230,240,240,290" oya="1" hai0="134,56,115,129,95,33,28,62,51,89,43,127,47" hai1="93,61,23,121,7,90,20,39,42,108,133,65,101" hai2="68,77,120,130,78,84,1,36,117,105,2,3,24" hai3="98,10,124,15,8,40,34,128,76,96,13,113,25"/><U6/><E121/><V53/><F117/><W132/><G40/><T14/><D115/><U31/><E133/><V54/><F120/><W109/><G76/><T79/><D134/><U114/><E114/><V4/><F68/><W57/><G113/><T72/><D127/><U81/><E101/><V131/><F4/><W38/><G38/><T21/><D129/><N who="2" m="49162" /><F36/><W26/><G128/><T112/><D112/><U29/><E81/><N who="2" m="47151" /><F105/><W12/><G132/><T44/><D44/><U83/><E83/><V92/><F78/><W58/><G13/><T107/><D107/><U11/><E42/><V37/><F37/><W122/><G122/><T116/><D116/><U18/><E39/><V9/><F9/><W102/><G102/><T59/><D79/><U99/><E108/><V110/><F110/><W88/><G109/><T111/><D72/><U87/><E87/><V75/><F75/><W66/><G88/><T5/><D5/><N who="1" m="1547" /><E11/><V71/><F71/><W80/><G80/><T106/><D106/><U86/><E86/><V118/><F118/><W22/><G124/><T48/><D111/><U45/><E45/><V125/><F125/><W46/><G46/><T82/><D82/><U30/><E18/><V100/><F100/><W32/><G22/><T74/><D74/><U69/><E20/><V63/><F92/><W17/><G17/><T119/><D119/><U91/><E23/><V67/><F24/><W97/><G97/><T60/><D43/><U123/><E123/><V73/><F73/><W70/><G70/><T0/><D21/><U52/><E90/><V16/><F16/><RYUUKYOKU ba="0,0" sc="230,-30,240,10,240,10,290,10" hai1="29,30,31,52,61,65,69,91,93,99" hai2="1,2,3,53,54,63,67" hai3="8,10,12,15,25,26,32,34,57,58,66,96,98" /><INIT seed="1,1,0,5,3,122" ten="200,250,250,300" oya="1" hai0="57,91,4,35,112,115,27,95,132,23,101,45,121" hai1="21,100,41,118,70,92,128,2,11,64,94,81,59" hai2="87,14,56,109,54,48,63,55,30,78,98,124,134" hai3="66,68,60,39,20,88,83,106,65,102,105,13,31"/><U8/><E118/><V125/><F134/><W117/><G39/><T22/><D132/><U38/><E70/><V3/><F3/><W15/><G66/><T119/><D119/><U52/><E64/><V69/><F30/><W50/><G117/><T114/><D121/><U12/><E128/><V49/><F98/><W89/><G102/><T44/><D4/><U79/><E41/><V104/><F104/><W133/><G133/><T76/><D76/><U110/><E38/><V77/><F14/><W73/><G13/><T75/><D75/><U28/><E110/><V9/><F9/><W16/><G31/><T80/><D80/><U127/><E127/><N who="2" m="48715" /><F87/><W84/><G73/><T93/><D35/><U5/><E100/><V51/><F69/><W113/><G113/><T82/><D82/><U47/><E47/><V34/><F34/><W99/><REACH who="3" step="1"/><G50/><REACH who="3" ten="200,250,250,290" step="2"/><N who="2" m="19561" /><F109/><W17/><G17/><T7/><D112/><U72/><E28/><V85/><F85/><W67/><G67/><T32/><D114/><U37/><E37/><V71/><F71/><W90/><G90/><T18/><D91/><U108/><E108/><V103/><F103/><W43/><G43/><T120/><D101/><U62/><REACH who="1" step="1"/><E21/><REACH who="1" ten="200,240,250,290" step="2"/><V97/><F55/><W46/><G46/><T86/><D45/><U126/><E126/><V10/><F54/><W26/><G26/><T33/><D44/><U74/><E74/><V25/><F25/><W19/><G19/><AGARI ba="1,2" hai="2,5,8,11,12,19,52,59,62,72,79,81,92,94" machi="19" ten="30,5800,0" yaku="1,1,7,1,54,1,53,0" doraHai="122" doraHaiUra="24" who="1" fromWho="3" sc="200,0,240,81,250,0,290,-61" /><INIT seed="1,2,0,1,4,39" ten="200,321,250,229" oya="1" hai0="8,34,21,67,22,74,9,120,26,98,86,70,91" hai1="64,101,32,14,90,56,117,95,115,36,100,51,45" hai2="81,124,94,96,42,134,78,46,114,87,41,59,105" hai3="71,93,97,131,102,19,6,109,132,72,92,17,12"/><U4/><E115/><V62/><F124/><W30/><G71/><T108/><D108/><U112/><E112/><V69/><F69/><W53/><G72/><T125/><D125/><U23/><E32/><V47/><F105/><W54/><G109/><T85/><D74/><U83/><E36/><V80/><F134/><W18/><G131/><T5/><D120/><U123/><E117/><V103/><F114/><W110/><G110/><T82/><D9/><U107/><E83/><V61/><F80/><W0/><G0/><T57/><D70/><U89/><E107/><V129/><F129/><W119/><G132/><T16/><D98/><U63/><E123/><V60/><F59/><W77/><G77/><T10/><D34/><U38/><E38/><V135/><F135/><W65/><G65/><T13/><D85/><U44/><E44/><AGARI ba="2,0" hai="41,42,44,46,47,60,61,62,78,81,87,94,96,103" machi="44" ten="40,5200,0" yaku="8,1,52,2" doraHai="39" who="2" fromWho="1" sc="200,0,321,-58,250,58,229,0" /><INIT seed="2,0,0,2,5,125" ten="200,263,308,229" oya="2" hai0="128,106,39,87,43,23,91,54,120,59,79,134,12" hai1="57,85,16,24,96,101,66,36,112,44,49,5,68" hai2="55,111,65,86,9,132,104,118,126,38,95,58,1" hai3="26,14,8,82,74,62,61,131,63,29,50,21,27"/><V83/><F118/><W127/><G127/><T115/><D115/><U78/><E112/><V129/><F104/><W80/><G74/><T41/><D120/><U34/><E5/><V98/><F38/><W0/><G0/><T119/><D106/><U42/><E68/><V105/><F105/><W11/><G131/><T81/><D39/><U28/><E78/><V2/><F126/><W92/><G92/><T84/><D134/><U52/><E85/><V113/><F65/><W103/><G103/><T76/><D128/><U71/><E101/><V122/><F113/><W64/><G64/><T30/><D79/><U123/><E96/><V37/><F37/><W10/><G14/><T67/><D67/><U33/><E123/><V117/><F129/><W45/><REACH who="3" step="1"/><G27/><REACH who="3" ten="200,263,308,219" step="2"/><T22/><D119/><U93/><E93/><V60/><F117/><W107/><G107/><T121/><D121/><U17/><REACH who="1" step="1"/><E34/><REACH who="1" ten="200,253,308,219" step="2"/><V56/><F122/><W130/><G130/><T46/><D81/><U19/><E19/><V53/><F83/><W108/><G108/><T69/><D30/><U114/><E114/><V20/><F111/><W109/><G109/><T47/><D69/><U99/><E99/><V116/><F98/><W88/><G88/><T15/><D91/><U133/><E133/><V77/><F132/><W75/><G75/><T48/><D84/><U135/><E135/><V18/><F95/><W110/><G110/><T124/><D87/><U4/><E4/><N who="2" m="1167" /><F86/><W40/><AGARI ba="0,2" hai="8,10,11,21,26,29,40,45,50,61,62,63,80,82" machi="40" ten="30,4000,0" yaku="1,1,0,1,8,1,53,0" doraHai="125" doraHaiUra="73" who="3" fromWho="3" sc="200,-10,253,-10,308,-20,219,60" /><INIT seed="3,0,0,3,1,63" ten="190,243,288,279" oya="3" hai0="52,61,127,8,133,50,131,56,22,27,80,65,101" hai1="125,124,105,99,117,6,9,118,75,106,95,107,70" hai2="5,132,64,78,35,34,10,18,74,62,88,89,110" hai3="73,91,16,93,2,43,103,55,47,119,71,4,121"/><W79/><G119/><N who="1" m="45578" /><E70/><V53/><F53/><W38/><G121/><T77/><D127/><N who="1" m="48715" /><E9/><V51/><F51/><W123/><G103/><T54/><D131/><U20/><E20/><V39/><F18/><W31/><G31/><T59/><D133/><U100/><E6/><V37/><F110/><W126/><G126/><T114/><D114/><U13/><E13/><V135/><F78/><W111/><G123/><T129/><D129/><U29/><E29/><V33/><F74/><AGARI ba="0,0" hai="74,75,95,99,100,105,106,107" m="48715,45578" machi="74" ten="40,8000,1" yaku="12,1,18,1,34,2" doraHai="63" who="1" fromWho="2" sc="190,0,243,80,288,-80,279,0" /><INIT seed="4,0,0,5,2,4" ten="190,323,208,279" oya="0" hai0="28,119,29,47,79,109,24,15,101,98,89,22,124" hai1="12,39,75,66,25,48,16,54,120,60,56,20,94" hai2="71,96,65,5,126,11,57,92,115,128,35,10,85" hai3="67,132,123,51,53,69,77,14,104,116,13,114,113"/><T70/><D119/><U117/><E120/><V26/><F71/><W38/><G104/><T130/><D70/><U62/><E75/><V0/><F115/><W8/><G38/><T2/><D124/><U73/><E73/><V93/><F126/><W30/><G116/><T50/><D2/><U37/><E117/><V87/><F128/><W103/><G103/><T6/><D130/><U131/><E131/><V121/><F121/><W74/><G123/><T134/><D134/><U105/><E105/><V19/><F35/><W88/><G30/><T82/><D89/><U49/><E49/><V68/><F68/><W76/><G14/><T27/><D109/><U129/><E129/><V112/><F112/><N who="3" m="43115" /><G74/><T9/><D82/><U34/><E62/><V84/><F96/><W135/><G88/><T83/><D83/><U1/><E1/><V110/><F110/><W63/><G135/><T64/><D79/><U46/><E94/><V81/><F81/><W44/><G132/><T91/><D91/><U23/><REACH who="1" step="1"/><E34/><REACH who="1" ten="190,313,208,279" step="2"/><V7/><F92/><W52/><G53/><T95/><D64/><U17/><AGARI ba="0,1" hai="12,16,17,20,23,25,37,39,46,48,54,56,60,66" machi="17" ten="20,8000,1" yaku="1,1,2,1,0,1,7,1,54,1,53,0" doraHai="4" doraHaiUra="90" who="1" fromWho="1" sc="190,-40,313,90,208,-20,279,-20" /><INIT seed="5,0,0,3,2,37" ten="150,403,188,259" oya="1" hai0="92,18,39,56,118,23,25,68,59,109,53,62,46" hai1="99,36,70,78,27,133,91,10,63,72,48,86,96" hai2="55,125,105,116,24,131,60,66,34,94,58,117,26" hai3="32,108,21,84,89,8,6,101,15,5,50,119,80"/><U87/><E36/><V129/><F105/><W113/><G32/><T130/><D109/><U57/><E70/><V135/><F125/><W81/><G108/><T9/><D118/><U112/><E112/><V17/><F135/><W14/><G119/><T7/><D130/><N who="2" m="49674" /><F26/><W88/><G113/><T132/><D132/><U95/><E72/><V115/><F115/><W49/><G101/><T19/><D92/><U20/><E10/><V114/><F114/><W1/><G1/><T64/><D19/><U44/><E133/><V106/><F106/><W61/><G61/><T47/><D68/><U67/><E99/><V52/><F94/><W51/><G21/><T2/><REACH who="0" step="1"/><D39/><REACH who="0" ten="140,403,188,259" step="2"/><U29/><E95/><V85/><F116/><W4/><G8/><T127/><D127/><U33/><E96/><V41/><F17/><W77/><G81/><T16/><D16/><U43/><E29/><N who="2" m="19751" /><F117/><W40/><G4/><T54/><D54/><N who="2" m="20522" /><F85/><W124/><G124/><T69/><D69/><U42/><E86/><V35/><F35/><W71/><G71/><T0/><D0/><U102/><E87/><V74/><F74/><W12/><G5/><T28/><D28/><U82/><E33/><V111/><F111/><W123/><G6/><T98/><D98/><U65/><E82/><V75/><F75/><W90/><G84/><T73/><D73/><U11/><E11/><V83/><F83/><W100/><G80/><T128/><D128/><U104/><E104/><V31/><F31/><W79/><G79/><T3/><D3/><U103/><E67/><V22/><F22/><W107/><G107/><RYUUKYOKU ba="0,1" sc="140,15,403,-15,188,15,259,-15" hai0="2,7,9,18,23,25,46,47,53,56,59,62,64" hai2="41,58,60,66" /><INIT seed="6,1,1,2,0,124" ten="155,388,203,244" oya="2" hai0="130,43,65,113,13,56,15,89,107,68,18,47,92" hai1="78,62,100,67,82,2,41,123,24,122,57,10,55" hai2="32,80,19,98,105,79,5,90,17,35,33,88,16" hai3="25,20,48,114,61,131,73,51,64,103,28,46,22"/><V0/><F0/><W52/><G73/><T31/><D107/><U39/><E100/><V6/><F105/><W84/><G103/><T1/><D1/><U50/><E24/><V77/><F98/><W75/><G75/><T69/><D113/><U71/><E2/><V53/><F53/><W21/><G131/><T27/><D130/><U127/><E10/><V112/><F112/><W54/><G84/><T76/><D76/><N who="2" m="29258" /><F80/><W134/><G134/><T109/><D109/><U40/><E127/><V3/><F3/><W38/><G38/><T106/><D106/><U23/><E23/><V104/><F104/><W96/><G96/><T116/><D116/><U49/><E49/><V60/><F60/><W87/><G87/><T44/><D44/><N who="1" m="25863" /><E41/><V85/><F85/><W4/><G4/><AGARI ba="1,1" hai="4,5,6,16,17,19,32,33,35,88,90" m="29258" machi="4" ten="40,12000,1" yaku="28,2,54,2" doraHai="124" who="2" fromWho="3" sc="155,0,388,0,203,133,244,-123" /><INIT seed="6,2,0,2,1,66" ten="155,388,336,121" oya="2" hai0="59,5,33,94,53,15,38,116,73,63,57,92,49" hai1="46,35,2,71,99,24,85,102,129,120,7,95,58" hai2="4,127,113,11,1,107,20,6,88,50,69,36,84" hai3="28,22,108,123,13,68,74,133,39,117,104,131,121"/><V43/><F107/><W17/><RYUUKYOKU type="yao9" ba="2,0" sc="155,0,388,0,336,0,121,0" hai3="13,17,22,28,39,68,74,104,108,117,121,123,131,133" /><INIT seed="6,3,0,5,4,70" ten="155,388,336,121" oya="2" hai0="87,4,37,66,95,67,46,45,98,8,40,125,74" hai1="92,42,43,112,84,13,36,21,101,60,117,130,90" hai2="31,51,58,96,131,78,108,109,16,91,119,14,39" hai3="15,59,83,63,107,86,65,61,71,113,80,54,2"/><V73/><F119/><W17/><G2/><T64/><D125/><U24/><E117/><V32/><F131/><W128/><G128/><T62/><D74/><U76/><E130/><V23/><F31/><W106/><G83/><T116/><D46/><U122/><E112/><V19/><F32/><W132/><G132/><T134/><D116/><U115/><E115/><V53/><F39/><W12/><G12/><T99/><D134/><U72/><E36/><V105/><F78/><W69/><G69/><T56/><D87/><U25/><E122/><V77/><F77/><W81/><G81/><T10/><D10/><U9/><E101/><V121/><F73/><W104/><G113/><T110/><D110/><U68/><E76/><V114/><F114/><W79/><REACH who="3" step="1"/><G107/><REACH who="3" ten="155,388,336,111" step="2"/><T103/><D98/><U5/><E72/><V52/><F105/><W120/><G120/><T47/><REACH who="0" step="1"/><D45/><REACH who="0" ten="145,388,336,111" step="2"/><U111/><E111/><V49/><F121/><W0/><G0/><AGARI ba="3,2" hai="0,4,8,37,40,47,56,62,64,66,67,95,99,103" machi="0" ten="30,7700,0" yaku="1,1,2,1,7,1,52,1,53,0" doraHai="70" doraHaiUra="126" who="0" fromWho="3" sc="145,106,388,0,336,0,111,-86" /><INIT seed="7,0,0,0,1,90" ten="251,388,336,25" oya="3" hai0="8,62,79,14,35,61,10,134,38,80,73,44,85" hai1="95,106,43,25,107,6,108,39,57,51,94,19,7" hai2="118,26,112,41,16,81,72,113,12,18,50,121,2" hai3="114,93,135,83,42,67,115,117,27,69,120,59,102"/><W22/><G117/><T127/><D35/><U87/><E108/><V28/><F2/><W110/><G120/><T48/><D127/><U68/><E68/><V30/><F118/><W99/><G69/><T1/><D134/><U21/><E39/><V75/><F121/><W55/><G135/><T58/><D38/><U101/><E107/><V128/><F128/><W111/><G67/><T46/><D1/><U70/><E70/><V64/><F64/><W105/><G42/><T54/><D73/><U17/><E106/><V40/><F81/><W125/><G83/><T126/><D10/><U100/><E19/><V52/><F12/><W78/><G78/><T130/><D126/><U34/><E34/><V116/><F116/><W71/><G71/><T65/><D130/><U96/><E87/><V20/><F18/><N who="3" m="12759" /><G105/><T56/><REACH who="0" step="1"/><D61/><REACH who="0" ten="241,388,336,25" step="2"/><U97/><E6/><AGARI ba="0,1" hai="6,8,14,44,46,48,54,56,58,62,65,79,80,85" machi="6" ten="30,7700,0" yaku="1,1,2,1,7,1,8,1,53,0" doraHai="90" doraHaiUra="119" who="0" fromWho="1" sc="241,87,388,-77,336,0,25,0" owari="328,12.8,311,-8.9,336,43.6,25,-47.5" /></mjloggm>