<mjloggm ver="2.3"><GO type="169" lobby="0"/><UN n0="%E3%81%BE%E3%81%88%E3%81%9F" n1="%E3%81%BD%E3%81%A1%E3%81%9F%E3%81%93%E3%82%84" n2="%E3%81%A5%E3%81%8B%E5%AD%90" n3="%E3%82%AB%E3%83%AB%E3%83%94%E3%82%B9%E3%82%B5%E3%83%AF%E3%83%BC" dan="17,16,16,17" rate="2211.76,2107.10,2145.37,2206.83" sx="F,M,M,M"/><TAIKYOKU oya="0"/><INIT seed="0,0,0,4,3,52" ten="250,250,250,250" oya="0" hai0="57,111,7,102,109,103,70,64,43,81,50,120,133" hai1="15,87,24,108,88,51,61,27,45,85,48,39,29" hai2="100,38,80,2,55,36,105,53,67,62,82,31,28" hai3="19,33,4,112,11,1,91,46,113,134,0,130,21"/><T128/><D120/><U25/><E108/><N who="0" m="41545" /><D133/><U47/><E39/><V98/><F2/><W9/><G46/><N who="1" m="17418" /><E29/><V58/><F38/><W117/><G91/><T104/><D128/><U83/><E61/><V65/><F36/><W16/><G117/><T18/><D7/><U6/><E87/><V44/><F55/><W17/><G33/><T123/><D123/><U66/><E66/><V49/><REACH who="2" step="1"/><F67/><REACH who="2" ten="250,250,240,250" step="2"/><W106/><G0/><T127/><D43/><U129/><E129/><V89/><F89/><W35/><G130/><T5/><D64/><U126/><E126/><V26/><F26/><W56/><G1/><T54/><D127/><U23/><E48/><V34/><F34/><W74/><G35/><T90/><D50/><U32/><E51/><V115/><F115/><W132/><G113/><T68/><D54/><U124/><E32/><V3/><F3/><W30/><G112/><T86/><D70/><U10/><E124/><V8/><F8/><W84/><G9/><T59/><D68/><U135/><E135/><V97/><F97/><W41/><G41/><T69/><D69/><U94/><E23/><V92/><F92/><AGARI ba="0,1" hai="6,10,15,24,25,27,83,85,88,92,94" m="17418" machi="92" ten="30,2000,0" yaku="8,1,54,1" doraHai="52" who="1" fromWho="2" sc="250,0,250,30,240,-20,250,0" /><INIT seed="1,0,0,4,4,25" ten="250,280,220,250" oya="1" hai0="7,134,30,91,36,129,70,102,108,133,90,115,66" hai1="3,61,56,1,33,77,13,11,5,109,53,28,74" hai2="94,51,103,86,63,117,60,17,127,62,10,78,6" hai3="39,75,106,93,76,100,114,52,99,130,92,101,42"/><U79/><E109/><V0/><F117/><W64/><G64/><T23/><D115/><U116/><E116/><V96/><F127/><W19/><G114/><T26/><D129/><U37/><E37/><V34/><F51/><W49/><G130/><T128/><D128/><U22/><E74/><V47/><F47/><W21/><G42/><T72/><D108/><U125/><E125/><V98/><F98/><W15/><G39/><T89/><D36/><U46/><E46/><V65/><F34/><W27/><G100/><T126/><D126/><U14/><E14/><V131/><F131/><W105/><G105/><T48/><D72/><U18/><REACH who="1" step="1"/><E1/><REACH who="1" ten="250,270,220,250" step="2"/><V104/><F0/><W20/><G75/><T69/><D134/><U68/><E68/><V123/><F123/><W73/><G73/><T97/><D70/><U40/><E40/><V35/><F65/><W38/><G38/><T118/><D66/><U9/><E9/><V2/><F2/><W122/><G122/><T124/><D124/><U55/><E55/><V4/><F10/><W120/><G120/><T12/><D69/><U45/><E45/><V135/><F135/><W57/><REACH who="3" step="1"/><G76/><REACH who="3" ten="250,270,220,240" step="2"/><T119/><D133/><U67/><E67/><V8/><F78/><W58/><G58/><T132/><D132/><U84/><E84/><V59/><F59/><W31/><AGARI ba="0,2" hai="15,19,20,21,27,31,49,52,57,92,93,99,101,106" machi="31" ten="20,12000,2" yaku="1,1,0,1,7,1,52,1,54,1,53,1" doraHai="25" doraHaiUra="54" who="3" fromWho="3" sc="250,-30,270,-60,220,-30,240,140" /><INIT seed="2,0,0,2,5,43" ten="220,210,190,380" oya="2" hai0="121,52,129,26,70,90,134,76,10,111,101,98,29" hai1="4,75,85,72,48,24,120,64,87,96,91,28,114" hai2="40,103,36,104,57,106,11,132,31,6,32,113,83" hai3="30,124,119,45,127,60,77,92,25,89,38,2,74"/><V112/><F57/><W128/><G119/><T41/><D70/><U55/><E114/><V54/><F54/><W46/><G2/><T16/><D121/><U49/><E120/><V117/><F117/><W110/><G110/><T1/><D76/><U20/><E64/><V123/><F123/><W68/><G128/><T135/><D111/><U78/><E4/><V97/><F106/><W42/><G68/><T109/><D109/><U122/><E122/><V0/><F132/><W19/><G19/><T18/><D90/><U84/><E78/><V126/><F126/><W22/><G60/><T12/><D1/><U14/><E14/><V125/><F125/><W95/><G95/><T17/><D41/><U81/><E48/><V47/><REACH who="2" step="1"/><F83/><REACH who="2" ten="220,210,180,380" step="2"/><W80/><REACH who="3" step="1"/><G45/><REACH who="3" ten="220,210,180,370" step="2"/><T115/><D135/><U15/><E81/><V23/><F23/><W108/><G108/><T21/><D134/><U3/><E20/><V33/><F33/><W5/><G5/><T50/><D115/><U79/><E3/><V56/><F56/><W37/><G37/><T99/><D129/><U8/><E8/><V53/><F53/><W130/><G130/><T105/><REACH who="0" step="1"/><D99/><AGARI ba="0,2" hai="22,25,30,38,42,46,74,77,80,89,92,99,124,127" machi="99" ten="40,5200,0" yaku="1,1,52,1,53,1" doraHai="43" doraHaiUra="86" who="3" fromWho="0" sc="220,-52,210,0,180,0,370,72" /><INIT seed="3,0,0,5,2,103" ten="168,210,180,442" oya="3" hai0="16,13,102,73,39,106,125,40,18,12,34,92,7" hai1="80,0,104,57,36,86,47,77,26,6,38,48,107" hai2="122,55,119,101,17,63,46,66,133,9,112,8,10" hai3="23,43,115,72,31,54,132,3,75,32,116,127,121"/><W21/><G115/><T62/><D34/><U61/><E26/><V64/><F119/><W29/><G116/><T49/><D73/><U37/><E6/><V135/><F112/><W11/><G121/><T52/><D125/><U58/><E0/><V120/><F17/><W28/><G32/><T71/><D92/><U45/><E58/><N who="2" m="35295" /><F46/><W126/><G43/><T84/><D84/><U44/><REACH who="1" step="1"/><E48/><REACH who="1" ten="168,200,180,442" step="2"/><V78/><F120/><W97/><G3/><T27/><D27/><U85/><E85/><V19/><F122/><W93/><G72/><T1/><D1/><U30/><E30/><V60/><F19/><W24/><G75/><T105/><D7/><U95/><E95/><V111/><F135/><W14/><G132/><T42/><D49/><U76/><E76/><V33/><F78/><W59/><G24/><T128/><D39/><U94/><E94/><V68/><F133/><W114/><G114/><T15/><D71/><U118/><E118/><V124/><F68/><W81/><G126/><T5/><D5/><U91/><E91/><V123/><F123/><W25/><G25/><T2/><D2/><U100/><E100/><V117/><F124/><W82/><G127/><T53/><D102/><U41/><E41/><V4/><F117/><W88/><G81/><T70/><D70/><U99/><E99/><V113/><F113/><W83/><G82/><T131/><D12/><U108/><E108/><V90/><F111/><W98/><G98/><T79/><D79/><U109/><E109/><V56/><F101/><W74/><G29/><T50/><D50/><U69/><E69/><RYUUKYOKU ba="0,1" sc="168,15,200,15,180,-15,442,-15" hai0="13,15,16,18,40,42,52,53,62,105,106,128,131" hai1="36,37,38,44,45,47,57,61,77,80,86,104,107" /><INIT seed="4,1,1,0,5,17" ten="183,215,165,427" oya="0" hai0="98,127,128,4,115,38,118,65,76,113,102,112,130" hai1="14,51,48,126,95,73,79,1,87,80,39,53,54" hai2="3,66,124,81,106,41,20,94,92,37,108,30,16" hai3="77,11,88,2,68,46,44,69,59,122,35,104,42"/><T85/><D38/><U34/><E1/><V28/><F106/><W8/><G35/><T57/><D65/><U111/><E39/><V100/><F3/><W26/><G104/><N who="0" m="63575" /><D57/><U5/><E34/><V58/><F108/><W6/><G122/><T55/><D55/><U133/><E111/><V114/><F114/><W10/><G59/><T22/><D22/><U52/><E133/><V31/><F124/><W50/><G46/><T91/><D4/><U36/><E36/><V90/><F100/><W47/><G47/><T62/><D62/><U78/><E126/><V19/><F19/><W45/><G45/><T110/><D110/><U125/><E125/><V129/><F129/><N who="0" m="49770" /><D127/><U61/><E61/><N who="2" m="38199" /><F41/><W103/><G6/><T75/><D118/><U96/><E78/><V134/><F134/><W43/><G43/><T9/><D9/><N who="1" m="4399" /><E73/><V93/><F81/><W86/><G42/><T24/><D24/><U132/><E132/><V82/><F82/><W97/><G26/><T83/><D75/><U67/><E67/><V117/><F117/><W120/><G2/><T60/><D60/><U25/><E25/><N who="2" m="14471" /><F37/><W105/><G8/><T64/><D64/><U109/><E109/><V71/><F71/><W121/><G10/><T135/><D135/><U32/><E32/><V116/><F116/><W56/><G11/><T23/><D23/><U15/><E15/><V29/><N who="2" m="7168" /><DORA hai="99" /><V63/><F63/><W84/><G68/><T131/><N who="0" m="49778" /><T119/><DORA hai="74" /><D119/><U49/><E48/><V123/><F123/><W72/><G120/><T27/><D27/><U70/><E70/><RYUUKYOKU ba="1,1" sc="183,10,215,10,165,10,427,-30" hai0="76,83,85,91,112,113,115" hai1="49,51,52,53,54,79,80,87,95,96" hai2="90,92,93,94" /><INIT seed="4,2,1,3,3,127" ten="193,225,175,397" oya="0" hai0="116,28,96,85,135,2,61,109,3,13,20,78,64" hai1="100,50,112,51,117,29,90,43,75,15,6,23,133" hai2="41,71,52,120,42,16,105,47,55,98,89,126,103" hai3="26,101,83,18,22,45,115,21,9,92,32,106,44"/><T94/><D116/><U87/><E75/><V57/><F126/><W33/><G106/><T46/><D135/><U58/><E117/><V79/><F120/><W17/><G115/><T76/><D109/><U124/><E124/><V88/><F71/><W74/><G9/><T19/><D3/><U37/><E37/><V130/><F79/><W60/><G60/><T104/><D2/><U84/><E100/><V7/><F7/><W121/><G121/><T132/><D132/><U34/><E34/><V123/><F123/><W53/><G83/><T102/><D46/><U69/><E69/><V91/><F130/><W93/><G74/><T49/><D49/><U131/><E43/><V114/><F114/><W1/><G1/><T95/><D28/><U10/><E131/><V30/><F30/><W99/><G92/><T122/><D122/><U68/><E68/><V86/><F16/><W77/><G77/><T12/><D12/><U66/><E87/><V48/><REACH who="2" step="1"/><F86/><REACH who="2" ten="193,225,165,397" step="2"/><W82/><G18/><T81/><D78/><U35/><E112/><V125/><F125/><W11/><G17/><T5/><D5/><U110/><E133/><V134/><F134/><W97/><G11/><T113/><D113/><U31/><E31/><V0/><F0/><W129/><G129/><T8/><D8/><U4/><E6/><V62/><AGARI ba="2,2" hai="41,42,47,48,52,55,57,62,88,89,91,98,103,105" machi="62" ten="30,7900,0" yaku="1,1,0,1,54,2,53,0" doraHai="127" doraHaiUra="70" who="2" fromWho="2" sc="193,-41,225,-22,165,105,397,-22" /><INIT seed="5,0,0,2,4,122" ten="152,203,270,375" oya="1" hai0="21,103,56,9,77,133,49,55,106,27,68,53,86" hai1="58,52,26,98,84,10,100,13,39,11,72,40,33" hai2="107,38,16,97,70,25,14,81,112,120,124,127,60" hai3="37,65,50,113,118,41,96,54,105,8,78,131,104"/><U23/><E72/><V62/><F120/><W2/><G113/><T12/><D68/><U89/><E33/><V95/><F38/><W123/><G123/><T87/><D133/><U109/><E39/><V114/><F107/><W24/><G131/><T128/><D128/><U15/><E40/><V63/><F25/><W69/><G78/><T91/><D77/><U83/><E109/><V47/><F81/><W71/><G24/><T22/><D106/><U117/><E117/><V76/><F47/><W73/><G73/><T90/><D103/><U36/><E36/><V7/><F7/><N who="3" m="1143" /><G96/><T48/><D27/><U79/><E79/><V6/><F6/><W110/><G71/><T19/><D87/><U29/><E13/><V119/><F119/><W32/><G32/><T31/><D31/><U61/><REACH who="1" step="1"/><E15/><REACH who="1" ten="152,193,270,375" step="2"/><V111/><F76/><W34/><G34/><T75/><D75/><U44/><E44/><V57/><F111/><W42/><G42/><T51/><D51/><U20/><E20/><N who="0" m="7785" /><D86/><U92/><AGARI ba="0,1" hai="10,11,23,26,29,52,58,61,83,84,89,92,98,100" machi="92" ten="20,12000,1" yaku="1,1,0,1,7,1,8,1,54,1,53,0" doraHai="122" doraHaiUra="66" who="1" fromWho="1" sc="152,-40,193,130,270,-40,375,-40" /><INIT seed="5,1,0,0,0,127" ten="112,323,230,335" oya="1" hai0="64,51,8,66,90,2,58,43,24,123,120,124,97" hai1="70,17,99,27,31,19,105,57,98,92,135,129,4" hai2="88,61,60,134,63,113,14,1,94,32,91,131,36" hai3="42,126,84,16,25,68,29,89,12,73,65,82,13"/><U110/><E70/><V38/><F1/><W71/><G126/><T26/><D124/><U35/><E135/><V6/><F32/><W132/><G132/><T59/><D2/><U125/><E125/><V116/><F116/><W0/><G0/><T54/><D8/><U53/><E4/><V76/><F134/><W78/><G42/><T47/><D97/><U106/><E110/><V22/><F113/><W96/><G96/><T95/><D95/><U21/><E129/><V128/><F76/><W45/><G45/><T18/><D18/><U34/><E17/><N who="2" m="10551" /><F6/><W109/><G109/><T15/><D15/><U52/><E53/><V108/><F108/><W74/><G12/><T5/><D90/><N who="2" m="34346" /><F94/><W20/><G65/><N who="0" m="25195" /><D5/><U72/><E72/><V33/><F33/><W117/><G117/><T10/><D10/><U67/><E67/><V9/><F9/><W102/><G102/><T41/><D24/><U86/><E34/><V39/><F39/><W133/><G133/><T130/><D26/><N who="1" m="14655" /><E86/><V112/><F112/><W7/><G7/><T69/><D130/><N who="2" m="49706" /><F36/><W75/><REACH who="3" step="1"/><G78/><REACH who="3" ten="112,323,230,325" step="2"/><T87/><D41/><U79/><E79/><V107/><F38/><W115/><G115/><T119/><D119/><U23/><E99/><V30/><F107/><W56/><G56/><N who="0" m="21547" /><D69/><U40/><E40/><V62/><N who="2" m="15360" /><DORA hai="50" /><V37/><F37/><W122/><G122/><N who="0" m="46635" /><D43/><U85/><E85/><AGARI ba="1,1" hai="47,51,54,85,87" m="46635,21547,25195" machi="85" ten="30,2000,0" yaku="13,1,52,1" doraHai="127,50" who="0" fromWho="1" sc="112,33,323,-23,230,0,325,0" /><INIT seed="6,0,0,5,1,4" ten="145,300,230,325" oya="2" hai0="60,123,55,84,17,25,26,107,128,29,101,42,113" hai1="111,129,115,45,132,23,39,19,74,1,63,64,33" hai2="127,15,100,112,18,16,94,68,66,46,22,6,122" hai3="96,2,36,120,35,67,135,41,102,10,89,62,50"/><V20/><F122/><W97/><G120/><T87/><D123/><U83/><E23/><V51/><F112/><W57/><G35/><T133/><D113/><U31/><E19/><V109/><F127/><W106/><G36/><T32/><D133/><U85/><E85/><V117/><F117/><W125/><G135/><T58/><D128/><U30/><E30/><V0/><F109/><W70/><G125/><T14/><D42/><N who="1" m="22751" /><E1/><V98/><F68/><W95/><G41/><T86/><D26/><U131/><E132/><V134/><F134/><W90/><G50/><T93/><D107/><U73/><E111/><V49/><F66/><W47/><G47/><T92/><REACH who="0" step="1"/><D101/><REACH who="0" ten="135,300,230,325" step="2"/><U78/><E115/><V82/><F100/><W104/><G104/><T48/><D48/><U110/><E110/><V71/><F51/><W69/><G106/><T118/><D118/><U37/><E37/><V80/><F71/><W91/><G70/><T59/><D59/><N who="1" m="36991" /><E129/><V8/><F49/><W121/><G121/><T3/><D3/><U81/><E131/><V79/><F46/><W75/><G102/><T24/><D24/><N who="1" m="18663" /><E73/><V114/><F114/><W72/><G69/><T105/><D105/><U52/><E52/><V76/><F0/><W130/><G130/><T126/><D126/><U124/><E124/><V65/><F15/><W34/><G2/><T27/><D27/><U12/><E12/><V44/><F44/><W53/><G53/><T99/><D99/><U119/><E119/><V108/><F98/><W13/><G96/><T61/><D61/><U7/><E74/><N who="3" m="28202" /><G34/><T43/><D43/><RYUUKYOKU ba="0,1" sc="135,15,300,-15,230,-15,325,15" hai0="14,17,25,29,32,55,58,60,84,86,87,92,93" hai3="10,13,57,62,67,89,90,91,95,97" /><INIT seed="7,1,1,2,1,115" ten="150,285,215,340" oya="3" hai0="106,19,110,79,23,95,88,103,111,126,90,44,119" hai1="94,80,3,102,2,78,118,97,121,38,76,56,52" hai2="13,35,104,96,20,62,11,81,9,61,30,67,6" hai3="43,31,21,33,75,65,18,77,54,7,134,127,82"/><W0/><G65/><T28/><D28/><U51/><E121/><V125/><F125/><W101/><G127/><T105/><D126/><U128/><E128/><V58/><F35/><W113/><G113/><T83/><D44/><U131/><E131/><V133/><F133/><W14/><G43/><T42/><D42/><U59/><E38/><V53/><F81/><W123/><G123/><T26/><D119/><U27/><E118/><V4/><F104/><W15/><G101/><T37/><D37/><U108/><E108/><V55/><F96/><W124/><G124/><T117/><D117/><U49/><E27/><N who="2" m="16743" /><F61/><W24/><G54/><N who="2" m="20489" /><F11/><N who="3" m="2535" /><G14/><T132/><D132/><AGARI ba="1,1" hai="15,18,21,24,31,33,75,77,82,132,134" m="2535" machi="132" ten="30,1500,0" yaku="24,1" doraHai="115" who="3" fromWho="0" sc="150,-18,285,0,215,0,340,28" owari="132,-36.8,285,8.5,215,-18.5,368,46.8" /></mjloggm>