<mjloggm ver="2.3"><GO type="169" lobby="0"/><UN n0="%E3%82%AB%E3%83%AB%E3%83%94%E3%82%B9%E3%82%B5%E3%83%AF%E3%83%BC" n1="%E3%83%8F%E3%83%B3%E3%83%81%E3%83%A7%E3%82%A6%E5%A4%A7%E6%A7%BB" n2="%71%75%65%79%69%6D%65%6E" n3="%E7%B4%94%E6%BD%94%E3%83%94%E3%83%A9%E3%83%8B%E3%82%A2" dan="17,16,16,16" rate="2218.60,2109.03,2121.20,2197.77" sx="M,M,M,M"/><TAIKYOKU oya="0"/><INIT seed="0,0,0,4,5,109" ten="250,250,250,250" oya="0" hai0="62,63,32,27,83,103,135,94,80,111,85,112,31" hai1="35,45,69,99,123,65,39,16,8,55,43,121,54" hai2="3,7,52,78,59,82,72,10,4,93,56,64,34" hai3="18,25,71,58,22,15,125,49,107,81,1,75,130"/><T101/><D135/><U9/><E35/><V126/><F126/><W98/><G71/><T2/><D2/><U96/><E69/><V29/><F7/><W66/><G1/><T26/><D111/><U74/><E74/><V84/><F64/><W21/><G125/><T134/><D134/><U113/><E65/><V11/><F11/><W86/><G75/><T5/><D5/><U116/><E116/><V90/><F59/><W19/><G130/><T46/><D46/><U91/><E91/><V60/><F29/><W127/><G127/><T37/><D37/><U38/><E43/><V133/><REACH who="2" step="1"/><F34/><REACH who="2" ten="250,250,240,250" step="2"/><W110/><G110/><T114/><D32/><U79/><E45/><V128/><F128/><W20/><G66/><T0/><D31/><U100/><E8/><V67/><F67/><W95/><G22/><T44/><D44/><U102/><E9/><V17/><F17/><W108/><G108/><T14/><D0/><U68/><E68/><V117/><F117/><W33/><G33/><T40/><D63/><U57/><E57/><V97/><F97/><W41/><G58/><T73/><D62/><U104/><E16/><V47/><F47/><W6/><G6/><T88/><D40/><U120/><E120/><V36/><F36/><W118/><G118/><T131/><D131/><U28/><E28/><V24/><F24/><W61/><G61/><T50/><D26/><U106/><REACH who="1" step="1"/><E79/><REACH who="1" ten="250,240,240,250" step="2"/><V12/><F12/><N who="3" m="9287" /><G41/><T23/><D14/><U92/><E92/><V122/><F122/><W105/><G15/><T124/><D124/><U132/><E132/><AGARI ba="0,2" hai="3,4,10,52,56,60,72,78,82,84,90,93,132,133" machi="132" ten="40,2600,0" yaku="1,1,54,1,53,0" doraHai="109" doraHaiUra="42" who="2" fromWho="1" sc="250,0,240,-26,240,46,250,0" /><INIT seed="1,0,0,4,3,58" ten="250,214,286,250" oya="1" hai0="74,62,20,107,52,95,129,31,64,132,25,6,8" hai1="40,80,125,49,78,34,92,67,90,14,117,51,30" hai2="113,87,77,1,108,41,3,127,111,85,109,123,37" hai3="24,68,10,124,119,91,22,11,35,71,55,4,17"/><U13/><E117/><V59/><F127/><W60/><G124/><T28/><D107/><U134/><E125/><V96/><F123/><W48/><G119/><T104/><D104/><U126/><E126/><V27/><F113/><W128/><G128/><T118/><D118/><U131/><E131/><V73/><F96/><W112/><G112/><T57/><D129/><U89/><E34/><V106/><F106/><W32/><G91/><T103/><D74/><U9/><E30/><V56/><F37/><W69/><G10/><T116/><D116/><U39/><E39/><V33/><F41/><W79/><G79/><T83/><D132/><U76/><E67/><V97/><F97/><W121/><G121/><T15/><D83/><U102/><E102/><V82/><F59/><W47/><REACH who="3" step="1"/><G60/><REACH who="3" ten="250,214,286,240" step="2"/><T98/><REACH who="0" step="1"/><D64/><REACH who="0" ten="240,214,286,240" step="2"/><U2/><E134/><V110/><F108/><W16/><G16/><AGARI ba="0,2" hai="6,8,15,16,20,25,28,31,52,57,62,95,98,103" machi="16" ten="30,16000,3" yaku="1,1,2,1,7,1,8,1,52,1,54,2,53,1" doraHai="58" doraHaiUra="93" who="0" fromWho="3" sc="240,180,214,0,286,0,240,-160" /><INIT seed="2,0,0,0,1,98" ten="420,214,286,80" oya="2" hai0="55,78,19,75,9,56,116,131,60,51,33,96,71" hai1="59,106,79,63,86,124,7,15,52,83,104,112,53" hai2="68,54,36,32,88,129,5,28,42,64,123,89,48" hai3="91,76,21,0,69,125,8,110,115,65,122,72,128"/><V24/><F123/><W93/><G122/><T17/><D33/><U41/><E112/><V77/><F129/><W58/><G115/><T34/><D34/><U27/><E124/><V127/><F127/><W66/><G125/><T92/><D131/><U45/><E27/><V23/><F77/><W20/><G69/><T82/><D116/><U107/><E53/><V133/><F133/><W103/><G110/><T90/><D71/><U40/><E7/><V67/><F5/><W29/><G72/><T111/><D111/><U108/><E15/><V74/><F74/><W87/><G76/><T43/><D43/><U132/><E108/><V47/><F32/><W113/><G113/><T22/><D9/><U134/><REACH who="1" step="1"/><E41/><REACH who="1" ten="420,204,286,80" step="2"/><V109/><F109/><W121/><G121/><T49/><D17/><U26/><E26/><AGARI ba="0,1" hai="19,22,26,49,51,55,56,60,75,78,82,90,92,96" machi="26" ten="30,3900,0" yaku="7,1,25,2" doraHai="98" who="0" fromWho="1" sc="420,49,204,-39,286,0,80,0" /><INIT seed="3,0,0,2,5,69" ten="469,165,286,80" oya="3" hai0="65,73,129,101,123,11,76,46,117,109,35,18,86" hai1="41,47,103,13,82,51,24,28,120,50,40,119,61" hai2="48,113,39,87,114,85,44,29,96,21,133,75,10" hai3="70,90,81,121,16,97,25,56,4,79,84,110,34"/><W74/><G70/><T27/><D117/><U127/><E119/><V6/><F75/><W89/><G121/><T78/><D123/><U106/><E127/><V32/><F32/><W135/><G135/><T23/><D109/><U38/><E120/><V67/><F133/><W42/><G4/><T63/><D129/><U111/><E111/><V134/><F39/><W104/><G110/><T49/><D73/><U126/><E126/><V94/><F67/><W66/><G42/><T43/><D35/><U98/><E13/><V54/><F134/><W36/><G36/><T33/><D33/><U2/><E2/><V52/><F54/><W12/><G34/><T72/><D72/><U17/><E17/><V15/><F114/><W30/><G30/><T118/><D118/><U83/><E61/><V105/><F105/><W19/><G74/><T122/><D122/><U58/><E41/><V102/><F113/><W88/><G25/><AGARI ba="0,0" hai="6,10,15,21,25,29,44,48,52,85,87,94,96,102" machi="25" ten="40,2600,0" yaku="8,1,54,1" doraHai="69" who="2" fromWho="3" sc="469,0,165,0,286,26,80,-26" /><INIT seed="4,0,0,2,0,54" ten="469,165,312,54" oya="0" hai0="134,74,21,129,0,101,63,85,32,56,115,108,124" hai1="80,117,23,33,50,88,34,9,15,1,55,91,102" hai2="7,67,44,97,69,61,99,52,103,79,135,133,78" hai3="112,3,104,24,114,12,76,10,40,57,113,65,16"/><T83/><D32/><U58/><E117/><V130/><F7/><W123/><G104/><T6/><D74/><U70/><E70/><V110/><F110/><W125/><G125/><T8/><D124/><U59/><E1/><V60/><F130/><W132/><G132/><N who="2" m="50761" /><F97/><W68/><G123/><T84/><D134/><U109/><E102/><V98/><F99/><W17/><G3/><T95/><D129/><U14/><E109/><V39/><F39/><W5/><G68/><T131/><D131/><U37/><E37/><V26/><F26/><W82/><G40/><T29/><D108/><U118/><E118/><V73/><F73/><W18/><G24/><T48/><D115/><U120/><E120/><V62/><F62/><N who="3" m="38095" /><G5/><T89/><D48/><U111/><E111/><V30/><F30/><W51/><G51/><T72/><D72/><AGARI ba="0,0" hai="10,12,16,17,18,72,76,82,112,113,114" m="38095" machi="72" ten="30,3900,0" yaku="15,1,52,1,54,1" doraHai="54" who="3" fromWho="0" sc="469,-39,165,0,312,0,54,39" /><INIT seed="5,0,0,1,1,15" ten="430,165,312,93" oya="1" hai0="91,64,74,78,46,38,67,90,54,114,42,6,7" hai1="93,35,11,110,51,50,3,85,102,101,61,43,33" hai2="112,40,60,118,13,14,97,75,126,23,47,52,65" hai3="27,79,17,84,87,103,20,119,71,1,39,123,100"/><U21/><E110/><V109/><F118/><W63/><G123/><T111/><D111/><U83/><E33/><V124/><F75/><W105/><G1/><T57/><D114/><U69/><E35/><V81/><F109/><W45/><G119/><T44/><D78/><U25/><E69/><V120/><F120/><W58/><G71/><T127/><D74/><U72/><E72/><V5/><F81/><W48/><G39/><T129/><D129/><U88/><E61/><V10/><F97/><W77/><G105/><T76/><D76/><U70/><E70/><V89/><F89/><W121/><G121/><T94/><D127/><N who="2" m="48682" /><F65/><W116/><G116/><T104/><D104/><U56/><E83/><V66/><F66/><W133/><G133/><T8/><D90/><U80/><E80/><V9/><F23/><W37/><G37/><T113/><D113/><U2/><E2/><V108/><F108/><W128/><G128/><T86/><D64/><U73/><E73/><V122/><F122/><W22/><G77/><T115/><D115/><U99/><E99/><V130/><F130/><W95/><G20/><T132/><D132/><U12/><E3/><V82/><F82/><N who="3" m="47199" /><G87/><T41/><D67/><U4/><E43/><V92/><F92/><W68/><G68/><T49/><REACH who="0" step="1"/><D8/><REACH who="0" ten="420,165,312,93" step="2"/><U36/><E36/><AGARI ba="0,1" hai="6,7,36,38,41,42,44,46,49,54,57,86,91,94" machi="36" ten="30,7700,0" yaku="1,1,2,1,7,1,9,1,53,0" doraHai="15" doraHaiUra="32" who="0" fromWho="1" sc="420,87,165,-77,312,0,93,0" /><INIT seed="6,0,0,3,3,11" ten="507,88,312,93" oya="2" hai0="6,14,132,62,57,133,66,9,93,86,28,44,29" hai1="117,10,8,63,24,55,64,101,72,107,50,82,105" hai2="131,124,58,22,96,135,116,21,26,59,73,71,48" hai3="31,1,61,87,52,134,36,74,70,0,78,126,30"/><V97/><F116/><W7/><G74/><T56/><D44/><U5/><E117/><V75/><F71/><W76/><G36/><T79/><D57/><U27/><E10/><V38/><F26/><W91/><G134/><N who="0" m="51819" /><D93/><U121/><E121/><V106/><F135/><W40/><G40/><T92/><D92/><U43/><E43/><V120/><F48/><W89/><G126/><T42/><D42/><U90/><E105/><V109/><F106/><W98/><G7/><T60/><D60/><U102/><E102/><V95/><F95/><W39/><G39/><T128/><D128/><U3/><E101/><V118/><F38/><W35/><G35/><T45/><D45/><U77/><E90/><V32/><F32/><W12/><G61/><T65/><D65/><U100/><E100/><V68/><F68/><W18/><G70/><T16/><D6/><U23/><E107/><V25/><F118/><W46/><G98/><T115/><D115/><U15/><E63/><V84/><F84/><W108/><G46/><T80/><AGARI ba="0,0" hai="9,14,16,28,29,56,62,66,79,80,86" m="51819" machi="80" ten="30,4000,0" yaku="20,1,52,1,54,1" doraHai="11" who="0" fromWho="0" sc="507,40,88,-10,312,-20,93,-10" /><INIT seed="7,0,0,5,1,84" ten="547,78,292,83" oya="3" hai0="103,16,13,133,47,39,117,92,63,126,24,60,50" hai1="127,45,17,83,82,75,18,95,52,49,7,101,134" hai2="40,118,85,54,77,22,89,20,38,115,25,0,35" hai3="69,19,21,31,12,42,107,68,46,125,91,3,97"/><W135/><G3/><T108/><D108/><U129/><E75/><V27/><F0/><W123/><G123/><T114/><D39/><U5/><E129/><V30/><F118/><W48/><G125/><T65/><D117/><U102/><E134/><V121/><F115/><W6/><G135/><T99/><D133/><U73/><E73/><V109/><F109/><W106/><G6/><N who="1" m="2058" /><E127/><V61/><F77/><W72/><G72/><T80/><D126/><U29/><E29/><V76/><F76/><W128/><G128/><T66/><D24/><U28/><E28/><V112/><F35/><W62/><G31/><T122/><D80/><N who="1" m="30763" /><E95/><V14/><F25/><W71/><REACH who="3" step="1"/><G62/><REACH who="3" ten="547,78,292,73" step="2"/><T124/><D63/><U74/><E74/><V9/><F61/><W15/><G15/><T113/><D122/><U58/><E45/><V94/><F14/><W79/><G79/><T78/><D78/><U132/><E132/><V53/><F121/><W55/><G55/><N who="0" m="30175" /><D60/><U57/><E57/><V86/><F53/><W67/><G67/><T111/><D124/><U120/><E120/><V8/><F30/><W2/><G2/><T87/><D66/><U98/><E98/><V93/><F54/><W100/><G100/><AGARI ba="0,1" hai="17,18,49,52,58,100,101,102" m="30763,2058" machi="100" ten="30,2000,0" yaku="8,1,54,1" doraHai="84" who="1" fromWho="3" sc="547,0,78,30,292,0,73,-20" owari="547,64.7,108,-29.2,292,9.2,53,-44.7" /></mjloggm>