<mjloggm ver="2.3"><GO type="169" lobby="0"/><UN n0="%E8%B4%88%E4%BA%BA%E8%A9%A9%E6%96%BC%E5%A4%A2" n1="%72%65%6E%6A%69%38%33" n2="%74%6B%34%32" n3="%E9%9B%AA%E3%81%AE%E8%8F%AF" dan="17,17,16,16" rate="2203.96,2224.23,2101.24,2085.37" sx="M,M,M,F"/><TAIKYOKU oya="0"/><INIT seed="0,0,0,4,0,88" ten="250,250,250,250" oya="0" hai0="94,80,114,28,14,8,34,102,135,22,51,16,65" hai1="133,17,108,104,55,93,76,67,36,121,27,6,119" hai2="110,7,33,123,109,77,103,10,130,35,126,105,4" hai3="98,43,68,90,38,113,18,79,78,53,134,25,132"/><T115/><D135/><N who="3" m="51753" /><G113/><T54/><D65/><U122/><E119/><V45/><F123/><W125/><G68/><T100/><D34/><U71/><E104/><V32/><F77/><W116/><G116/><T47/><D114/><U0/><E36/><V127/><F103/><W46/><G53/><T2/><D115/><U89/><E76/><V99/><F99/><W39/><G39/><T128/><D128/><U63/><E108/><N who="2" m="41579" /><F45/><W70/><G70/><T96/><D80/><U23/><E55/><V72/><F72/><W131/><G125/><N who="2" m="47625" /><F105/><W29/><G18/><T86/><D86/><U58/><E133/><V48/><F48/><W97/><G97/><T31/><REACH who="0" step="1"/><D102/><REACH who="0" ten="240,250,250,250" step="2"/><U40/><E121/><V49/><F130/><W95/><G131/><T117/><D117/><U26/><E122/><V1/><F49/><W11/><G11/><T42/><D42/><U57/><E40/><V92/><F7/><AGARI ba="0,1" hai="2,7,8,14,16,22,28,31,47,51,54,94,96,100" machi="7" ten="40,7700,0" yaku="1,1,52,1,54,1,53,0" doraHai="88" doraHaiUra="106" who="0" fromWho="2" sc="240,87,250,0,250,-77,250,0" /><INIT seed="0,1,0,1,1,41" ten="327,250,173,250" oya="0" hai0="105,7,52,89,13,57,126,131,79,4,135,83,133" hai1="53,43,122,42,113,100,86,69,14,77,22,78,111" hai2="11,64,35,58,72,34,93,130,33,29,118,0,102" hai3="12,121,38,49,73,134,101,21,50,125,71,65,30"/><T51/><D105/><U17/><E122/><V103/><F130/><W128/><G38/><T94/><D126/><U16/><E111/><V95/><F72/><W70/><G73/><T45/><D57/><U40/><E113/><V27/><F118/><W19/><G125/><T92/><D131/><U116/><E116/><V63/><F95/><N who="0" m="36394" /><D89/><U97/><E69/><V66/><F66/><W91/><G101/><T96/><D96/><U2/><E2/><V127/><F127/><W23/><G121/><T110/><D13/><N who="1" m="9487" /><E97/><V80/><F80/><W36/><G36/><T106/><D106/><U8/><E100/><V61/><F61/><W39/><G39/><T76/><D110/><U5/><E5/><N who="0" m="2121" /><D83/><N who="1" m="47471" /><E78/><N who="0" m="29737" /><D133/><U132/><E132/><V31/><F102/><W24/><G134/><T117/><D117/><U44/><E53/><V1/><F93/><W107/><G128/><T32/><D32/><U6/><E6/><V18/><F103/><W115/><G107/><T15/><D135/><U48/><AGARI ba="1,0" hai="8,14,17,40,42,43,44,48" m="47471,9487" machi="48" ten="30,4000,0" yaku="8,1,52,1,54,1" doraHai="41" who="1" fromWho="1" sc="327,-21,250,43,173,-11,250,-11" /><INIT seed="1,0,0,0,3,59" ten="306,293,162,239" oya="1" hai0="74,89,122,37,126,46,42,99,78,18,12,19,121" hai1="36,104,54,100,120,92,81,72,65,71,94,96,91" hai2="93,44,34,115,106,3,25,1,23,40,105,29,6" hai3="69,51,33,41,63,20,47,109,15,66,132,30,38"/><U57/><E36/><V127/><F127/><W76/><G109/><T98/><D18/><U68/><E120/><N who="0" m="46185" /><D89/><U52/><E65/><V50/><F115/><W16/><G132/><T13/><D13/><U21/><E94/><V58/><F3/><W9/><G76/><T55/><D55/><U133/><E133/><V116/><F116/><W70/><G70/><T112/><D126/><U77/><E21/><V32/><F32/><W135/><G135/><T31/><D31/><U111/><E111/><V53/><F93/><W107/><G107/><T87/><D74/><U101/><E54/><V118/><F34/><W17/><G38/><T4/><D4/><U125/><E101/><V10/><REACH who="2" step="1"/><F118/><REACH who="2" ten="306,293,152,239" step="2"/><W49/><G33/><T60/><D112/><U108/><E125/><V110/><F110/><W5/><REACH who="3" step="1"/><G49/><AGARI ba="0,1" hai="1,6,10,23,25,29,40,44,49,50,53,58,105,106" machi="49" ten="30,2000,0" yaku="1,1,7,1,53,0" doraHai="59" doraHaiUra="61" who="2" fromWho="3" sc="306,0,293,0,152,30,239,-20" /><INIT seed="2,0,0,0,5,80" ten="306,293,182,219" oya="2" hai0="11,88,68,67,27,123,3,128,42,0,28,130,59" hai1="41,135,35,74,24,103,78,33,69,87,71,1,12" hai2="16,124,22,73,56,10,110,62,21,4,29,58,13" hai3="26,99,46,36,40,114,50,45,49,126,25,91,90"/><V39/><F124/><W111/><G111/><T105/><D123/><U76/><E1/><V48/><F39/><W9/><G114/><T17/><D68/><U122/><E74/><V127/><F127/><W97/><G126/><T75/><D75/><U57/><E103/><V44/><F73/><W113/><G113/><T32/><D105/><U118/><E118/><V100/><F110/><W52/><G36/><T101/><D101/><U60/><E41/><V37/><F37/><W5/><G97/><T7/><D42/><U95/><E135/><V125/><F125/><W117/><G117/><T8/><D59/><U112/><E78/><V85/><F100/><W38/><G38/><T102/><D102/><U30/><E35/><V134/><F29/><W108/><G108/><T47/><D47/><U81/><E122/><V66/><F58/><W18/><G18/><T132/><D67/><U20/><E95/><V92/><F4/><W94/><REACH who="3" step="1"/><G91/><REACH who="3" ten="306,293,182,209" step="2"/><T93/><D17/><U19/><REACH who="1" step="1"/><E112/><REACH who="1" ten="306,283,182,209" step="2"/><V70/><F134/><W106/><G106/><T86/><D132/><U79/><E79/><V96/><F70/><W109/><G109/><T2/><D7/><U89/><E89/><N who="2" m="53295" /><F96/><W131/><G131/><AGARI ba="0,2" hai="0,2,3,8,11,27,28,32,86,88,93,128,130,131" machi="131" ten="50,6400,0" yaku="19,1,52,1,54,1" doraHai="80" who="0" fromWho="3" sc="306,84,283,0,182,0,209,-64" /><INIT seed="3,0,0,3,0,92" ten="390,283,182,145" oya="3" hai0="119,97,69,106,25,103,4,121,53,134,10,9,102" hai1="89,2,54,71,31,108,110,48,59,74,28,16,81" hai2="77,117,135,42,123,87,98,86,47,99,112,55,64" hai3="78,12,133,13,107,27,100,5,44,1,83,84,11"/><W62/><G133/><T61/><D119/><U8/><E71/><V7/><F112/><W129/><G129/><T40/><D121/><U24/><E2/><V23/><F117/><W116/><G116/><T41/><D103/><U43/><E43/><V17/><F135/><W21/><G62/><T101/><D101/><U127/><E127/><V118/><F118/><W14/><G44/><T126/><D126/><U96/><E74/><V109/><F109/><N who="1" m="42089" /><E81/><V85/><F7/><W22/><REACH who="3" step="1"/><G27/><REACH who="3" ten="390,283,182,135" step="2"/><T76/><D25/><U66/><E24/><N who="2" m="14447" /><F123/><W35/><G35/><T26/><D26/><U32/><E32/><V80/><F64/><W3/><G3/><T36/><D61/><U122/><E66/><V125/><F125/><W6/><G6/><T131/><D4/><U82/><E122/><V37/><F37/><W120/><G120/><T114/><D36/><U73/><E31/><V70/><F70/><W94/><G94/><T88/><D131/><U132/><E28/><V113/><F113/><W33/><G33/><T45/><D114/><U19/><E132/><V104/><F104/><W95/><G95/><T15/><D106/><U128/><E128/><V52/><F47/><W91/><G91/><T39/><D88/><U38/><E89/><N who="2" m="51367" /><F42/><W56/><G56/><T68/><D45/><U93/><E59/><V65/><F65/><W58/><G58/><T67/><D40/><U18/><E38/><V63/><F63/><W34/><G34/><T75/><D41/><U46/><E46/><V79/><F79/><W124/><G124/><T57/><D76/><N who="1" m="44303" /><E93/><V90/><F90/><RYUUKYOKU ba="0,1" sc="390,-10,283,-10,182,-10,135,30" hai3="1,5,11,12,13,14,21,22,78,83,84,100,107" /><INIT seed="3,1,1,2,2,86" ten="380,273,172,165" oya="3" hai0="3,120,83,63,71,127,51,6,110,100,8,34,70" hai1="74,94,59,36,89,114,129,9,60,55,75,5,101" hai2="14,2,23,99,105,134,92,57,35,98,80,54,24" hai3="96,77,21,45,38,40,93,88,42,44,53,126,65"/><W12/><G126/><T52/><D120/><U0/><E114/><V76/><F134/><W104/><G104/><T135/><D110/><U46/><E129/><V112/><F2/><W102/><G77/><T11/><D127/><U26/><E101/><V31/><F112/><W37/><G65/><T18/><D34/><U82/><E82/><V50/><F105/><W79/><G79/><T78/><D100/><U125/><E125/><V69/><F69/><W19/><G53/><T68/><D18/><U62/><E62/><V133/><F133/><W130/><G102/><T106/><D11/><U58/><E58/><V84/><F35/><W128/><AGARI ba="1,1" hai="12,19,21,37,38,40,42,44,45,88,93,96,128,130" machi="128" ten="30,11700,0" yaku="0,1,9,1,52,1,54,1" doraHai="86" who="3" fromWho="3" sc="380,-40,273,-40,172,-40,165,130" /><INIT seed="3,2,0,1,5,84" ten="340,233,132,295" oya="3" hai0="14,27,90,50,64,32,33,43,104,82,131,41,8" hai1="118,120,15,98,69,102,6,91,62,56,86,21,30" hai2="96,129,92,99,17,85,76,46,134,38,105,4,57" hai3="74,109,35,23,55,25,126,106,19,83,36,48,73"/><W125/><G106/><T79/><D104/><U68/><E120/><V13/><F129/><W117/><G117/><T63/><D131/><U58/><E118/><V51/><F134/><W44/><G109/><T67/><D67/><U66/><E58/><V135/><F135/><W110/><G110/><T133/><D133/><U3/><E3/><V22/><F105/><W88/><G36/><T93/><D82/><N who="1" m="49623" /><E15/><V31/><F38/><W71/><G71/><T94/><D79/><U130/><E6/><V0/><F31/><W52/><G35/><T12/><D27/><N who="1" m="16751" /><E130/><V45/><F4/><W124/><G55/><T42/><D14/><U59/><E59/><V2/><F2/><W107/><G107/><T39/><D32/><U9/><E9/><V37/><F0/><W95/><G83/><T10/><D12/><U11/><E11/><N who="0" m="4137" /><D33/><U80/><E80/><N who="2" m="47239" /><F37/><W127/><G127/><T24/><D24/><U28/><E28/><V111/><F111/><W16/><G19/><T132/><D132/><U121/><E121/><V128/><F128/><W89/><G89/><T75/><D90/><U100/><E100/><N who="2" m="60423" /><F99/><AGARI ba="2,0" hai="16,23,25,44,48,52,73,74,88,95,99,124,125,126" machi="99" ten="40,12000,1" yaku="18,1,52,1,54,3" doraHai="84" who="3" fromWho="2" sc="340,0,233,0,132,-126,295,126" /><INIT seed="3,3,0,5,3,121" ten="340,233,6,421" oya="3" hai0="58,60,11,63,9,7,134,126,113,57,1,118,59" hai1="135,71,128,108,93,16,46,4,44,132,42,95,106" hai2="56,77,61,65,13,54,123,127,84,107,82,70,48" hai3="53,91,32,86,68,88,111,22,21,67,26,99,0"/><W109/><G0/><T29/><D118/><U8/><E71/><V23/><F127/><W80/><G68/><T12/><D126/><U75/><E106/><V47/><F123/><W66/><G32/><T38/><D38/><U51/><E75/><V5/><F107/><W110/><G53/><T72/><D72/><U101/><E128/><V78/><F78/><W73/><G73/><T69/><D134/><N who="1" m="51243" /><E108/><V10/><F23/><N who="3" m="8715" /><G26/><T43/><D43/><N who="1" m="24991" /><E16/><N who="2" m="8247" /><F70/><W28/><G28/><T98/><D29/><U94/><E101/><V112/><F112/><W62/><G62/><T130/><D69/><U25/><E25/><V125/><F125/><W74/><G74/><T30/><D30/><U45/><E42/><V81/><F81/><W33/><G33/><T124/><D113/><U133/><N who="1" m="51251" /><U87/><DORA hai="64" /><E87/><V117/><F117/><W35/><G35/><T37/><D130/><U90/><E90/><N who="2" m="51479" /><F5/><W100/><G91/><T49/><D124/><U105/><E105/><AGARI ba="3,0" hai="66,67,80,86,88,99,100,105,109,110,111" m="8715" machi="105" ten="30,18000,2" yaku="14,1,10,1,52,3,54,1" doraHai="121,64" who="3" fromWho="1" sc="340,0,233,-189,6,0,421,189" /><INIT seed="3,4,0,0,4,71" ten="340,44,6,610" oya="3" hai0="102,18,127,125,131,12,92,108,132,114,122,34,9" hai1="85,20,40,31,37,124,6,41,64,5,84,43,48" hai2="27,42,79,24,100,47,130,107,73,56,44,91,65" hai3="82,123,70,62,116,7,118,86,60,110,98,113,4"/><W120/><G113/><T117/><D92/><U135/><E37/><V83/><F130/><W74/><G74/><T0/><D102/><U19/><E124/><V26/><F107/><W2/><G110/><T105/><D9/><U57/><E135/><V22/><F100/><W101/><G70/><T90/><D12/><U109/><E31/><V17/><F91/><W52/><G7/><N who="1" m="2570" /><E109/><V38/><F47/><W33/><G33/><T45/><D90/><U72/><E72/><V36/><F36/><W81/><G4/><T67/><D18/><U50/><E64/><V134/><F134/><W133/><G2/><T25/><D25/><N who="1" m="14495" /><E57/><V28/><F28/><W126/><G126/><T21/><D21/><U63/><E63/><V87/><F73/><W61/><G133/><T129/><D45/><U14/><E14/><V96/><F96/><W94/><G116/><T99/><D67/><U69/><E69/><V53/><F65/><W35/><G118/><T128/><D99/><U13/><E13/><V104/><F104/><W46/><G35/><T75/><D127/><U115/><E115/><V10/><F10/><W49/><REACH who="3" step="1"/><G86/><AGARI ba="4,0" hai="40,41,43,48,50,84,85,86" m="14495,2570" machi="86" ten="30,1000,0" yaku="8,1" doraHai="71" who="1" fromWho="3" sc="340,0,44,22,6,0,610,-22" /><INIT seed="4,0,0,1,0,74" ten="340,66,6,588" oya="0" hai0="82,10,91,25,17,65,80,38,97,69,111,3,9" hai1="20,51,105,44,98,39,54,123,48,11,76,4,121" hai2="128,30,42,133,5,12,1,36,23,127,122,110,8" hai3="47,112,114,55,132,66,87,83,61,118,53,81,86"/><T108/><D38/><U60/><E39/><V16/><F122/><W119/><G47/><T68/><D65/><U63/><E20/><V106/><F106/><W14/><G14/><N who="0" m="7375" /><D25/><U56/><E76/><V100/><F36/><W102/><G102/><T67/><D97/><U13/><E51/><V107/><F42/><W41/><G41/><T126/><D126/><U77/><E77/><V95/><F110/><N who="0" m="42026" /><D67/><U115/><E115/><V89/><F127/><W45/><G66/><T19/><D19/><U131/><E121/><V129/><F133/><W2/><G132/><T103/><D103/><U32/><E123/><V113/><F113/><W7/><G114/><T58/><D58/><U27/><E56/><V6/><F100/><W59/><G112/><T73/><D91/><U116/><E98/><V29/><F107/><W21/><G119/><T57/><D57/><U34/><E105/><V85/><F5/><W96/><G118/><T52/><D52/><U15/><E27/><V109/><F109/><W43/><G53/><T50/><D50/><U134/><E134/><V120/><F120/><W101/><G96/><T40/><D40/><U62/><E116/><V26/><F30/><W125/><G101/><T117/><D117/><U18/><E18/><V92/><F92/><W24/><G125/><T130/><D130/><U70/><E131/><V72/><F72/><W104/><G43/><T79/><D82/><U135/><E135/><V75/><F75/><W22/><G81/><T37/><D37/><U78/><E54/><V88/><F89/><W49/><G55/><T31/><D31/><RYUUKYOKU ba="0,0" sc="340,15,66,-15,6,15,588,-15" hai0="3,10,68,69,73,79,80" hai2="1,6,8,12,16,23,26,29,85,88,95,128,129" /><INIT seed="4,1,0,0,3,100" ten="355,51,21,573" oya="0" hai0="112,76,39,63,119,67,30,121,59,84,3,25,87" hai1="6,4,109,92,46,75,52,33,60,113,74,93,120" hai2="115,41,8,53,48,45,62,122,108,111,98,135,64" hai3="18,15,10,131,95,68,106,80,114,20,86,90,54"/><T24/><D119/><U117/><E109/><V73/><F122/><W99/><G68/><T2/><D39/><U91/><E117/><V61/><F73/><W32/><G114/><T105/><D121/><U29/><E120/><V42/><F115/><W1/><G32/><T116/><D116/><U77/><E113/><V126/><F135/><W43/><G43/><T44/><D112/><U66/><E29/><V130/><F98/><W81/><G131/><T35/><D44/><U89/><E33/><V94/><F94/><W102/><G1/><T0/><D76/><U23/><E23/><V82/><F82/><W34/><G34/><T27/><D30/><U97/><E52/><N who="2" m="29711" /><F8/><W70/><G70/><T110/><D35/><U127/><E46/><V58/><F126/><W56/><G10/><T11/><D11/><U96/><E127/><V21/><F21/><W65/><G65/><T101/><D110/><N who="2" m="42026" /><F130/><W31/><G31/><T38/><D38/><U103/><E103/><V118/><F118/><W37/><G37/><T16/><D16/><U72/><REACH who="1" step="1"/><E77/><REACH who="1" ten="355,41,21,573" step="2"/><V55/><F55/><W40/><G40/><T133/><D133/><U5/><E5/><V17/><F17/><W49/><AGARI ba="1,1" hai="15,18,20,49,54,56,80,81,86,90,95,99,102,106" machi="49" ten="20,8000,1" yaku="0,1,7,1,25,2,52,1" doraHai="100" who="3" fromWho="3" sc="355,-41,41,-21,21,-21,573,93" /><INIT seed="5,0,0,0,3,92" ten="314,20,0,666" oya="1" hai0="100,18,64,2,43,44,7,81,98,60,39,61,117" hai1="46,21,130,111,88,126,36,13,19,121,116,74,6" hai2="16,96,12,104,108,75,24,122,66,91,41,83,45" hai3="103,70,50,112,84,115,125,65,73,97,20,5,54"/><U51/><E116/><V101/><F108/><W82/><G125/><T76/><D61/><U48/><E121/><V22/><F122/><W106/><G73/><T33/><D18/><U49/><E74/><V42/><F66/><W123/><G123/><T135/><D135/><U109/><E126/><V85/><F75/><W31/><G5/><T40/><D40/><U59/><E130/><V32/><F32/><W23/><G65/><T14/><D14/><U89/><E6/><V11/><F45/><W124/><G70/><T25/><D117/><U34/><E34/><V78/><F78/><N who="3" m="46167" /><G124/><T1/><D7/><U53/><E36/><V9/><F9/><W113/><G31/><T15/><D15/><U127/><E127/><V118/><F118/><W114/><G114/><T28/><D81/><U68/><E68/><V95/><F104/><W99/><G99/><T38/><D76/><U27/><E13/><V79/><F79/><W120/><G120/><T77/><D77/><U47/><E109/><V128/><F128/><W129/><G129/><T131/><D39/><U57/><E111/><V80/><F80/><W107/><G107/><T26/><D26/><U30/><E30/><AGARI ba="0,0" hai="11,12,16,22,24,30,41,42,83,85,91,95,96,101" machi="30" ten="30,7700,0" yaku="7,1,8,1,52,1,54,1" doraHai="92" who="2" fromWho="1" sc="314,0,20,-77,0,77,666,0" owari="314,11.4,-57,-55.7,77,-32.3,666,76.6" /></mjloggm>